{"originalCurrency": "USD", "convertedCurrency": "USD", "report": [{"date": "2023-12-31", "symbol": "CPK", "reportedCurrency": "USD", "cik": "0000019745", "fillingDate": "2024-02-21", "acceptedDate": "2024-02-21 16:55:39", "calendarYear": "2023", "period": "FY", "revenue": 670604000, "costOfRevenue": 415320000, "grossProfit": 255284000, "grossProfitRatio": 0.3806777174, "researchAndDevelopmentExpenses": 0, "generalAndAdministrativeExpenses": 0, "sellingAndMarketingExpenses": 0, "sellingGeneralAndAdministrativeExpenses": 3361000, "otherExpenses": 1438000, "operatingExpenses": 94126000, "costAndExpenses": 509446000, "interestIncome": 0, "interestExpense": 36951000, "depreciationAndAmortization": 77435000, "ebitda": 240031000, "ebitdaratio": 0.3579325504, "operatingIncome": 150803000, "operatingIncomeRatio": 0.2248763801, "totalOtherIncomeExpensesNet": -8917000, "incomeBeforeTax": 115290000, "incomeBeforeTaxRatio": 0.1719196426, "incomeTaxExpense": 28078000, "netIncome": 87212000, "netIncomeRatio": 0.1300499251, "eps": 4.75, "epsdiluted": 4.73, "weightedAverageShsOut": 18370758, "weightedAverageShsOutDil": 18434857, "link": "https://www.sec.gov/Archives/edgar/data/19745/000162828024005944/0001628280-24-005944-index.htm", "finalLink": "https://www.sec.gov/Archives/edgar/data/19745/000162828024005944/cpk-20231231.htm", "calculatedOtherExpenses": 101120000, "calculatedOperatingExpenses": 104481000, "calculatedNetInterest": -36951000, "calculatedOtherIncome": 1438000, "calculatedIncomeNonControlling": 0, "calculatedEbitda": 228238000}, {"date": "2022-12-31", "symbol": "CPK", "reportedCurrency": "USD", "cik": "0000019745", "fillingDate": "2023-02-22", "acceptedDate": "2023-02-22 17:10:26", "calendarYear": "2022", "period": "FY", "revenue": 680704000, "costOfRevenue": 443187000, "grossProfit": 237517000, "grossProfitRatio": 0.3489284623, "researchAndDevelopmentExpenses": 0, "generalAndAdministrativeExpenses": 0, "sellingAndMarketingExpenses": 0, "sellingGeneralAndAdministrativeExpenses": 1778000, "otherExpenses": 94584000, "operatingExpenses": 94584000, "costAndExpenses": 537771000, "interestIncome": 32000, "interestExpense": -24356000, "depreciationAndAmortization": 68973000, "ebitda": 211906000, "ebitdaratio": 0.3113041792, "operatingIncome": 142933000, "operatingIncomeRatio": 0.209978199, "totalOtherIncomeExpensesNet": -19305000, "incomeBeforeTax": 123628000, "incomeBeforeTaxRatio": 0.1816178545, "incomeTaxExpense": 33832000, "netIncome": 89796000, "netIncomeRatio": 0.1319163689, "eps": 5.07, "epsdiluted": 5.04, "weightedAverageShsOut": 17722227, "weightedAverageShsOutDil": 17804294, "link": "https://www.sec.gov/Archives/edgar/data/19745/000162828023004607/0001628280-23-004607-index.htm", "finalLink": "https://www.sec.gov/Archives/edgar/data/19745/000162828023004607/cpk-20221231.htm", "calculatedOtherExpenses": 92806000, "calculatedOperatingExpenses": 94584000, "calculatedNetInterest": 24388000, "calculatedOtherIncome": -43693000, "calculatedIncomeNonControlling": 0, "calculatedEbitda": 211906000}, {"date": "2021-12-31", "symbol": "CPK", "reportedCurrency": "USD", "cik": "0000019745", "fillingDate": "2022-02-23", "acceptedDate": "2022-02-23 16:41:07", "calendarYear": "2021", "period": "FY", "revenue": 569968000, "costOfRevenue": 352037000, "grossProfit": 217931000, "grossProfitRatio": 0.3823565534, "researchAndDevelopmentExpenses": 0, "generalAndAdministrativeExpenses": 0, "sellingAndMarketingExpenses": 0, "sellingGeneralAndAdministrativeExpenses": 2602000, "otherExpenses": 86819000, "operatingExpenses": 86819000, "costAndExpenses": 438856000, "interestIncome": 20102000, "interestExpense": 20135000, "depreciationAndAmortization": 62661000, "ebitda": 193773000, "ebitdaratio": 0.3399717177, "operatingIncome": 131112000, "operatingIncomeRatio": 0.2300339668, "totalOtherIncomeExpensesNet": -18414000, "incomeBeforeTax": 112698000, "incomeBeforeTaxRatio": 0.1977268899, "incomeTaxExpense": 29231000, "netIncome": 83466000, "netIncomeRatio": 0.1464398001, "eps": 4.75, "epsdiluted": 4.73, "weightedAverageShsOut": 17558078, "weightedAverageShsOutDil": 17633029, "link": "https://www.sec.gov/Archives/edgar/data/19745/000162828022003530/0001628280-22-003530-index.htm", "finalLink": "https://www.sec.gov/Archives/edgar/data/19745/000162828022003530/cpk-20211231.htm", "calculatedOtherExpenses": 84217000, "calculatedOperatingExpenses": 86819000, "calculatedNetInterest": -33000, "calculatedOtherIncome": -18381000, "calculatedIncomeNonControlling": 1000, "calculatedEbitda": 193773000}, {"date": "2020-12-31", "symbol": "CPK", "reportedCurrency": "USD", "cik": "0000019745", "fillingDate": "2021-02-24", "acceptedDate": "2021-02-24 17:20:39", "calendarYear": "2020", "period": "FY", "revenue": 488198000, "costOfRevenue": 295580000, "grossProfit": 192618000, "grossProfitRatio": 0.394548933, "researchAndDevelopmentExpenses": 0, "generalAndAdministrativeExpenses": 0, "sellingAndMarketingExpenses": 0, "sellingGeneralAndAdministrativeExpenses": 218000, "otherExpenses": 80025000, "operatingExpenses": 80025000, "costAndExpenses": 375605000, "interestIncome": 21765000, "interestExpense": 21765000, "depreciationAndAmortization": 57987000, "ebitda": 170710000, "ebitdaratio": 0.349673698, "operatingIncome": 112723000, "operatingIncomeRatio": 0.2308960709, "totalOtherIncomeExpensesNet": -18543000, "incomeBeforeTax": 94180000, "incomeBeforeTaxRatio": 0.192913531, "incomeTaxExpense": 23538000, "netIncome": 71498000, "netIncomeRatio": 0.1464528736, "eps": 4.27, "epsdiluted": 4.25, "weightedAverageShsOut": 16711579, "weightedAverageShsOutDil": 16770734, "link": "https://www.sec.gov/Archives/edgar/data/19745/000162828021003104/0001628280-21-003104-index.htm", "finalLink": "https://www.sec.gov/Archives/edgar/data/19745/000162828021003104/cpk-20201231.htm", "calculatedOtherExpenses": 79677000, "calculatedOperatingExpenses": 79895000, "calculatedNetInterest": 0, "calculatedOtherIncome": -18543000, "calculatedIncomeNonControlling": -856000, "calculatedEbitda": 170710000}, {"date": "2019-12-31", "symbol": "CPK", "reportedCurrency": "USD", "cik": "0000019745", "fillingDate": "2020-02-26", "acceptedDate": "2020-02-26 17:19:00", "calendarYear": "2019", "period": "FY", "revenue": 479604000, "costOfRevenue": 308023000, "grossProfit": 171581000, "grossProfitRatio": 0.357755565, "researchAndDevelopmentExpenses": 0, "generalAndAdministrativeExpenses": 0, "sellingAndMarketingExpenses": 0, "sellingGeneralAndAdministrativeExpenses": 2665000, "otherExpenses": 65424000, "operatingExpenses": 65424000, "costAndExpenses": 373447000, "interestIncome": 22224000, "interestExpense": 22224000, "depreciationAndAmortization": 45293000, "ebitda": 151580000, "ebitdaratio": 0.3160524099, "operatingIncome": 106287000, "operatingIncomeRatio": 0.2216140816, "totalOtherIncomeExpensesNet": -24054000, "incomeBeforeTax": 82233000, "incomeBeforeTaxRatio": 0.1714602047, "incomeTaxExpense": 21091000, "netIncome": 65153000, "netIncomeRatio": 0.1358474908, "eps": 3.64, "epsdiluted": 3.63, "weightedAverageShsOut": 16398443, "weightedAverageShsOutDil": 16448485, "link": "https://www.sec.gov/Archives/edgar/data/19745/000162828020002321/0001628280-20-002321-index.htm", "finalLink": "https://www.sec.gov/Archives/edgar/data/19745/000162828020002321/cpk1231201910-k.htm", "calculatedOtherExpenses": 62629000, "calculatedOperatingExpenses": 65294000, "calculatedNetInterest": 0, "calculatedOtherIncome": -24054000, "calculatedIncomeNonControlling": -4011000, "calculatedEbitda": 151580000}, {"date": "2018-12-31", "symbol": "CPK", "reportedCurrency": "USD", "cik": "0000019745", "fillingDate": "2019-02-27", "acceptedDate": "2019-02-26 18:04:44", "calendarYear": "2018", "period": "FY", "revenue": 717489000, "costOfRevenue": 563569000, "grossProfit": 153920000, "grossProfitRatio": 0.214525937, "researchAndDevelopmentExpenses": 0, "generalAndAdministrativeExpenses": 0, "sellingAndMarketingExpenses": 0, "sellingGeneralAndAdministrativeExpenses": 21000, "otherExpenses": -615000, "operatingExpenses": 59430000, "costAndExpenses": 622999000, "interestIncome": 0, "interestExpense": 16431000, "depreciationAndAmortization": 40802000, "ebitda": 135162000, "ebitdaratio": 0.1883819822, "operatingIncome": 94620000, "operatingIncomeRatio": 0.1318765863, "totalOtherIncomeExpensesNet": -485000, "incomeBeforeTax": 77574000, "incomeBeforeTaxRatio": 0.1081187307, "incomeTaxExpense": 20994000, "netIncome": 56580000, "netIncomeRatio": 0.0788583518, "eps": 3.46, "epsdiluted": 3.45, "weightedAverageShsOut": 16369616, "weightedAverageShsOutDil": 16419870, "link": "https://www.sec.gov/Archives/edgar/data/19745/000162828019002015/0001628280-19-002015-index.htm", "finalLink": "https://www.sec.gov/Archives/edgar/data/19745/000162828019002015/cpk1231201810-k.htm", "calculatedOtherExpenses": 59279000, "calculatedOperatingExpenses": 59300000, "calculatedNetInterest": -16431000, "calculatedOtherIncome": -615000, "calculatedIncomeNonControlling": 0, "calculatedEbitda": 135422000}, {"date": "2017-12-31", "symbol": "CPK", "reportedCurrency": "USD", "cik": "0000019745", "fillingDate": "2018-03-01", "acceptedDate": "2018-03-01 11:59:26", "calendarYear": "2017", "period": "FY", "revenue": 617583000, "costOfRevenue": 478186000, "grossProfit": 139397000, "grossProfitRatio": 0.2257137907, "researchAndDevelopmentExpenses": 0, "generalAndAdministrativeExpenses": 0, "sellingAndMarketingExpenses": 0, "sellingGeneralAndAdministrativeExpenses": 698000, "otherExpenses": -765000, "operatingExpenses": 53684000, "costAndExpenses": 531870000, "interestIncome": 0, "interestExpense": 12645000, "depreciationAndAmortization": 36599000, "ebitda": 122182000, "ebitdaratio": 0.1978389949, "operatingIncome": 85843000, "operatingIncomeRatio": 0.1389983209, "totalOtherIncomeExpensesNet": -635000, "incomeBeforeTax": 72433000, "incomeBeforeTaxRatio": 0.1172846403, "incomeTaxExpense": 14309000, "netIncome": 58124000, "netIncomeRatio": 0.0941152849, "eps": 3.56, "epsdiluted": 3.55, "weightedAverageShsOut": 16336789, "weightedAverageShsOutDil": 16383352, "link": "https://www.sec.gov/Archives/edgar/data/19745/000162828018002594/0001628280-18-002594-index.htm", "finalLink": "https://www.sec.gov/Archives/edgar/data/19745/000162828018002594/cpk1231201710-k.htm", "calculatedOtherExpenses": 52856000, "calculatedOperatingExpenses": 53554000, "calculatedNetInterest": -12645000, "calculatedOtherIncome": -765000, "calculatedIncomeNonControlling": 0, "calculatedEbitda": 122442000}, {"date": "2016-12-31", "symbol": "CPK", "reportedCurrency": "USD", "cik": "0000019745", "fillingDate": "2017-02-28", "acceptedDate": "2017-02-27 20:37:04", "calendarYear": "2016", "period": "FY", "revenue": 498860000, "costOfRevenue": 368005000, "grossProfit": 130855000, "grossProfitRatio": 0.2623080624, "researchAndDevelopmentExpenses": 0, "generalAndAdministrativeExpenses": 0, "sellingAndMarketingExpenses": 0, "sellingGeneralAndAdministrativeExpenses": 0, "otherExpenses": -441000, "operatingExpenses": 46889000, "costAndExpenses": 414894000, "interestIncome": 0, "interestExpense": 10639000, "depreciationAndAmortization": 32159000, "ebitda": 115995000, "ebitdaratio": 0.2325201459, "operatingIncome": 84096000, "operatingIncomeRatio": 0.1685763541, "totalOtherIncomeExpensesNet": -311000, "incomeBeforeTax": 73016000, "incomeBeforeTaxRatio": 0.1463657138, "incomeTaxExpense": 28341000, "netIncome": 44675000, "netIncomeRatio": 0.0895541835, "eps": 2.87, "epsdiluted": 2.86, "weightedAverageShsOut": 15570539, "weightedAverageShsOutDil": 15613091, "link": "https://www.sec.gov/Archives/edgar/data/19745/000162828017001844/0001628280-17-001844-index.htm", "finalLink": "https://www.sec.gov/Archives/edgar/data/19745/000162828017001844/cpk1231201610-k.htm", "calculatedOtherExpenses": 46759000, "calculatedOperatingExpenses": 46759000, "calculatedNetInterest": -10639000, "calculatedOtherIncome": -441000, "calculatedIncomeNonControlling": 0, "calculatedEbitda": 116255000}, {"date": "2015-12-31", "symbol": "CPK", "reportedCurrency": "USD", "cik": "0000019745", "fillingDate": "2016-02-29", "acceptedDate": "2016-02-26 18:33:37", "calendarYear": "2015", "period": "FY", "revenue": 459244000, "costOfRevenue": 339407000, "grossProfit": 119837000, "grossProfitRatio": 0.2609440733, "researchAndDevelopmentExpenses": 0, "generalAndAdministrativeExpenses": 0, "sellingAndMarketingExpenses": 0, "sellingGeneralAndAdministrativeExpenses": 0, "otherExpenses": 293000, "operatingExpenses": 43579000, "costAndExpenses": 382986000, "interestIncome": 0, "interestExpense": 10006000, "depreciationAndAmortization": 29972000, "ebitda": 104730000, "ebitdaratio": 0.2280487061, "operatingIncome": 77758000, "operatingIncomeRatio": 0.1693173999, "totalOtherIncomeExpensesNet": 1793000, "incomeBeforeTax": 68045000, "incomeBeforeTaxRatio": 0.148167423, "incomeTaxExpense": 26905000, "netIncome": 41140000, "netIncomeRatio": 0.0895820087, "eps": 2.73, "epsdiluted": 2.72, "weightedAverageShsOut": 15094423, "weightedAverageShsOutDil": 15143373, "link": "https://www.sec.gov/Archives/edgar/data/19745/000162828016011868/0001628280-16-011868-index.htm", "finalLink": "https://www.sec.gov/Archives/edgar/data/19745/000162828016011868/cpk1231201510-k.htm", "calculatedOtherExpenses": 42079000, "calculatedOperatingExpenses": 42079000, "calculatedNetInterest": -10006000, "calculatedOtherIncome": 293000, "calculatedIncomeNonControlling": 0, "calculatedEbitda": 107730000}, {"date": "2014-12-31", "symbol": "CPK", "reportedCurrency": "USD", "cik": "0000019745", "fillingDate": "2015-03-05", "acceptedDate": "2015-03-05 12:20:26", "calendarYear": "2014", "period": "FY", "revenue": 498834000, "costOfRevenue": 390019000, "grossProfit": 108815000, "grossProfitRatio": 0.2181386994, "researchAndDevelopmentExpenses": 0, "generalAndAdministrativeExpenses": 0, "sellingAndMarketingExpenses": 0, "sellingGeneralAndAdministrativeExpenses": 0, "otherExpenses": 101000, "operatingExpenses": 39655000, "costAndExpenses": 429674000, "interestIncome": 0, "interestExpense": 9482000, "depreciationAndAmortization": 26316000, "ebitda": 95218000, "ebitdaratio": 0.1908811348, "operatingIncome": 62279000, "operatingIncomeRatio": 0.1248491482, "totalOtherIncomeExpensesNet": 359000, "incomeBeforeTax": 60037000, "incomeBeforeTaxRatio": 0.1203546671, "incomeTaxExpense": 23945000, "netIncome": 36092000, "netIncomeRatio": 0.0723527266, "eps": 2.48, "epsdiluted": 2.47, "weightedAverageShsOut": 14551308, "weightedAverageShsOutDil": 14604944, "link": "https://www.sec.gov/Archives/edgar/data/19745/000162828015001482/0001628280-15-001482-index.htm", "finalLink": "https://www.sec.gov/Archives/edgar/data/19745/000162828015001482/cpk1231201410-k.htm", "calculatedOtherExpenses": 46536000, "calculatedOperatingExpenses": 46536000, "calculatedNetInterest": -9482000, "calculatedOtherIncome": 7240000, "calculatedIncomeNonControlling": 0, "calculatedEbitda": 88595000}, {"date": "2013-12-31", "symbol": "CPK", "reportedCurrency": "USD", "cik": "0000019745", "fillingDate": "2014-03-06", "acceptedDate": "2014-03-06 15:56:23", "calendarYear": "2013", "period": "FY", "revenue": 444306000, "costOfRevenue": 343796000, "grossProfit": 100510000, "grossProfitRatio": 0.2262179669, "researchAndDevelopmentExpenses": 0, "generalAndAdministrativeExpenses": 0, "sellingAndMarketingExpenses": 0, "sellingGeneralAndAdministrativeExpenses": 0, "otherExpenses": 372000, "operatingExpenses": 37776000, "costAndExpenses": 381572000, "interestIncome": 0, "interestExpense": 8234000, "depreciationAndAmortization": 30088000, "ebitda": 92822000, "ebitdaratio": 0.2089145769, "operatingIncome": 62734000, "operatingIncomeRatio": 0.1411954824, "totalOtherIncomeExpensesNet": 372000, "incomeBeforeTax": 54872000, "incomeBeforeTaxRatio": 0.1235004704, "incomeTaxExpense": 22085000, "netIncome": 32787000, "netIncomeRatio": 0.0737937367, "eps": 2.27, "epsdiluted": 2.26, "weightedAverageShsOut": 14430962, "weightedAverageShsOutDil": 14543446, "link": "https://www.sec.gov/Archives/edgar/data/19745/000144530514000904/0001445305-14-000904-index.htm", "finalLink": "https://www.sec.gov/Archives/edgar/data/19745/000144530514000904/cpk1231201310-k.htm", "calculatedOtherExpenses": 37776000, "calculatedOperatingExpenses": 37776000, "calculatedNetInterest": -8234000, "calculatedOtherIncome": 372000, "calculatedIncomeNonControlling": 0, "calculatedEbitda": 92822000}, {"date": "2012-12-31", "symbol": "CPK", "reportedCurrency": "USD", "cik": "0000019745", "fillingDate": "2013-03-08", "acceptedDate": "2013-03-08 07:45:35", "calendarYear": "2012", "period": "FY", "revenue": 392502000, "costOfRevenue": 303169000, "grossProfit": 89333000, "grossProfitRatio": 0.2275988403, "researchAndDevelopmentExpenses": 0, "generalAndAdministrativeExpenses": 0, "sellingAndMarketingExpenses": 0, "sellingGeneralAndAdministrativeExpenses": 0, "otherExpenses": 271000, "operatingExpenses": 32698000, "costAndExpenses": 335867000, "interestIncome": 0, "interestExpense": 8747000, "depreciationAndAmortization": 28057000, "ebitda": 84692000, "ebitdaratio": 0.2157746967, "operatingIncome": 56635000, "operatingIncomeRatio": 0.1442922584, "totalOtherIncomeExpensesNet": 271000, "incomeBeforeTax": 48159000, "incomeBeforeTaxRatio": 0.122697464, "incomeTaxExpense": 19296000, "netIncome": 28863000, "netIncomeRatio": 0.073535931, "eps": 2.01, "epsdiluted": 1.99, "weightedAverageShsOut": 14379216, "weightedAverageShsOutDil": 14507261, "link": "https://www.sec.gov/Archives/edgar/data/19745/000119312513097201/0001193125-13-097201-index.htm", "finalLink": "https://www.sec.gov/Archives/edgar/data/19745/000119312513097201/d466906d10k.htm", "calculatedOtherExpenses": 32698000, "calculatedOperatingExpenses": 32698000, "calculatedNetInterest": -8747000, "calculatedOtherIncome": 271000, "calculatedIncomeNonControlling": 0, "calculatedEbitda": 84692000}, {"date": "2011-12-31", "symbol": "CPK", "reportedCurrency": "USD", "cik": "0000019745", "fillingDate": "2012-03-07", "acceptedDate": "2012-03-07 06:09:05", "calendarYear": "2011", "period": "FY", "revenue": 418027000, "costOfRevenue": 246898000, "grossProfit": 171129000, "grossProfitRatio": 0.4093730788, "researchAndDevelopmentExpenses": 0, "generalAndAdministrativeExpenses": 0, "sellingAndMarketingExpenses": 0, "sellingGeneralAndAdministrativeExpenses": 0, "otherExpenses": 117424000, "operatingExpenses": 117424000, "costAndExpenses": 364322000, "interestIncome": 0, "interestExpense": 9000000, "depreciationAndAmortization": 25269000, "ebitda": 78974000, "ebitdaratio": 0.1889208113, "operatingIncome": 53705000, "operatingIncomeRatio": 0.1284725628, "totalOtherIncomeExpensesNet": 906000, "incomeBeforeTax": 45611000, "incomeBeforeTaxRatio": 0.1091101771, "incomeTaxExpense": 17989000, "netIncome": 27622000, "netIncomeRatio": 0.0660770716, "eps": 1.93, "epsdiluted": 1.91, "weightedAverageShsOut": 14333698, "weightedAverageShsOutDil": 14476587, "link": "https://www.sec.gov/Archives/edgar/data/19745/000119312512099980/0001193125-12-099980-index.htm", "finalLink": "https://www.sec.gov/Archives/edgar/data/19745/000119312512099980/d302139d10k.htm", "calculatedOtherExpenses": 117424000, "calculatedOperatingExpenses": 117424000, "calculatedNetInterest": -9000000, "calculatedOtherIncome": 906000, "calculatedIncomeNonControlling": 0, "calculatedEbitda": 78974000}, {"date": "2010-12-31", "symbol": "CPK", "reportedCurrency": "USD", "cik": "0000019745", "fillingDate": "2011-03-08", "acceptedDate": "2011-03-08 16:32:16", "calendarYear": "2010", "period": "FY", "revenue": 427546000, "costOfRevenue": 260975000, "grossProfit": 166571000, "grossProfitRatio": 0.3895978444, "researchAndDevelopmentExpenses": 0, "generalAndAdministrativeExpenses": 0, "sellingAndMarketingExpenses": 0, "sellingGeneralAndAdministrativeExpenses": 0, "otherExpenses": 114641000, "operatingExpenses": 114641000, "costAndExpenses": 375616000, "interestIncome": 0, "interestExpense": 9146000, "depreciationAndAmortization": 23891000, "ebitda": 75821000, "ebitdaratio": 0.1773399821, "operatingIncome": 51930000, "operatingIncomeRatio": 0.1214606148, "totalOtherIncomeExpensesNet": 195000, "incomeBeforeTax": 42979000, "incomeBeforeTaxRatio": 0.1005248558, "incomeTaxExpense": 16923000, "netIncome": 26056000, "netIncomeRatio": 0.06094315, "eps": 1.83, "epsdiluted": 1.82, "weightedAverageShsOut": 14211831, "weightedAverageShsOutDil": 14373561, "link": "https://www.sec.gov/Archives/edgar/data/19745/000095012311023151/0000950123-11-023151-index.htm", "finalLink": "https://www.sec.gov/Archives/edgar/data/19745/000095012311023151/c13513e10vk.htm", "calculatedOtherExpenses": 114641000, "calculatedOperatingExpenses": 114641000, "calculatedNetInterest": -9146000, "calculatedOtherIncome": 195000, "calculatedIncomeNonControlling": 0, "calculatedEbitda": 75821000}, {"date": "2009-12-31", "symbol": "CPK", "reportedCurrency": "USD", "cik": "0000019745", "fillingDate": "2010-03-08", "acceptedDate": "2010-03-08 17:27:59", "calendarYear": "2009", "period": "FY", "revenue": 268785000, "costOfRevenue": 161748000, "grossProfit": 107037000, "grossProfitRatio": 0.3982253474, "researchAndDevelopmentExpenses": 0, "generalAndAdministrativeExpenses": 0, "sellingAndMarketingExpenses": 0, "sellingGeneralAndAdministrativeExpenses": 0, "otherExpenses": 73301000, "operatingExpenses": 73301000, "costAndExpenses": 235049000, "interestIncome": 0, "interestExpense": 7086000, "depreciationAndAmortization": 11588000, "ebitda": 45324000, "ebitdaratio": 0.1686254813, "operatingIncome": 33736000, "operatingIncomeRatio": 0.1255129565, "totalOtherIncomeExpensesNet": 165000, "incomeBeforeTax": 26815000, "incomeBeforeTaxRatio": 0.0997637517, "incomeTaxExpense": 10918000, "netIncome": 15897000, "netIncomeRatio": 0.0591439254, "eps": 1.45, "epsdiluted": 1.43, "weightedAverageShsOut": 10969980, "weightedAverageShsOutDil": 11160301, "link": "https://www.sec.gov/Archives/edgar/data/19745/000095012310022158/0000950123-10-022158-index.htm", "finalLink": "https://www.sec.gov/Archives/edgar/data/19745/000095012310022158/c97091e10vk.htm", "calculatedOtherExpenses": 73301000, "calculatedOperatingExpenses": 73301000, "calculatedNetInterest": -7086000, "calculatedOtherIncome": 165000, "calculatedIncomeNonControlling": 0, "calculatedEbitda": 45324000}, {"date": "2008-12-31", "symbol": "CPK", "reportedCurrency": "USD", "cik": "0000019745", "fillingDate": "2009-03-09", "acceptedDate": "2009-03-09 16:53:30", "calendarYear": "2008", "period": "FY", "revenue": 291443477, "costOfRevenue": 0, "grossProfit": 291443477, "grossProfitRatio": 1, "researchAndDevelopmentExpenses": 0, "generalAndAdministrativeExpenses": 0, "sellingAndMarketingExpenses": 0, "sellingGeneralAndAdministrativeExpenses": 0, "otherExpenses": 262964543, "operatingExpenses": 262964543, "costAndExpenses": 262964543, "interestIncome": 0, "interestExpense": 6157552, "depreciationAndAmortization": 11243929, "ebitda": 39619824, "ebitdaratio": 0.1359434234, "operatingIncome": 28478934, "operatingIncomeRatio": 0.0977168345, "totalOtherIncomeExpensesNet": 103039, "incomeBeforeTax": 22424421, "incomeBeforeTaxRatio": 0.0769426073, "incomeTaxExpense": 8817162, "netIncome": 13607259, "netIncomeRatio": 0.046689187, "eps": 1.33, "epsdiluted": 1.32, "weightedAverageShsOut": 10217772, "weightedAverageShsOutDil": 10391224, "link": "https://www.sec.gov/Archives/edgar/data/19745/000136231009003438/0001362310-09-003438-index.htm", "finalLink": "https://www.sec.gov/Archives/edgar/data/19745/000136231009003438/c82120e10vk.htm", "calculatedOtherExpenses": 262964543, "calculatedOperatingExpenses": 262964543, "calculatedNetInterest": -6157552, "calculatedOtherIncome": 103039, "calculatedIncomeNonControlling": 0, "calculatedEbitda": 39722863}, {"date": "2007-12-31", "symbol": "CPK", "reportedCurrency": "USD", "cik": "0000019745", "fillingDate": "2008-03-10", "acceptedDate": "2008-03-10 17:19:38", "calendarYear": "2007", "period": "FY", "revenue": 258286495, "costOfRevenue": 0, "grossProfit": 258286495, "grossProfitRatio": 1, "researchAndDevelopmentExpenses": 0, "generalAndAdministrativeExpenses": 0, "sellingAndMarketingExpenses": 0, "sellingGeneralAndAdministrativeExpenses": 0, "otherExpenses": 230172913, "operatingExpenses": 230172913, "costAndExpenses": 230172913, "interestIncome": 0, "interestExpense": 6589639, "depreciationAndAmortization": 12396691, "ebitda": 40218968, "ebitdaratio": 0.1557145603, "operatingIncome": 28113582, "operatingIncomeRatio": 0.108846504, "totalOtherIncomeExpensesNet": 291305, "incomeBeforeTax": 21815248, "incomeBeforeTaxRatio": 0.084461435, "incomeTaxExpense": 8597461, "netIncome": 13197710, "netIncomeRatio": 0.0510971741, "eps": 1.31, "epsdiluted": 1.29, "weightedAverageShsOut": 10114561, "weightedAverageShsOutDil": 10282074, "link": "https://www.sec.gov/Archives/edgar/data/19745/000001974508000006/0000019745-08-000006-index.htm", "finalLink": "https://www.sec.gov/Archives/edgar/data/19745/000001974508000006/dqk.htm", "calculatedOtherExpenses": 230172913, "calculatedOperatingExpenses": 230172913, "calculatedNetInterest": -6589639, "calculatedOtherIncome": 291305, "calculatedIncomeNonControlling": 20077, "calculatedEbitda": 40510273}, {"date": "2006-12-31", "symbol": "CPK", "reportedCurrency": "USD", "cik": "0000019745", "fillingDate": "2007-03-14", "acceptedDate": "2007-03-13 18:07:58", "calendarYear": "2006", "period": "FY", "revenue": 231200591, "costOfRevenue": 0, "grossProfit": 231200591, "grossProfitRatio": 1, "researchAndDevelopmentExpenses": 0, "generalAndAdministrativeExpenses": 0, "sellingAndMarketingExpenses": 0, "sellingGeneralAndAdministrativeExpenses": 0, "otherExpenses": 208269280, "operatingExpenses": 208269280, "costAndExpenses": 208269280, "interestIncome": 0, "interestExpense": 5777336, "depreciationAndAmortization": 11345781, "ebitda": 34087980, "ebitdaratio": 0.147438983, "operatingIncome": 22931311, "operatingIncomeRatio": 0.0991836176, "totalOtherIncomeExpensesNet": 189112, "incomeBeforeTax": 17343087, "incomeBeforeTaxRatio": 0.0750131603, "incomeTaxExpense": 6836562, "netIncome": 10506525, "netIncomeRatio": 0.0454433311, "eps": 1.16, "epsdiluted": 1.15, "weightedAverageShsOut": 9048693, "weightedAverageShsOutDil": 9232696, "link": "https://www.sec.gov/Archives/edgar/data/19745/000001974507000004/0000019745-07-000004-index.htm", "finalLink": "https://www.sec.gov/Archives/edgar/data/19745/000001974507000004/cpk200610k.htm", "calculatedOtherExpenses": 208269280, "calculatedOperatingExpenses": 208269280, "calculatedNetInterest": -5777336, "calculatedOtherIncome": 189112, "calculatedIncomeNonControlling": 0, "calculatedEbitda": 34277092}, {"date": "2005-12-31", "symbol": "CPK", "reportedCurrency": "USD", "cik": "0000019745", "fillingDate": "2006-03-07", "acceptedDate": "2006-03-07 13:39:22", "calendarYear": "2005", "period": "FY", "revenue": 229629736, "costOfRevenue": 0, "grossProfit": 229629736, "grossProfitRatio": 1, "researchAndDevelopmentExpenses": 0, "generalAndAdministrativeExpenses": 0, "sellingAndMarketingExpenses": 0, "sellingGeneralAndAdministrativeExpenses": 0, "otherExpenses": 208099237, "operatingExpenses": 208099237, "costAndExpenses": 208099237, "interestIncome": 0, "interestExpense": 5133495, "depreciationAndAmortization": 10273828, "ebitda": 31421701, "ebitdaratio": 0.1368363765, "operatingIncome": 21530499, "operatingIncomeRatio": 0.0937618071, "totalOtherIncomeExpensesNet": 382626, "incomeBeforeTax": 16779630, "incomeBeforeTaxRatio": 0.0730725484, "incomeTaxExpense": 6312016, "netIncome": 10467614, "netIncomeRatio": 0.0455847495, "eps": 1.19, "epsdiluted": 1.18, "weightedAverageShsOut": 8771744, "weightedAverageShsOutDil": 8870859, "link": "https://www.sec.gov/Archives/edgar/data/19745/000001974506000005/0000019745-06-000005-index.htm", "finalLink": "https://www.sec.gov/Archives/edgar/data/19745/000001974506000005/cpk_10k05.htm", "calculatedOtherExpenses": 208099237, "calculatedOperatingExpenses": 208099237, "calculatedNetInterest": -5133495, "calculatedOtherIncome": 382626, "calculatedIncomeNonControlling": 0, "calculatedEbitda": 31804327}, {"date": "2004-12-31", "symbol": "CPK", "reportedCurrency": "USD", "cik": "0000019745", "fillingDate": "2005-03-16", "acceptedDate": "2005-03-16 15:09:31", "calendarYear": "2004", "period": "FY", "revenue": 177955441, "costOfRevenue": 0, "grossProfit": 177955441, "grossProfitRatio": 1, "researchAndDevelopmentExpenses": 0, "generalAndAdministrativeExpenses": 0, "sellingAndMarketingExpenses": 0, "sellingGeneralAndAdministrativeExpenses": 0, "otherExpenses": 157985695, "operatingExpenses": 157985695, "costAndExpenses": 157985695, "interestIncome": 0, "interestExpense": 5268145, "depreciationAndAmortization": 9891837, "ebitda": 29312427, "ebitdaratio": 0.1647177902, "operatingIncome": 19969746, "operatingIncomeRatio": 0.1122176759, "totalOtherIncomeExpensesNet": 549156, "incomeBeforeTax": 15250757, "incomeBeforeTaxRatio": 0.0856998635, "incomeTaxExpense": 5701090, "netIncome": 9428767, "netIncomeRatio": 0.0529838647, "eps": 1.11, "epsdiluted": 1.09, "weightedAverageShsOut": 8519970, "weightedAverageShsOutDil": 8623872, "link": "https://www.sec.gov/Archives/edgar/data/19745/000001974505000015/0000019745-05-000015-index.htm", "finalLink": "https://www.sec.gov/Archives/edgar/data/19745/000001974505000015/cpk2004_10k.htm", "calculatedOtherExpenses": 157985695, "calculatedOperatingExpenses": 157985695, "calculatedNetInterest": -5268145, "calculatedOtherIncome": 549156, "calculatedIncomeNonControlling": 120900, "calculatedEbitda": 29861583}, {"date": "2003-12-31", "symbol": "CPK", "reportedCurrency": "USD", "cik": "0000019745", "fillingDate": "2004-03-15", "acceptedDate": "2004-03-15 16:44:53", "calendarYear": "2003", "period": "FY", "revenue": 162298007, "costOfRevenue": 0, "grossProfit": 162298007, "grossProfitRatio": 1, "researchAndDevelopmentExpenses": 0, "generalAndAdministrativeExpenses": 0, "sellingAndMarketingExpenses": 0, "sellingGeneralAndAdministrativeExpenses": 0, "otherExpenses": 140718607, "operatingExpenses": 140718607, "costAndExpenses": 140718607, "interestIncome": 0, "interestExpense": 5705911, "depreciationAndAmortization": 10497980, "ebitda": 31838941, "ebitdaratio": 0.1961757978, "operatingIncome": 21579400, "operatingIncomeRatio": 0.1329615834, "totalOtherIncomeExpensesNet": 238439, "incomeBeforeTax": 16111928, "incomeBeforeTaxRatio": 0.0992737268, "incomeTaxExpense": 6032445, "netIncome": 9291876, "netIncomeRatio": 0.0572519415, "eps": 1.11, "epsdiluted": 1.09, "weightedAverageShsOut": 8396273, "weightedAverageShsOutDil": 8550806, "link": "https://www.sec.gov/Archives/edgar/data/19745/000001974504000004/0000019745-04-000004-index.htm", "finalLink": "https://www.sec.gov/Archives/edgar/data/19745/000001974504000004/doc1.txt", "calculatedOtherExpenses": 140718607, "calculatedOperatingExpenses": 140718607, "calculatedNetInterest": -5705911, "calculatedOtherIncome": 238439, "calculatedIncomeNonControlling": 787607, "calculatedEbitda": 32077380}, {"date": "2002-12-31", "symbol": "CPK", "reportedCurrency": "USD", "cik": "0000019745", "fillingDate": "2003-03-31", "acceptedDate": "2003-03-31 14:34:31", "calendarYear": "2002", "period": "FY", "revenue": 142229535, "costOfRevenue": 74153193, "grossProfit": 68076342, "grossProfitRatio": 0.4786371691, "researchAndDevelopmentExpenses": 0, "generalAndAdministrativeExpenses": 0, "sellingAndMarketingExpenses": 0, "sellingGeneralAndAdministrativeExpenses": 0, "otherExpenses": 54243972, "operatingExpenses": 54243972, "costAndExpenses": 128397165, "interestIncome": 238233, "interestExpense": 5058039, "depreciationAndAmortization": 10423145, "ebitda": 23972772, "ebitdaratio": 0.1685498866, "operatingIncome": 13832370, "operatingIncomeRatio": 0.097253851, "totalOtherIncomeExpensesNet": 282743, "incomeBeforeTax": 9295307, "incomeBeforeTaxRatio": 0.065354267, "incomeTaxExpense": 3650154, "netIncome": 3729153, "netIncomeRatio": 0.0262192589, "eps": 0.91, "epsdiluted": 0.91, "weightedAverageShsOut": 8163852, "weightedAverageShsOutDil": 8163852, "link": "https://www.sec.gov/Archives/edgar/data/19745/000001974503000006/0000019745-03-000006-index.htm", "finalLink": "https://www.sec.gov/Archives/edgar/data/19745/000001974503000006/doc1.txt", "calculatedOtherExpenses": 54243972, "calculatedOperatingExpenses": 54243972, "calculatedNetInterest": -4819806, "calculatedOtherIncome": 282743, "calculatedIncomeNonControlling": 1916000, "calculatedEbitda": 24255515}, {"date": "2001-12-31", "symbol": "CPK", "reportedCurrency": "USD", "cik": "0000019745", "fillingDate": "2002-03-29", "acceptedDate": "2002-03-29 00:00:00", "calendarYear": "2001", "period": "FY", "revenue": 330320958, "costOfRevenue": 266355278, "grossProfit": 63965680, "grossProfitRatio": 0.1936470528, "researchAndDevelopmentExpenses": 0, "generalAndAdministrativeExpenses": 0, "sellingAndMarketingExpenses": 0, "sellingGeneralAndAdministrativeExpenses": 0, "otherExpenses": 48419922, "operatingExpenses": 48419922, "costAndExpenses": 314775200, "interestIncome": 456240, "interestExpense": 5279678, "depreciationAndAmortization": 9094068, "ebitda": 24388335, "ebitdaratio": 0.0738322362, "operatingIncome": 15545758, "operatingIncomeRatio": 0.0470625845, "totalOtherIncomeExpensesNet": 251491, "incomeBeforeTax": 10973811, "incomeBeforeTaxRatio": 0.0332216613, "incomeTaxExpense": 4252274, "netIncome": 6721537, "netIncomeRatio": 0.020348503, "eps": 0.83, "epsdiluted": 0.82, "weightedAverageShsOut": 8030174, "weightedAverageShsOutDil": 8160746, "link": "https://www.sec.gov/Archives/edgar/data/19745/000001974502000005/0000019745-02-000005-index.htm", "finalLink": "https://www.sec.gov/Archives/edgar/data/19745/000001974502000005/doc1.txt", "calculatedOtherExpenses": 48419922, "calculatedOperatingExpenses": 48419922, "calculatedNetInterest": -4823438, "calculatedOtherIncome": 251491, "calculatedIncomeNonControlling": 0, "calculatedEbitda": 24639826}, {"date": "2000-12-31", "symbol": "CPK", "reportedCurrency": "USD", "cik": "0000019745", "fillingDate": "2001-04-02", "acceptedDate": "2001-04-02 00:00:00", "calendarYear": "2000", "period": "FY", "revenue": 335407036, "costOfRevenue": 273635709, "grossProfit": 61771327, "grossProfitRatio": 0.1841682504, "researchAndDevelopmentExpenses": 0, "generalAndAdministrativeExpenses": 0, "sellingAndMarketingExpenses": 0, "sellingGeneralAndAdministrativeExpenses": 0, "otherExpenses": 45745356, "operatingExpenses": 45745356, "costAndExpenses": 319381065, "interestIncome": 220462, "interestExpense": 4509388, "depreciationAndAmortization": 8044315, "ebitda": 23821538, "ebitdaratio": 0.0710227737, "operatingIncome": 16025971, "operatingIncomeRatio": 0.0477806643, "totalOtherIncomeExpensesNet": 248748, "incomeBeforeTax": 11985793, "incomeBeforeTaxRatio": 0.0357350673, "incomeTaxExpense": 4496592, "netIncome": 7489201, "netIncomeRatio": 0.0223286938, "eps": 0.95, "epsdiluted": 0.93, "weightedAverageShsOut": 7855805, "weightedAverageShsOutDil": 8024144, "link": "https://www.sec.gov/Archives/edgar/data/19745/000089322001000410/0000893220-01-000410-index.htm", "finalLink": "https://www.sec.gov/Archives/edgar/data/19745/000089322001000410/w46615e10-k405.txt", "calculatedOtherExpenses": 45745356, "calculatedOperatingExpenses": 45745356, "calculatedNetInterest": -4288926, "calculatedOtherIncome": 248748, "calculatedIncomeNonControlling": 0, "calculatedEbitda": 24070286}, {"date": "1999-12-31", "symbol": "CPK", "reportedCurrency": "USD", "cik": "0000019745", "fillingDate": "2000-03-30", "acceptedDate": "2000-03-30 00:00:00", "calendarYear": "1999", "period": "FY", "revenue": 230900000, "costOfRevenue": 176700000, "grossProfit": 54200000, "grossProfitRatio": 0.2347336509, "researchAndDevelopmentExpenses": 0, "generalAndAdministrativeExpenses": 0, "sellingAndMarketingExpenses": 0, "sellingGeneralAndAdministrativeExpenses": 0, "otherExpenses": 39300000, "operatingExpenses": 39300000, "costAndExpenses": 216000000, "interestIncome": 0, "interestExpense": 0, "depreciationAndAmortization": 6500000, "ebitda": 21400000, "ebitdaratio": 0.0926808142, "operatingIncome": 14900000, "operatingIncomeRatio": 0.0645300996, "totalOtherIncomeExpensesNet": 1000000, "incomeBeforeTax": 12500000, "incomeBeforeTaxRatio": 0.0541359896, "incomeTaxExpense": 4200000, "netIncome": 8300000, "netIncomeRatio": 0.0359462971, "eps": 1.07, "epsdiluted": 1.05, "weightedAverageShsOut": 7732919, "weightedAverageShsOutDil": 7929936, "link": "https://www.sec.gov/Archives/edgar/data/19745/000089322000000380/0000893220-00-000380-index.html", "finalLink": "https://www.sec.gov/Archives/edgar/data/19745/000089322000000380/", "calculatedOtherExpenses": 39300000, "calculatedOperatingExpenses": 39300000, "calculatedNetInterest": 0, "calculatedOtherIncome": -2400000, "calculatedIncomeNonControlling": 0, "calculatedEbitda": 21400000}, {"date": "1998-12-31", "symbol": "CPK", "reportedCurrency": "USD", "cik": "0000019745", "fillingDate": "1999-03-31", "acceptedDate": "1999-03-31 00:00:00", "calendarYear": "1998", "period": "FY", "revenue": 183600000, "costOfRevenue": 136000000, "grossProfit": 47600000, "grossProfitRatio": 0.2592592593, "researchAndDevelopmentExpenses": 0, "generalAndAdministrativeExpenses": 0, "sellingAndMarketingExpenses": 0, "sellingGeneralAndAdministrativeExpenses": 0, "otherExpenses": 35900000, "operatingExpenses": 35900000, "costAndExpenses": 171900000, "interestIncome": 200000, "interestExpense": 3400000, "depreciationAndAmortization": 6800000, "ebitda": 18500000, "ebitdaratio": 0.1007625272, "operatingIncome": 11700000, "operatingIncomeRatio": 0.0637254902, "totalOtherIncomeExpensesNet": 100000, "incomeBeforeTax": 8500000, "incomeBeforeTaxRatio": 0.0462962963, "incomeTaxExpense": 3200000, "netIncome": 5300000, "netIncomeRatio": 0.0288671024, "eps": 0.7, "epsdiluted": 0.69, "weightedAverageShsOut": 7571429, "weightedAverageShsOutDil": 7644231, "link": "https://www.sec.gov/Archives/edgar/data/19745/000001974599000002/0000019745-99-000002-index.html", "finalLink": "https://www.sec.gov/Archives/edgar/data/19745/", "calculatedOtherExpenses": 35900000, "calculatedOperatingExpenses": 35900000, "calculatedNetInterest": -3200000, "calculatedOtherIncome": 0, "calculatedIncomeNonControlling": 0, "calculatedEbitda": 18500000}, {"date": "1997-12-31", "symbol": "CPK", "reportedCurrency": "USD", "cik": "0000019745", "fillingDate": "1998-03-31", "acceptedDate": "1998-03-31 00:00:00", "calendarYear": "1997", "period": "FY", "revenue": 122800000, "costOfRevenue": 77800000, "grossProfit": 45000000, "grossProfitRatio": 0.3664495114, "researchAndDevelopmentExpenses": 0, "generalAndAdministrativeExpenses": 0, "sellingAndMarketingExpenses": 0, "sellingGeneralAndAdministrativeExpenses": 0, "otherExpenses": 33200000, "operatingExpenses": 33200000, "costAndExpenses": 111000000, "interestIncome": 0, "interestExpense": 0, "depreciationAndAmortization": 5900000, "ebitda": 17700000, "ebitdaratio": 0.1441368078, "operatingIncome": 11800000, "operatingIncomeRatio": 0.0960912052, "totalOtherIncomeExpensesNet": 200000, "incomeBeforeTax": 9000000, "incomeBeforeTaxRatio": 0.0732899023, "incomeTaxExpense": 3300000, "netIncome": 5700000, "netIncomeRatio": 0.0464169381, "eps": 0.79, "epsdiluted": 0.78, "weightedAverageShsOut": 7500000, "weightedAverageShsOutDil": 7564103, "link": "https://www.sec.gov/Archives/edgar/data/19745/000001974598000004/0000019745-98-000004-index.html", "finalLink": "https://www.sec.gov/Archives/edgar/data/19745/", "calculatedOtherExpenses": 33200000, "calculatedOperatingExpenses": 33200000, "calculatedNetInterest": 0, "calculatedOtherIncome": -2800000, "calculatedIncomeNonControlling": 0, "calculatedEbitda": 17700000}, {"date": "1996-12-31", "symbol": "CPK", "reportedCurrency": "USD", "cik": "0000019745", "fillingDate": "1997-03-19", "acceptedDate": "1997-03-19 00:00:00", "calendarYear": "1996", "period": "FY", "revenue": 119300000, "costOfRevenue": 72500000, "grossProfit": 46800000, "grossProfitRatio": 0.3922883487, "researchAndDevelopmentExpenses": 0, "generalAndAdministrativeExpenses": 0, "sellingAndMarketingExpenses": 0, "sellingGeneralAndAdministrativeExpenses": 0, "otherExpenses": 33600000, "operatingExpenses": 33600000, "costAndExpenses": 106100000, "interestIncome": 200000, "interestExpense": 2700000, "depreciationAndAmortization": 5700000, "ebitda": 18900000, "ebitdaratio": 0.1584241408, "operatingIncome": 13200000, "operatingIncomeRatio": 0.1106454317, "totalOtherIncomeExpensesNet": 100000, "incomeBeforeTax": 10800000, "incomeBeforeTaxRatio": 0.0905280805, "incomeTaxExpense": 3900000, "netIncome": 6900000, "netIncomeRatio": 0.0578373847, "eps": 1.05, "epsdiluted": 1.03, "weightedAverageShsOut": 7405063, "weightedAverageShsOutDil": 7405063, "link": "https://www.sec.gov/Archives/edgar/data/19745/000095010997002305/0000950109-97-002305-index.html", "finalLink": "https://www.sec.gov/Archives/edgar/data/19745/", "calculatedOtherExpenses": 33600000, "calculatedOperatingExpenses": 33600000, "calculatedNetInterest": -2500000, "calculatedOtherIncome": 100000, "calculatedIncomeNonControlling": 0, "calculatedEbitda": 18900000}, {"date": "1995-12-31", "symbol": "CPK", "reportedCurrency": "USD", "cik": "0000019745", "fillingDate": "1996-03-27", "acceptedDate": "1996-03-27 00:00:00", "calendarYear": "1995", "period": "FY", "revenue": 104000000, "costOfRevenue": 58500000, "grossProfit": 45500000, "grossProfitRatio": 0.4375, "researchAndDevelopmentExpenses": 0, "generalAndAdministrativeExpenses": 0, "sellingAndMarketingExpenses": 0, "sellingGeneralAndAdministrativeExpenses": 0, "otherExpenses": 32000000, "operatingExpenses": 32000000, "costAndExpenses": 90500000, "interestIncome": 100000, "interestExpense": 2700000, "depreciationAndAmortization": 5700000, "ebitda": 19200000, "ebitdaratio": 0.1846153846, "operatingIncome": 13500000, "operatingIncomeRatio": 0.1298076923, "totalOtherIncomeExpensesNet": 200000, "incomeBeforeTax": 11200000, "incomeBeforeTaxRatio": 0.1076923077, "incomeTaxExpense": 4000000, "netIncome": 7200000, "netIncomeRatio": 0.0692307692, "eps": 1.17, "epsdiluted": 1.13, "weightedAverageShsOut": 6514286, "weightedAverageShsOutDil": 6705882, "link": "https://www.sec.gov/Archives/edgar/data/19745/000095010996001767/0000950109-96-001767-index.html", "finalLink": "https://www.sec.gov/Archives/edgar/data/19745/", "calculatedOtherExpenses": 32000000, "calculatedOperatingExpenses": 32000000, "calculatedNetInterest": -2600000, "calculatedOtherIncome": 300000, "calculatedIncomeNonControlling": 0, "calculatedEbitda": 19200000}, {"date": "1994-12-31", "symbol": "CPK", "reportedCurrency": "USD", "cik": "0000019745", "fillingDate": "1995-03-30", "acceptedDate": "1995-03-30 00:00:00", "calendarYear": "1994", "period": "FY", "revenue": 98600000, "costOfRevenue": 59000000, "grossProfit": 39600000, "grossProfitRatio": 0.4016227181, "researchAndDevelopmentExpenses": 0, "generalAndAdministrativeExpenses": 0, "sellingAndMarketingExpenses": 0, "sellingGeneralAndAdministrativeExpenses": 0, "otherExpenses": 29800000, "operatingExpenses": 29800000, "costAndExpenses": 88800000, "interestIncome": 100000, "interestExpense": 2800000, "depreciationAndAmortization": 5900000, "ebitda": 15700000, "ebitdaratio": 0.1592292089, "operatingIncome": 9800000, "operatingIncomeRatio": 0.0993914807, "totalOtherIncomeExpensesNet": -200000, "incomeBeforeTax": 7000000, "incomeBeforeTaxRatio": 0.0709939148, "incomeTaxExpense": 2500000, "netIncome": 4500000, "netIncomeRatio": 0.0456389452, "eps": 0.82, "epsdiluted": 0.8, "weightedAverageShsOut": 5487805, "weightedAverageShsOutDil": 5625000, "link": "https://www.sec.gov/Archives/edgar/data/19745/000095010995000991/0000950109-95-000991-index.html", "finalLink": "https://www.sec.gov/Archives/edgar/data/19745/", "calculatedOtherExpenses": 29800000, "calculatedOperatingExpenses": 29800000, "calculatedNetInterest": -2700000, "calculatedOtherIncome": -100000, "calculatedIncomeNonControlling": 0, "calculatedEbitda": 15700000}, {"date": "1993-12-31", "symbol": "CPK", "reportedCurrency": "USD", "cik": "0000019745", "fillingDate": "1993-12-31", "acceptedDate": "1993-12-30 19:00:00", "calendarYear": "1993", "period": "FY", "revenue": 85900000, "costOfRevenue": 0, "grossProfit": 85900000, "grossProfitRatio": 1, "researchAndDevelopmentExpenses": 0, "generalAndAdministrativeExpenses": 0, "sellingAndMarketingExpenses": 0, "sellingGeneralAndAdministrativeExpenses": 0, "otherExpenses": 0, "operatingExpenses": 0, "costAndExpenses": 0, "interestIncome": 0, "interestExpense": 0, "depreciationAndAmortization": 0, "ebitda": 85900000, "ebitdaratio": 1, "operatingIncome": 85900000, "operatingIncomeRatio": 1, "totalOtherIncomeExpensesNet": 0, "incomeBeforeTax": 0, "incomeBeforeTaxRatio": 0, "incomeTaxExpense": -4000000, "netIncome": 4000000, "netIncomeRatio": 0.0465657742, "eps": 0.75, "epsdiluted": 0.73, "weightedAverageShsOut": 5357143, "weightedAverageShsOutDil": 5454545, "link": "", "finalLink": "", "calculatedOtherExpenses": 0, "calculatedOperatingExpenses": 0, "calculatedNetInterest": 0, "calculatedOtherIncome": -85900000, "calculatedIncomeNonControlling": 0, "calculatedEbitda": 85900000}, {"date": "1992-12-31", "symbol": "CPK", "reportedCurrency": "USD", "cik": "0000019745", "fillingDate": "1992-12-31", "acceptedDate": "1992-12-30 19:00:00", "calendarYear": "1992", "period": "FY", "revenue": 75900000, "costOfRevenue": 0, "grossProfit": 75900000, "grossProfitRatio": 1, "researchAndDevelopmentExpenses": 0, "generalAndAdministrativeExpenses": 0, "sellingAndMarketingExpenses": 0, "sellingGeneralAndAdministrativeExpenses": 0, "otherExpenses": 0, "operatingExpenses": 0, "costAndExpenses": 0, "interestIncome": 0, "interestExpense": 0, "depreciationAndAmortization": 0, "ebitda": 75900000, "ebitdaratio": 1, "operatingIncome": 75900000, "operatingIncomeRatio": 1, "totalOtherIncomeExpensesNet": 0, "incomeBeforeTax": 0, "incomeBeforeTaxRatio": 0, "incomeTaxExpense": -3600000, "netIncome": 3600000, "netIncomeRatio": 0.04743083, "eps": 0.68, "epsdiluted": 0.68, "weightedAverageShsOut": 5294118, "weightedAverageShsOutDil": 5294118, "link": "", "finalLink": "", "calculatedOtherExpenses": 0, "calculatedOperatingExpenses": 0, "calculatedNetInterest": 0, "calculatedOtherIncome": -75900000, "calculatedIncomeNonControlling": 0, "calculatedEbitda": 75900000}, {"date": "1991-12-31", "symbol": "CPK", "reportedCurrency": "USD", "cik": "0000019745", "fillingDate": "1991-12-31", "acceptedDate": "1991-12-30 19:00:00", "calendarYear": "1991", "period": "FY", "revenue": 69800000, "costOfRevenue": 0, "grossProfit": 69800000, "grossProfitRatio": 1, "researchAndDevelopmentExpenses": 0, "generalAndAdministrativeExpenses": 0, "sellingAndMarketingExpenses": 0, "sellingGeneralAndAdministrativeExpenses": 0, "otherExpenses": 0, "operatingExpenses": 0, "costAndExpenses": 0, "interestIncome": 0, "interestExpense": 0, "depreciationAndAmortization": 0, "ebitda": 69800000, "ebitdaratio": 1, "operatingIncome": 69800000, "operatingIncomeRatio": 1, "totalOtherIncomeExpensesNet": 0, "incomeBeforeTax": 0, "incomeBeforeTaxRatio": 0, "incomeTaxExpense": -2500000, "netIncome": 2500000, "netIncomeRatio": 0.0358166189, "eps": 0.49, "epsdiluted": 0.49, "weightedAverageShsOut": 5136986, "weightedAverageShsOutDil": 5136986, "link": "", "finalLink": "", "calculatedOtherExpenses": 0, "calculatedOperatingExpenses": 0, "calculatedNetInterest": 0, "calculatedOtherIncome": -69800000, "calculatedIncomeNonControlling": 0, "calculatedEbitda": 69800000}, {"date": "1990-12-31", "symbol": "CPK", "reportedCurrency": "USD", "cik": "0000019745", "fillingDate": "1990-12-31", "acceptedDate": "1990-12-30 19:00:00", "calendarYear": "1990", "period": "FY", "revenue": 86600000, "costOfRevenue": 0, "grossProfit": 86600000, "grossProfitRatio": 1, "researchAndDevelopmentExpenses": 0, "generalAndAdministrativeExpenses": 0, "sellingAndMarketingExpenses": 0, "sellingGeneralAndAdministrativeExpenses": 0, "otherExpenses": 0, "operatingExpenses": 0, "costAndExpenses": 0, "interestIncome": 0, "interestExpense": 0, "depreciationAndAmortization": 0, "ebitda": 86600000, "ebitdaratio": 1, "operatingIncome": 86600000, "operatingIncomeRatio": 1, "totalOtherIncomeExpensesNet": 0, "incomeBeforeTax": 0, "incomeBeforeTaxRatio": 0, "incomeTaxExpense": -3100000, "netIncome": 3100000, "netIncomeRatio": 0.0357967667, "eps": 0.61, "epsdiluted": 0.61, "weightedAverageShsOut": 5109890, "weightedAverageShsOutDil": 5109890, "link": "", "finalLink": "", "calculatedOtherExpenses": 0, "calculatedOperatingExpenses": 0, "calculatedNetInterest": 0, "calculatedOtherIncome": -86600000, "calculatedIncomeNonControlling": 0, "calculatedEbitda": 86600000}, {"date": "1989-12-31", "symbol": "CPK", "reportedCurrency": "USD", "cik": "0000019745", "fillingDate": "1989-12-31", "acceptedDate": "1989-12-30 19:00:00", "calendarYear": "1989", "period": "FY", "revenue": 80200000, "costOfRevenue": 0, "grossProfit": 80200000, "grossProfitRatio": 1, "researchAndDevelopmentExpenses": 0, "generalAndAdministrativeExpenses": 0, "sellingAndMarketingExpenses": 0, "sellingGeneralAndAdministrativeExpenses": 0, "otherExpenses": 0, "operatingExpenses": 0, "costAndExpenses": 0, "interestIncome": 0, "interestExpense": 0, "depreciationAndAmortization": 0, "ebitda": 80200000, "ebitdaratio": 1, "operatingIncome": 80200000, "operatingIncomeRatio": 1, "totalOtherIncomeExpensesNet": 0, "incomeBeforeTax": 0, "incomeBeforeTaxRatio": 0, "incomeTaxExpense": -3600000, "netIncome": 3600000, "netIncomeRatio": 0.0448877805, "eps": 0.73, "epsdiluted": 0.73, "weightedAverageShsOut": 4909091, "weightedAverageShsOutDil": 4909091, "link": "", "finalLink": "", "calculatedOtherExpenses": 0, "calculatedOperatingExpenses": 0, "calculatedNetInterest": 0, "calculatedOtherIncome": -80200000, "calculatedIncomeNonControlling": 0, "calculatedEbitda": 80200000}, {"date": "1988-12-31", "symbol": "CPK", "reportedCurrency": "USD", "cik": "0000019745", "fillingDate": "1988-12-31", "acceptedDate": "1988-12-30 19:00:00", "calendarYear": "1988", "period": "FY", "revenue": 58600000, "costOfRevenue": 0, "grossProfit": 58600000, "grossProfitRatio": 1, "researchAndDevelopmentExpenses": 0, "generalAndAdministrativeExpenses": 0, "sellingAndMarketingExpenses": 0, "sellingGeneralAndAdministrativeExpenses": 0, "otherExpenses": 0, "operatingExpenses": 0, "costAndExpenses": 0, "interestIncome": 0, "interestExpense": 0, "depreciationAndAmortization": 0, "ebitda": 58600000, "ebitdaratio": 1, "operatingIncome": 58600000, "operatingIncomeRatio": 1, "totalOtherIncomeExpensesNet": 0, "incomeBeforeTax": 0, "incomeBeforeTaxRatio": 0, "incomeTaxExpense": -2800000, "netIncome": 2800000, "netIncomeRatio": 0.04778157, "eps": 0.71, "epsdiluted": 0.71, "weightedAverageShsOut": 3925234, "weightedAverageShsOutDil": 3925234, "link": "", "finalLink": "", "calculatedOtherExpenses": 0, "calculatedOperatingExpenses": 0, "calculatedNetInterest": 0, "calculatedOtherIncome": -58600000, "calculatedIncomeNonControlling": 0, "calculatedEbitda": 58600000}, {"date": "1987-12-31", "symbol": "CPK", "reportedCurrency": "USD", "cik": "0000019745", "fillingDate": "1987-12-31", "acceptedDate": "1987-12-30 19:00:00", "calendarYear": "1987", "period": "FY", "revenue": 55800000, "costOfRevenue": 0, "grossProfit": 55800000, "grossProfitRatio": 1, "researchAndDevelopmentExpenses": 0, "generalAndAdministrativeExpenses": 0, "sellingAndMarketingExpenses": 0, "sellingGeneralAndAdministrativeExpenses": 0, "otherExpenses": 0, "operatingExpenses": 0, "costAndExpenses": 0, "interestIncome": 0, "interestExpense": 0, "depreciationAndAmortization": 0, "ebitda": 55800000, "ebitdaratio": 1, "operatingIncome": 55800000, "operatingIncomeRatio": 1, "totalOtherIncomeExpensesNet": 0, "incomeBeforeTax": 0, "incomeBeforeTaxRatio": 0, "incomeTaxExpense": -3300000, "netIncome": 3300000, "netIncomeRatio": 0.0591397849, "eps": 0.94, "epsdiluted": 0.94, "weightedAverageShsOut": 3510638, "weightedAverageShsOutDil": 3510638, "link": "", "finalLink": "", "calculatedOtherExpenses": 0, "calculatedOperatingExpenses": 0, "calculatedNetInterest": 0, "calculatedOtherIncome": -55800000, "calculatedIncomeNonControlling": 0, "calculatedEbitda": 55800000}, {"date": "1986-12-31", "symbol": "CPK", "reportedCurrency": "USD", "cik": "0000019745", "fillingDate": "1986-12-31", "acceptedDate": "1986-12-30 19:00:00", "calendarYear": "1986", "period": "FY", "revenue": 49700000, "costOfRevenue": 0, "grossProfit": 49700000, "grossProfitRatio": 1, "researchAndDevelopmentExpenses": 0, "generalAndAdministrativeExpenses": 0, "sellingAndMarketingExpenses": 0, "sellingGeneralAndAdministrativeExpenses": 0, "otherExpenses": 0, "operatingExpenses": 0, "costAndExpenses": 0, "interestIncome": 0, "interestExpense": 0, "depreciationAndAmortization": 0, "ebitda": 49700000, "ebitdaratio": 1, "operatingIncome": 49700000, "operatingIncomeRatio": 1, "totalOtherIncomeExpensesNet": 0, "incomeBeforeTax": 0, "incomeBeforeTaxRatio": 0, "incomeTaxExpense": -2500000, "netIncome": 2500000, "netIncomeRatio": 0.0503018109, "eps": 0.71, "epsdiluted": 0.71, "weightedAverageShsOut": 3537736, "weightedAverageShsOutDil": 3537736, "link": "", "finalLink": "", "calculatedOtherExpenses": 0, "calculatedOperatingExpenses": 0, "calculatedNetInterest": 0, "calculatedOtherIncome": -49700000, "calculatedIncomeNonControlling": 0, "calculatedEbitda": 49700000}, {"date": "1985-12-31", "symbol": "CPK", "reportedCurrency": "USD", "cik": "0000019745", "fillingDate": "1985-12-31", "acceptedDate": "1985-12-30 19:00:00", "calendarYear": "1985", "period": "FY", "revenue": 45900000, "costOfRevenue": 0, "grossProfit": 45900000, "grossProfitRatio": 1, "researchAndDevelopmentExpenses": 0, "generalAndAdministrativeExpenses": 0, "sellingAndMarketingExpenses": 0, "sellingGeneralAndAdministrativeExpenses": 0, "otherExpenses": 0, "operatingExpenses": 0, "costAndExpenses": 0, "interestIncome": 0, "interestExpense": 0, "depreciationAndAmortization": 0, "ebitda": 45900000, "ebitdaratio": 1, "operatingIncome": 45900000, "operatingIncomeRatio": 1, "totalOtherIncomeExpensesNet": 0, "incomeBeforeTax": 0, "incomeBeforeTaxRatio": 0, "incomeTaxExpense": -2900000, "netIncome": 2900000, "netIncomeRatio": 0.0631808279, "eps": 0.81, "epsdiluted": 0.81, "weightedAverageShsOut": 3565574, "weightedAverageShsOutDil": 3565574, "link": "", "finalLink": "", "calculatedOtherExpenses": 0, "calculatedOperatingExpenses": 0, "calculatedNetInterest": 0, "calculatedOtherIncome": -45900000, "calculatedIncomeNonControlling": 0, "calculatedEbitda": 45900000}]}