{"originalCurrency": "USD", "convertedCurrency": "USD", "report": [{"date": "2023-07-31", "symbol": "CPRT", "reportedCurrency": "USD", "cik": "0000900075", "fillingDate": "2023-09-28", "acceptedDate": "2023-09-28 16:38:17", "calendarYear": "2023", "period": "FY", "revenue": 3869518000, "costOfRevenue": 2132527000, "grossProfit": 1736991000, "grossProfitRatio": 0.4488907921, "researchAndDevelopmentExpenses": 0, "generalAndAdministrativeExpenses": 233041000, "sellingAndMarketingExpenses": 17800000, "sellingGeneralAndAdministrativeExpenses": 233041000, "otherExpenses": 1831000, "operatingExpenses": 250422000, "costAndExpenses": 2382949000, "interestIncome": 65928000, "interestExpense": 65928000, "depreciationAndAmortization": 159684000, "ebitda": 1646253000, "ebitdaratio": 0.4254413599, "operatingIncome": 1486569000, "operatingIncomeRatio": 0.3841742046, "totalOtherIncomeExpensesNet": 1831000, "incomeBeforeTax": 1554328000, "incomeBeforeTaxRatio": 0.4016851711, "incomeTaxExpense": 316587000, "netIncome": 1237741000, "netIncomeRatio": 0.3198695548, "eps": 1.3, "epsdiluted": 1.28, "weightedAverageShsOut": 953574000, "weightedAverageShsOutDil": 966647000, "link": "https://www.sec.gov/Archives/edgar/data/900075/000090007523000034/0000900075-23-000034-index.htm", "finalLink": "https://www.sec.gov/Archives/edgar/data/900075/000090007523000034/cprt-20230731.htm", "calculatedOtherExpenses": 17381000, "calculatedOperatingExpenses": 250422000, "calculatedNetInterest": 0, "calculatedOtherIncome": 67759000, "calculatedIncomeNonControlling": 0, "calculatedEbitda": 1646253000}, {"date": "2022-07-31", "symbol": "CPRT", "reportedCurrency": "USD", "cik": "0000900075", "fillingDate": "2022-09-27", "acceptedDate": "2022-09-27 16:27:24", "calendarYear": "2022", "period": "FY", "revenue": 3500921000, "costOfRevenue": 1894700000, "grossProfit": 1606221000, "grossProfitRatio": 0.4587995559, "researchAndDevelopmentExpenses": 0, "generalAndAdministrativeExpenses": 211152000, "sellingAndMarketingExpenses": 15400000, "sellingGeneralAndAdministrativeExpenses": 211152000, "otherExpenses": 20072000, "operatingExpenses": 231224000, "costAndExpenses": 2125924000, "interestIncome": 16687999, "interestExpense": 16688000, "depreciationAndAmortization": 138009000, "ebitda": 1513006000, "ebitdaratio": 0.4321737051, "operatingIncome": 1374997000, "operatingIncomeRatio": 0.3927529356, "totalOtherIncomeExpensesNet": -34043000, "incomeBeforeTax": 1340954000, "incomeBeforeTaxRatio": 0.383028923, "incomeTaxExpense": 250824000, "netIncome": 1090130000, "netIncomeRatio": 0.3113837759, "eps": 1.15, "epsdiluted": 1.13, "weightedAverageShsOut": 949676000, "weightedAverageShsOutDil": 964604000, "link": "https://www.sec.gov/Archives/edgar/data/900075/000090007522000050/0000900075-22-000050-index.htm", "finalLink": "https://www.sec.gov/Archives/edgar/data/900075/000090007522000050/cprt-20220731.htm", "calculatedOtherExpenses": 20072000, "calculatedOperatingExpenses": 231224000, "calculatedNetInterest": -1, "calculatedOtherIncome": -34042999, "calculatedIncomeNonControlling": 0, "calculatedEbitda": 1513006000}, {"date": "2021-07-31", "symbol": "CPRT", "reportedCurrency": "USD", "cik": "0000900075", "fillingDate": "2021-09-27", "acceptedDate": "2021-09-27 16:53:05", "calendarYear": "2021", "period": "FY", "revenue": 2692511000, "costOfRevenue": 1349420000, "grossProfit": 1343091000, "grossProfitRatio": 0.498824703, "researchAndDevelopmentExpenses": 0, "generalAndAdministrativeExpenses": 185611000, "sellingAndMarketingExpenses": 13700000, "sellingGeneralAndAdministrativeExpenses": 185611000, "otherExpenses": 21054000, "operatingExpenses": 206665000, "costAndExpenses": 1556085000, "interestIncome": 20247000, "interestExpense": 20247000, "depreciationAndAmortization": 128751000, "ebitda": 1265177000, "ebitdaratio": 0.4698874025, "operatingIncome": 1136426000, "operatingIncomeRatio": 0.4220692135, "totalOtherIncomeExpensesNet": -14580000, "incomeBeforeTax": 1121846000, "incomeBeforeTaxRatio": 0.4166541938, "incomeTaxExpense": 185351000, "netIncome": 936495000, "netIncomeRatio": 0.347814735, "eps": 0.99, "epsdiluted": 0.97, "weightedAverageShsOut": 945008000, "weightedAverageShsOutDil": 961160000, "link": "https://www.sec.gov/Archives/edgar/data/900075/000090007521000022/0000900075-21-000022-index.htm", "finalLink": "https://www.sec.gov/Archives/edgar/data/900075/000090007521000022/cprt-20210731.htm", "calculatedOtherExpenses": 21054000, "calculatedOperatingExpenses": 206665000, "calculatedNetInterest": 0, "calculatedOtherIncome": -14580000, "calculatedIncomeNonControlling": 0, "calculatedEbitda": 1265177000}, {"date": "2020-07-31", "symbol": "CPRT", "reportedCurrency": "USD", "cik": "0000900075", "fillingDate": "2020-09-28", "acceptedDate": "2020-09-28 16:48:27", "calendarYear": "2020", "period": "FY", "revenue": 2205583000, "costOfRevenue": 1197781000, "grossProfit": 1007802000, "grossProfitRatio": 0.4569322488, "researchAndDevelopmentExpenses": 0, "generalAndAdministrativeExpenses": 167312000, "sellingAndMarketingExpenses": 7700000, "sellingGeneralAndAdministrativeExpenses": 167312000, "otherExpenses": 24391000, "operatingExpenses": 191703000, "costAndExpenses": 1389484000, "interestIncome": 1359000, "interestExpense": 18871000, "depreciationAndAmortization": 107868000, "ebitda": 923967000, "ebitdaratio": 0.4189218905, "operatingIncome": 816099000, "operatingIncomeRatio": 0.3700150935, "totalOtherIncomeExpensesNet": -15260000, "incomeBeforeTax": 800839000, "incomeBeforeTaxRatio": 0.3630962879, "incomeTaxExpense": 100932000, "netIncome": 699907000, "netIncomeRatio": 0.3173342377, "eps": 0.75, "epsdiluted": 0.73, "weightedAverageShsOut": 932808000, "weightedAverageShsOutDil": 954624000, "link": "https://www.sec.gov/Archives/edgar/data/900075/000090007520000021/0000900075-20-000021-index.htm", "finalLink": "https://www.sec.gov/Archives/edgar/data/900075/000090007520000021/cprt-20200731.htm", "calculatedOtherExpenses": 24391000, "calculatedOperatingExpenses": 191703000, "calculatedNetInterest": -17512000, "calculatedOtherIncome": 2252000, "calculatedIncomeNonControlling": 0, "calculatedEbitda": 923967000}, {"date": "2019-07-31", "symbol": "CPRT", "reportedCurrency": "USD", "cik": "0000900075", "fillingDate": "2019-09-30", "acceptedDate": "2019-09-30 16:54:57", "calendarYear": "2019", "period": "FY", "revenue": 2041957000, "costOfRevenue": 1143615000, "grossProfit": 898342000, "grossProfitRatio": 0.4399416834, "researchAndDevelopmentExpenses": 0, "generalAndAdministrativeExpenses": 160139000, "sellingAndMarketingExpenses": 7500000, "sellingGeneralAndAdministrativeExpenses": 160139000, "otherExpenses": 21728000, "operatingExpenses": 181867000, "costAndExpenses": 1325482000, "interestIncome": 2225000, "interestExpense": 17585000, "depreciationAndAmortization": 91395000, "ebitda": 807870000, "ebitdaratio": 0.3956351676, "operatingIncome": 716475000, "operatingIncomeRatio": 0.3508766345, "totalOtherIncomeExpensesNet": -11524000, "incomeBeforeTax": 704951000, "incomeBeforeTaxRatio": 0.3452330289, "incomeTaxExpense": 113258000, "netIncome": 591693000, "netIncomeRatio": 0.2897676102, "eps": 0.64, "epsdiluted": 0.62, "weightedAverageShsOut": 921956000, "weightedAverageShsOutDil": 961812000, "link": "https://www.sec.gov/Archives/edgar/data/900075/000090007519000022/0000900075-19-000022-index.htm", "finalLink": "https://www.sec.gov/Archives/edgar/data/900075/000090007519000022/cprt07312019-10k.htm", "calculatedOtherExpenses": 21728000, "calculatedOperatingExpenses": 181867000, "calculatedNetInterest": -15360000, "calculatedOtherIncome": 3836000, "calculatedIncomeNonControlling": 0, "calculatedEbitda": 807870000}, {"date": "2018-07-31", "symbol": "CPRT", "reportedCurrency": "USD", "cik": "0000900075", "fillingDate": "2018-10-01", "acceptedDate": "2018-10-01 16:48:26", "calendarYear": "2018", "period": "FY", "revenue": 1805695000, "costOfRevenue": 1043329000, "grossProfit": 762366000, "grossProfitRatio": 0.42220087, "researchAndDevelopmentExpenses": 15500000, "generalAndAdministrativeExpenses": 155522000, "sellingAndMarketingExpenses": 5900000, "sellingGeneralAndAdministrativeExpenses": 155522000, "otherExpenses": 21368000, "operatingExpenses": 176890000, "costAndExpenses": 1220219000, "interestIncome": 1293000, "interestExpense": 19075000, "depreciationAndAmortization": 77412000, "ebitda": 661757000, "ebitdaratio": 0.3664832654, "operatingIncome": 584345000, "operatingIncomeRatio": 0.3236122379, "totalOtherIncomeExpensesNet": -21834000, "incomeBeforeTax": 562511000, "incomeBeforeTaxRatio": 0.3115204949, "incomeTaxExpense": 144504000, "netIncome": 417867000, "netIncomeRatio": 0.2314161583, "eps": 0.45, "epsdiluted": 0.43, "weightedAverageShsOut": 927172000, "weightedAverageShsOutDil": 967508000, "link": "https://www.sec.gov/Archives/edgar/data/900075/000090007518000048/0000900075-18-000048-index.htm", "finalLink": "https://www.sec.gov/Archives/edgar/data/900075/000090007518000048/cprt07312018-10k.htm", "calculatedOtherExpenses": 6999000, "calculatedOperatingExpenses": 178021000, "calculatedNetInterest": -17782000, "calculatedOtherIncome": -4052000, "calculatedIncomeNonControlling": 140000, "calculatedEbitda": 661757000}, {"date": "2017-07-31", "symbol": "CPRT", "reportedCurrency": "USD", "cik": "0000900075", "fillingDate": "2017-09-28", "acceptedDate": "2017-09-27 20:34:54", "calendarYear": "2017", "period": "FY", "revenue": 1447981000, "costOfRevenue": 815953000, "grossProfit": 632028000, "grossProfitRatio": 0.4364891528, "researchAndDevelopmentExpenses": 19400000, "generalAndAdministrativeExpenses": 151364000, "sellingAndMarketingExpenses": 5600000, "sellingGeneralAndAdministrativeExpenses": 151364000, "otherExpenses": 1174000, "operatingExpenses": 151364000, "costAndExpenses": 967317000, "interestIncome": 1406000, "interestExpense": 23779000, "depreciationAndAmortization": 59987000, "ebitda": 521286000, "ebitdaratio": 0.3600088675, "operatingIncome": 461299000, "operatingIncomeRatio": 0.3185808377, "totalOtherIncomeExpensesNet": -21199000, "incomeBeforeTax": 440100000, "incomeBeforeTaxRatio": 0.3039404523, "incomeTaxExpense": 45839000, "netIncome": 394227000, "netIncomeRatio": 0.2722597879, "eps": 0.43, "epsdiluted": 0.42, "weightedAverageShsOut": 914744000, "weightedAverageShsOutDil": 948076000, "link": "https://www.sec.gov/Archives/edgar/data/900075/000090007517000044/0000900075-17-000044-index.htm", "finalLink": "https://www.sec.gov/Archives/edgar/data/900075/000090007517000044/cprt07312017-10k.htm", "calculatedOtherExpenses": -35000, "calculatedOperatingExpenses": 170729000, "calculatedNetInterest": -22373000, "calculatedOtherIncome": 1174000, "calculatedIncomeNonControlling": 34000, "calculatedEbitda": 521286000}, {"date": "2016-07-31", "symbol": "CPRT", "reportedCurrency": "USD", "cik": "0000900075", "fillingDate": "2016-09-28", "acceptedDate": "2016-09-28 17:29:23", "calendarYear": "2016", "period": "FY", "revenue": 1268449000, "costOfRevenue": 723863000, "grossProfit": 544586000, "grossProfitRatio": 0.4293322002, "researchAndDevelopmentExpenses": 29800000, "generalAndAdministrativeExpenses": 138116000, "sellingAndMarketingExpenses": 6800000, "sellingGeneralAndAdministrativeExpenses": 138116000, "otherExpenses": 11552000, "operatingExpenses": 138116000, "costAndExpenses": 861979000, "interestIncome": 1449000, "interestExpense": 23606000, "depreciationAndAmortization": 62644000, "ebitda": 469114000, "ebitdaratio": 0.3698327643, "operatingIncome": 406470000, "operatingIncomeRatio": 0.3204464665, "totalOtherIncomeExpensesNet": -10605000, "incomeBeforeTax": 395865000, "incomeBeforeTaxRatio": 0.3120858623, "incomeTaxExpense": 125505000, "netIncome": 270360000, "netIncomeRatio": 0.2131421918, "eps": 0.3, "epsdiluted": 0.28, "weightedAverageShsOut": 915384000, "weightedAverageShsOutDil": 977180000, "link": "https://www.sec.gov/Archives/edgar/data/900075/000090007516000081/0000900075-16-000081-index.htm", "finalLink": "https://www.sec.gov/Archives/edgar/data/900075/000090007516000081/cprt07312016-10k.htm", "calculatedOtherExpenses": -29800000, "calculatedOperatingExpenses": 138116000, "calculatedNetInterest": -22157000, "calculatedOtherIncome": 11552000, "calculatedIncomeNonControlling": 0, "calculatedEbitda": 469114000}, {"date": "2015-07-31", "symbol": "CPRT", "reportedCurrency": "USD", "cik": "0000900075", "fillingDate": "2015-09-25", "acceptedDate": "2015-09-25 17:28:10", "calendarYear": "2015", "period": "FY", "revenue": 1146079000, "costOfRevenue": 662703000, "grossProfit": 483376000, "grossProfitRatio": 0.4217649918, "researchAndDevelopmentExpenses": 0, "generalAndAdministrativeExpenses": 138975000, "sellingAndMarketingExpenses": 4900000, "sellingGeneralAndAdministrativeExpenses": 138975000, "otherExpenses": 4972000, "operatingExpenses": 138975000, "costAndExpenses": 801678000, "interestIncome": 817000, "interestExpense": 18121000, "depreciationAndAmortization": 54682000, "ebitda": 399083000, "ebitdaratio": 0.3482159607, "operatingIncome": 344401000, "operatingIncomeRatio": 0.3005037175, "totalOtherIncomeExpensesNet": -12332000, "incomeBeforeTax": 332069000, "incomeBeforeTaxRatio": 0.2897435517, "incomeTaxExpense": 112286000, "netIncome": 219783000, "netIncomeRatio": 0.1917695028, "eps": 0.22, "epsdiluted": 0.21, "weightedAverageShsOut": 1007316000, "weightedAverageShsOutDil": 1051404000, "link": "https://www.sec.gov/Archives/edgar/data/900075/000162828015007286/0001628280-15-007286-index.htm", "finalLink": "https://www.sec.gov/Archives/edgar/data/900075/000162828015007286/cprt07312015-10k.htm", "calculatedOtherExpenses": 0, "calculatedOperatingExpenses": 138975000, "calculatedNetInterest": -17304000, "calculatedOtherIncome": 4972000, "calculatedIncomeNonControlling": 0, "calculatedEbitda": 399083000}, {"date": "2014-07-31", "symbol": "CPRT", "reportedCurrency": "USD", "cik": "0000900075", "fillingDate": "2014-09-29", "acceptedDate": "2014-09-29 17:23:28", "calendarYear": "2014", "period": "FY", "revenue": 1163489000, "costOfRevenue": 694916000, "grossProfit": 468573000, "grossProfitRatio": 0.402730924, "researchAndDevelopmentExpenses": 0, "generalAndAdministrativeExpenses": 164535000, "sellingAndMarketingExpenses": 5000000, "sellingGeneralAndAdministrativeExpenses": 164535000, "otherExpenses": 3378000, "operatingExpenses": 164535000, "costAndExpenses": 859451000, "interestIncome": 491000, "interestExpense": 8768000, "depreciationAndAmortization": 57595000, "ebitda": 332529000, "ebitdaratio": 0.2858033037, "operatingIncome": 274934000, "operatingIncomeRatio": 0.2363013316, "totalOtherIncomeExpensesNet": -4899000, "incomeBeforeTax": 270035000, "incomeBeforeTaxRatio": 0.2320907202, "incomeTaxExpense": 91348000, "netIncome": 178687000, "netIncomeRatio": 0.1535785899, "eps": 0.18, "epsdiluted": 0.17, "weightedAverageShsOut": 1005544000, "weightedAverageShsOutDil": 1049840000, "link": "https://www.sec.gov/Archives/edgar/data/900075/000114544314001196/0001145443-14-001196-index.htm", "finalLink": "https://www.sec.gov/Archives/edgar/data/900075/000114544314001196/d31671.htm", "calculatedOtherExpenses": 29104000, "calculatedOperatingExpenses": 193639000, "calculatedNetInterest": -8277000, "calculatedOtherIncome": 3378000, "calculatedIncomeNonControlling": 0, "calculatedEbitda": 332529000}, {"date": "2013-07-31", "symbol": "CPRT", "reportedCurrency": "USD", "cik": "0000900075", "fillingDate": "2013-09-30", "acceptedDate": "2013-09-30 17:09:08", "calendarYear": "2013", "period": "FY", "revenue": 1046386000, "costOfRevenue": 625464000, "grossProfit": 420922000, "grossProfitRatio": 0.402262645, "researchAndDevelopmentExpenses": 0, "generalAndAdministrativeExpenses": 137930000, "sellingAndMarketingExpenses": 5000000, "sellingGeneralAndAdministrativeExpenses": 137930000, "otherExpenses": 3509000, "operatingExpenses": 137930000, "costAndExpenses": 763394000, "interestIncome": 638000, "interestExpense": 10267000, "depreciationAndAmortization": 60875000, "ebitda": 343867000, "ebitdaratio": 0.3286234716, "operatingIncome": 282992000, "operatingIncomeRatio": 0.2704470434, "totalOtherIncomeExpensesNet": -6120000, "incomeBeforeTax": 276872000, "incomeBeforeTaxRatio": 0.2645983413, "incomeTaxExpense": 96847000, "netIncome": 180025000, "netIncomeRatio": 0.1720445419, "eps": 0.18, "epsdiluted": 0.17, "weightedAverageShsOut": 999296000, "weightedAverageShsOutDil": 1038248000, "link": "https://www.sec.gov/Archives/edgar/data/900075/000114544313001938/0001145443-13-001938-index.htm", "finalLink": "https://www.sec.gov/Archives/edgar/data/900075/000114544313001938/d30512.htm", "calculatedOtherExpenses": 0, "calculatedOperatingExpenses": 137930000, "calculatedNetInterest": -9629000, "calculatedOtherIncome": 3509000, "calculatedIncomeNonControlling": 0, "calculatedEbitda": 343867000}, {"date": "2012-07-31", "symbol": "CPRT", "reportedCurrency": "USD", "cik": "0000900075", "fillingDate": "2012-10-01", "acceptedDate": "2012-10-01 14:44:35", "calendarYear": "2012", "period": "FY", "revenue": 924191000, "costOfRevenue": 514575000, "grossProfit": 409616000, "grossProfitRatio": 0.4432157422, "researchAndDevelopmentExpenses": 0, "generalAndAdministrativeExpenses": 114492000, "sellingAndMarketingExpenses": 0, "sellingGeneralAndAdministrativeExpenses": 114492000, "otherExpenses": 0, "operatingExpenses": 114492000, "costAndExpenses": 629067000, "interestIncome": 357000, "interestExpense": 11341000, "depreciationAndAmortization": 51211000, "ebitda": 337564000, "ebitdaratio": 0.3652535028, "operatingIncome": 286353000, "operatingIncomeRatio": 0.3098417968, "totalOtherIncomeExpensesNet": -8297000, "incomeBeforeTax": 278056000, "incomeBeforeTaxRatio": 0.3008642153, "incomeTaxExpense": 95937000, "netIncome": 182119000, "netIncomeRatio": 0.197057751, "eps": 0.18, "epsdiluted": 0.17, "weightedAverageShsOut": 1024960000, "weightedAverageShsOutDil": 1051424000, "link": "https://www.sec.gov/Archives/edgar/data/900075/000114544312001120/0001145443-12-001120-index.htm", "finalLink": "https://www.sec.gov/Archives/edgar/data/900075/000114544312001120/d29549.htm", "calculatedOtherExpenses": 8771000, "calculatedOperatingExpenses": 123263000, "calculatedNetInterest": -10984000, "calculatedOtherIncome": 2687000, "calculatedIncomeNonControlling": 0, "calculatedEbitda": 337564000}, {"date": "2011-07-31", "symbol": "CPRT", "reportedCurrency": "USD", "cik": "0000900075", "fillingDate": "2011-09-28", "acceptedDate": "2011-09-27 21:14:34", "calendarYear": "2011", "period": "FY", "revenue": 872246000, "costOfRevenue": 499351000, "grossProfit": 372895000, "grossProfitRatio": 0.4275112755, "researchAndDevelopmentExpenses": 0, "generalAndAdministrativeExpenses": 107605000, "sellingAndMarketingExpenses": 0, "sellingGeneralAndAdministrativeExpenses": 107605000, "otherExpenses": 0, "operatingExpenses": 107605000, "costAndExpenses": 606956000, "interestIncome": 493000, "interestExpense": 4078000, "depreciationAndAmortization": 48359000, "ebitda": 313649000, "ebitdaratio": 0.3595877768, "operatingIncome": 265290000, "operatingIncomeRatio": 0.3041458488, "totalOtherIncomeExpensesNet": -1413000, "incomeBeforeTax": 263877000, "incomeBeforeTaxRatio": 0.3025258929, "incomeTaxExpense": 97502000, "netIncome": 166375000, "netIncomeRatio": 0.1907432078, "eps": 0.14, "epsdiluted": 0.14, "weightedAverageShsOut": 1210384000, "weightedAverageShsOutDil": 1226816000, "link": "https://www.sec.gov/Archives/edgar/data/900075/000114544311000951/0001145443-11-000951-index.htm", "finalLink": "https://www.sec.gov/Archives/edgar/data/900075/000114544311000951/d27786.htm", "calculatedOtherExpenses": 0, "calculatedOperatingExpenses": 107605000, "calculatedNetInterest": -3585000, "calculatedOtherIncome": 2172000, "calculatedIncomeNonControlling": 0, "calculatedEbitda": 313649000}, {"date": "2010-07-31", "symbol": "CPRT", "reportedCurrency": "USD", "cik": "0000900075", "fillingDate": "2010-09-23", "acceptedDate": "2010-09-23 13:20:46", "calendarYear": "2010", "period": "FY", "revenue": 772879000, "costOfRevenue": 424885000, "grossProfit": 347994000, "grossProfitRatio": 0.4502567672, "researchAndDevelopmentExpenses": 0, "generalAndAdministrativeExpenses": 108924000, "sellingAndMarketingExpenses": 0, "sellingGeneralAndAdministrativeExpenses": 108924000, "otherExpenses": 424885000, "operatingExpenses": 108924000, "costAndExpenses": 533809000, "interestIncome": 205000, "interestExpense": 216000, "depreciationAndAmortization": 43883000, "ebitda": 282953000, "ebitdaratio": 0.3661025853, "operatingIncome": 239070000, "operatingIncomeRatio": 0.3093239692, "totalOtherIncomeExpensesNet": 425000, "incomeBeforeTax": 239495000, "incomeBeforeTaxRatio": 0.3098738612, "incomeTaxExpense": 87868000, "netIncome": 151627000, "netIncomeRatio": 0.196184655, "eps": 0.11, "epsdiluted": 0.11, "weightedAverageShsOut": 1346640000, "weightedAverageShsOutDil": 1360432000, "link": "https://www.sec.gov/Archives/edgar/data/900075/000104746910008242/0001047469-10-008242-index.htm", "finalLink": "https://www.sec.gov/Archives/edgar/data/900075/000104746910008242/a2200235z10-k.htm", "calculatedOtherExpenses": 0, "calculatedOperatingExpenses": 108924000, "calculatedNetInterest": -11000, "calculatedOtherIncome": 436000, "calculatedIncomeNonControlling": 0, "calculatedEbitda": 282953000}, {"date": "2009-07-31", "symbol": "CPRT", "reportedCurrency": "USD", "cik": "0000900075", "fillingDate": "2009-09-29", "acceptedDate": "2009-09-29 17:29:31", "calendarYear": "2009", "period": "FY", "revenue": 743082000, "costOfRevenue": 430822000, "grossProfit": 312260000, "grossProfitRatio": 0.4202228018, "researchAndDevelopmentExpenses": 0, "generalAndAdministrativeExpenses": 86935000, "sellingAndMarketingExpenses": 0, "sellingGeneralAndAdministrativeExpenses": 86935000, "otherExpenses": 430822000, "operatingExpenses": 86935000, "costAndExpenses": 517757000, "interestIncome": 1692000, "interestExpense": 274000, "depreciationAndAmortization": 45592000, "ebitda": 270917000, "ebitdaratio": 0.3645856043, "operatingIncome": 225325000, "operatingIncomeRatio": 0.3032303299, "totalOtherIncomeExpensesNet": 2407000, "incomeBeforeTax": 227732000, "incomeBeforeTaxRatio": 0.3064695417, "incomeTaxExpense": 88186000, "netIncome": 141103000, "netIncomeRatio": 0.1898888683, "eps": 0.11, "epsdiluted": 0.1, "weightedAverageShsOut": 1336592000, "weightedAverageShsOutDil": 1358880000, "link": "https://www.sec.gov/Archives/edgar/data/900075/000104746909008622/0001047469-09-008622-index.htm", "finalLink": "https://www.sec.gov/Archives/edgar/data/900075/000104746909008622/a2194735z10-k.htm", "calculatedOtherExpenses": 0, "calculatedOperatingExpenses": 86935000, "calculatedNetInterest": 1418000, "calculatedOtherIncome": 989000, "calculatedIncomeNonControlling": -1557000, "calculatedEbitda": 270917000}, {"date": "2008-07-31", "symbol": "CPRT", "reportedCurrency": "USD", "cik": "0000900075", "fillingDate": "2008-09-29", "acceptedDate": "2008-09-29 17:06:24", "calendarYear": "2008", "period": "FY", "revenue": 784848000, "costOfRevenue": 462589000, "grossProfit": 322259000, "grossProfitRatio": 0.4106005239, "researchAndDevelopmentExpenses": 0, "generalAndAdministrativeExpenses": 84342000, "sellingAndMarketingExpenses": 0, "sellingGeneralAndAdministrativeExpenses": 84342000, "otherExpenses": 462589000, "operatingExpenses": 84342000, "costAndExpenses": 546931000, "interestIncome": 7761000, "interestExpense": -11733000, "depreciationAndAmortization": 54537000, "ebitda": 292454000, "ebitdaratio": 0.3726250178, "operatingIncome": 237917000, "operatingIncomeRatio": 0.3031376776, "totalOtherIncomeExpensesNet": 11733000, "incomeBeforeTax": 249650000, "incomeBeforeTaxRatio": 0.3180870691, "incomeTaxExpense": 92718000, "netIncome": 156932000, "netIncomeRatio": 0.1999520926, "eps": 0.11, "epsdiluted": 0.11, "weightedAverageShsOut": 1398592000, "weightedAverageShsOutDil": 1437728000, "link": "https://www.sec.gov/Archives/edgar/data/900075/000104746908010447/0001047469-08-010447-index.htm", "finalLink": "https://www.sec.gov/Archives/edgar/data/900075/000104746908010447/a2188134z10-k.htm", "calculatedOtherExpenses": 0, "calculatedOperatingExpenses": 84342000, "calculatedNetInterest": 19494000, "calculatedOtherIncome": -7761000, "calculatedIncomeNonControlling": 0, "calculatedEbitda": 292454000}, {"date": "2007-07-31", "symbol": "CPRT", "reportedCurrency": "USD", "cik": "0000900075", "fillingDate": "2007-10-01", "acceptedDate": "2007-10-01 17:12:12", "calendarYear": "2007", "period": "FY", "revenue": 560680000, "costOfRevenue": 293898000, "grossProfit": 266782000, "grossProfitRatio": 0.4758186488, "researchAndDevelopmentExpenses": 0, "generalAndAdministrativeExpenses": 63637000, "sellingAndMarketingExpenses": 0, "sellingGeneralAndAdministrativeExpenses": 63637000, "otherExpenses": 293898000, "operatingExpenses": 63637000, "costAndExpenses": 357535000, "interestIncome": 13727000, "interestExpense": -14276000, "depreciationAndAmortization": 51365000, "ebitda": 254510000, "ebitdaratio": 0.453930941, "operatingIncome": 203145000, "operatingIncomeRatio": 0.3623189698, "totalOtherIncomeExpensesNet": 14276000, "incomeBeforeTax": 217421000, "incomeBeforeTaxRatio": 0.3877809089, "incomeTaxExpense": 81083000, "netIncome": 136338000, "netIncomeRatio": 0.243165442, "eps": 0.0938, "epsdiluted": 0.0913, "weightedAverageShsOut": 1450416000, "weightedAverageShsOutDil": 1495280000, "link": "https://www.sec.gov/Archives/edgar/data/900075/000110465907072450/0001104659-07-072450-index.htm", "finalLink": "https://www.sec.gov/Archives/edgar/data/900075/000110465907072450/a07-24987_110k.htm", "calculatedOtherExpenses": 0, "calculatedOperatingExpenses": 63637000, "calculatedNetInterest": 28003000, "calculatedOtherIncome": -13727000, "calculatedIncomeNonControlling": 0, "calculatedEbitda": 254510000}, {"date": "2006-07-31", "symbol": "CPRT", "reportedCurrency": "USD", "cik": "0000900075", "fillingDate": "2006-10-31", "acceptedDate": "2006-10-31 17:19:28", "calendarYear": "2006", "period": "FY", "revenue": 528571000, "costOfRevenue": 298023000, "grossProfit": 230548000, "grossProfitRatio": 0.4361722455, "researchAndDevelopmentExpenses": 0, "generalAndAdministrativeExpenses": 58986000, "sellingAndMarketingExpenses": 0, "sellingGeneralAndAdministrativeExpenses": 58986000, "otherExpenses": 298023000, "operatingExpenses": 58986000, "costAndExpenses": 357009000, "interestIncome": 8182000, "interestExpense": 12753000, "depreciationAndAmortization": 18703000, "ebitda": 190265000, "ebitdaratio": 0.3599611027, "operatingIncome": 171562000, "operatingIncomeRatio": 0.3245770199, "totalOtherIncomeExpensesNet": 2960000, "incomeBeforeTax": 174522000, "incomeBeforeTaxRatio": 0.3301770245, "incomeTaxExpense": 61862000, "netIncome": 96947000, "netIncomeRatio": 0.183413392, "eps": 0.0669, "epsdiluted": 0.065, "weightedAverageShsOut": 1445952000, "weightedAverageShsOutDil": 1486800000, "link": "https://www.sec.gov/Archives/edgar/data/900075/000110465906069980/0001104659-06-069980-index.htm", "finalLink": "https://www.sec.gov/Archives/edgar/data/900075/000110465906069980/a06-21244_210k.htm", "calculatedOtherExpenses": 0, "calculatedOperatingExpenses": 58986000, "calculatedNetInterest": -4571000, "calculatedOtherIncome": 7531000, "calculatedIncomeNonControlling": 15713000, "calculatedEbitda": 190265000}, {"date": "2005-07-31", "symbol": "CPRT", "reportedCurrency": "USD", "cik": "0000900075", "fillingDate": "2005-10-14", "acceptedDate": "2005-10-14 16:33:50", "calendarYear": "2005", "period": "FY", "revenue": 457111000, "costOfRevenue": 253273000, "grossProfit": 203838000, "grossProfitRatio": 0.4459267005, "researchAndDevelopmentExpenses": 0, "generalAndAdministrativeExpenses": 46979000, "sellingAndMarketingExpenses": 0, "sellingGeneralAndAdministrativeExpenses": 46979000, "otherExpenses": 253273000, "operatingExpenses": 46979000, "costAndExpenses": 300252000, "interestIncome": 4919000, "interestExpense": -8210000, "depreciationAndAmortization": 39506000, "ebitda": 196365000, "ebitdaratio": 0.4295783737, "operatingIncome": 156859000, "operatingIncomeRatio": 0.343152976, "totalOtherIncomeExpensesNet": 8210000, "incomeBeforeTax": 165069000, "incomeBeforeTaxRatio": 0.3611136026, "incomeTaxExpense": 62953000, "netIncome": 102116000, "netIncomeRatio": 0.2233943178, "eps": 0.0706, "epsdiluted": 0.0688, "weightedAverageShsOut": 1442592000, "weightedAverageShsOutDil": 1487744000, "link": "https://www.sec.gov/Archives/edgar/data/900075/000110465905048573/0001104659-05-048573-index.htm", "finalLink": "https://www.sec.gov/Archives/edgar/data/900075/000110465905048573/a05-17564_110k.htm", "calculatedOtherExpenses": 0, "calculatedOperatingExpenses": 46979000, "calculatedNetInterest": 13129000, "calculatedOtherIncome": -4919000, "calculatedIncomeNonControlling": 0, "calculatedEbitda": 196365000}, {"date": "2004-07-31", "symbol": "CPRT", "reportedCurrency": "USD", "cik": "0000900075", "fillingDate": "2004-10-14", "acceptedDate": "2004-10-14 14:37:40", "calendarYear": "2004", "period": "FY", "revenue": 400796300, "costOfRevenue": 208756600, "grossProfit": 192039700, "grossProfitRatio": 0.4791453913, "researchAndDevelopmentExpenses": 0, "generalAndAdministrativeExpenses": 36465800, "sellingAndMarketingExpenses": 0, "sellingGeneralAndAdministrativeExpenses": 36465800, "otherExpenses": 30808300, "operatingExpenses": 67274100, "costAndExpenses": 276030700, "interestIncome": 1509100000, "interestExpense": -5530900, "depreciationAndAmortization": 36339200, "ebitda": 161104800, "ebitdaratio": 0.4019617946, "operatingIncome": 124765600, "operatingIncomeRatio": 0.3112942909, "totalOtherIncomeExpensesNet": 5530900, "incomeBeforeTax": 130296500, "incomeBeforeTaxRatio": 0.325094069, "incomeTaxExpense": 51076200, "netIncome": 79220300, "netIncomeRatio": 0.1976572638, "eps": 0.0556, "epsdiluted": 0.0544, "weightedAverageShsOut": 1431312000, "weightedAverageShsOutDil": 1464592000, "link": "https://www.sec.gov/Archives/edgar/data/900075/000095013404015006/0000950134-04-015006-index.htm", "finalLink": "https://www.sec.gov/Archives/edgar/data/900075/000095013404015006/f02285e10vk.htm", "calculatedOtherExpenses": 30808300, "calculatedOperatingExpenses": 67274100, "calculatedNetInterest": 1514630900, "calculatedOtherIncome": -1509100000, "calculatedIncomeNonControlling": 0, "calculatedEbitda": 161104800}, {"date": "2003-07-31", "symbol": "CPRT", "reportedCurrency": "USD", "cik": "0000900075", "fillingDate": "2003-10-17", "acceptedDate": "2003-10-17 17:25:35", "calendarYear": "2003", "period": "FY", "revenue": 347423100, "costOfRevenue": 202419900, "grossProfit": 145003200, "grossProfitRatio": 0.4173677571, "researchAndDevelopmentExpenses": 0, "generalAndAdministrativeExpenses": 28703700, "sellingAndMarketingExpenses": 0, "sellingGeneralAndAdministrativeExpenses": 28703700, "otherExpenses": 25545500, "operatingExpenses": 54249200, "costAndExpenses": 256669100, "interestIncome": 1651000000, "interestExpense": -3413100, "depreciationAndAmortization": 28958100, "ebitda": 119712100, "ebitdaratio": 0.3445715037, "operatingIncome": 90754000, "operatingIncomeRatio": 0.2612203967, "totalOtherIncomeExpensesNet": 3413100, "incomeBeforeTax": 94167100, "incomeBeforeTaxRatio": 0.2710444412, "incomeTaxExpense": 36944900, "netIncome": 57222200, "netIncomeRatio": 0.1647046497, "eps": 0.0394, "epsdiluted": 0.0388, "weightedAverageShsOut": 1462528000, "weightedAverageShsOutDil": 1488288000, "link": "https://www.sec.gov/Archives/edgar/data/900075/000104746903033615/0001047469-03-033615-index.htm", "finalLink": "https://www.sec.gov/Archives/edgar/data/900075/000104746903033615/a2120542z10-k.htm", "calculatedOtherExpenses": 25545500, "calculatedOperatingExpenses": 54249200, "calculatedNetInterest": 1654413100, "calculatedOtherIncome": -1651000000, "calculatedIncomeNonControlling": 0, "calculatedEbitda": 119712100}, {"date": "2002-07-31", "symbol": "CPRT", "reportedCurrency": "USD", "cik": "0000900075", "fillingDate": "2002-10-29", "acceptedDate": "2002-10-29 15:05:07", "calendarYear": "2002", "period": "FY", "revenue": 316455800, "costOfRevenue": 186952500, "grossProfit": 129503300, "grossProfitRatio": 0.4092302938, "researchAndDevelopmentExpenses": 0, "generalAndAdministrativeExpenses": 23255600, "sellingAndMarketingExpenses": 0, "sellingGeneralAndAdministrativeExpenses": 23255600, "otherExpenses": 16308200, "operatingExpenses": 39563800, "costAndExpenses": 226516300, "interestIncome": 1870000, "interestExpense": -3718100, "depreciationAndAmortization": 20026300, "ebitda": 109965800, "ebitdaratio": 0.347491814, "operatingIncome": 89939500, "operatingIncomeRatio": 0.2842087268, "totalOtherIncomeExpensesNet": 3718100, "incomeBeforeTax": 93657600, "incomeBeforeTaxRatio": 0.2959579189, "incomeTaxExpense": 36268400, "netIncome": 57389200, "netIncomeRatio": 0.1813498125, "eps": 0.0406, "epsdiluted": 0.0394, "weightedAverageShsOut": 1419481600, "weightedAverageShsOutDil": 1460016000, "link": "https://www.sec.gov/Archives/edgar/data/900075/000091205702040105/0000912057-02-040105-index.htm", "finalLink": "https://www.sec.gov/Archives/edgar/data/900075/000091205702040105/a2091466z10-k.htm", "calculatedOtherExpenses": 16308200, "calculatedOperatingExpenses": 39563800, "calculatedNetInterest": 5588100, "calculatedOtherIncome": -1870000, "calculatedIncomeNonControlling": 0, "calculatedEbitda": 109965800}, {"date": "2001-07-31", "symbol": "CPRT", "reportedCurrency": "USD", "cik": "0000900075", "fillingDate": "2001-10-03", "acceptedDate": "2001-10-03 00:00:00", "calendarYear": "2001", "period": "FY", "revenue": 253889400, "costOfRevenue": 152052500, "grossProfit": 101836900, "grossProfitRatio": 0.4011073326, "researchAndDevelopmentExpenses": 0, "generalAndAdministrativeExpenses": 19369600, "sellingAndMarketingExpenses": 0, "sellingGeneralAndAdministrativeExpenses": 19369600, "otherExpenses": 14350000, "operatingExpenses": 33719600, "costAndExpenses": 185772100, "interestIncome": 1498100, "interestExpense": -2926400, "depreciationAndAmortization": 17276400, "ebitda": 85393700, "ebitdaratio": 0.3363421238, "operatingIncome": 68117300, "operatingIncomeRatio": 0.268295171, "totalOtherIncomeExpensesNet": 2926400, "incomeBeforeTax": 71043700, "incomeBeforeTaxRatio": 0.2798214498, "incomeTaxExpense": 28358700, "netIncome": 42685000, "netIncomeRatio": 0.168124388, "eps": 0.0325, "epsdiluted": 0.0313, "weightedAverageShsOut": 1317432000, "weightedAverageShsOutDil": 1353830400, "link": "https://www.sec.gov/Archives/edgar/data/900075/000091205701534314/0000912057-01-534314-index.htm", "finalLink": "https://www.sec.gov/Archives/edgar/data/900075/000091205701534314/a2059632z10-k405.htm", "calculatedOtherExpenses": 14350000, "calculatedOperatingExpenses": 33719600, "calculatedNetInterest": 4424500, "calculatedOtherIncome": -1498100, "calculatedIncomeNonControlling": 0, "calculatedEbitda": 85393700}, {"date": "2000-07-31", "symbol": "CPRT", "reportedCurrency": "USD", "cik": "0000900075", "fillingDate": "2000-10-26", "acceptedDate": "2000-10-26 00:00:00", "calendarYear": "2000", "period": "FY", "revenue": 190042300, "costOfRevenue": 116697300, "grossProfit": 73345000, "grossProfitRatio": 0.3859403933, "researchAndDevelopmentExpenses": 0, "generalAndAdministrativeExpenses": 15649800, "sellingAndMarketingExpenses": 0, "sellingGeneralAndAdministrativeExpenses": 15649800, "otherExpenses": 11479000, "operatingExpenses": 27128800, "costAndExpenses": 143826100, "interestIncome": 0, "interestExpense": -1757800, "depreciationAndAmortization": 13236800, "ebitda": 59453000, "ebitdaratio": 0.3128408781, "operatingIncome": 46216200, "operatingIncomeRatio": 0.2431890163, "totalOtherIncomeExpensesNet": 1757800, "incomeBeforeTax": 47974000, "incomeBeforeTaxRatio": 0.2524385361, "incomeTaxExpense": 18544900, "netIncome": 29429100, "netIncomeRatio": 0.1548555243, "eps": 0.0229, "epsdiluted": 0.0221, "weightedAverageShsOut": 1293619200, "weightedAverageShsOutDil": 1332638491, "link": "https://www.sec.gov/Archives/edgar/data/900075/000091205700046005/0000912057-00-046005-index.htm", "finalLink": "https://www.sec.gov/Archives/edgar/data/900075/000091205700046005/a2028465z10-k405.txt", "calculatedOtherExpenses": 11479000, "calculatedOperatingExpenses": 27128800, "calculatedNetInterest": 1757800, "calculatedOtherIncome": 0, "calculatedIncomeNonControlling": 0, "calculatedEbitda": 59453000}, {"date": "1999-07-31", "symbol": "CPRT", "reportedCurrency": "USD", "cik": "0000900075", "fillingDate": "1999-10-18", "acceptedDate": "1999-10-18 00:00:00", "calendarYear": "1999", "period": "FY", "revenue": 141800000, "costOfRevenue": 86500000, "grossProfit": 55300000, "grossProfitRatio": 0.3899858956, "researchAndDevelopmentExpenses": 0, "generalAndAdministrativeExpenses": 12100000, "sellingAndMarketingExpenses": 0, "sellingGeneralAndAdministrativeExpenses": 12100000, "otherExpenses": 9800000, "operatingExpenses": 21900000, "costAndExpenses": 108400000, "interestIncome": 0, "interestExpense": -1800000, "depreciationAndAmortization": 11600000, "ebitda": 45000000, "ebitdaratio": 0.317348378, "operatingIncome": 33400000, "operatingIncomeRatio": 0.2355430183, "totalOtherIncomeExpensesNet": 1800000, "incomeBeforeTax": 35200000, "incomeBeforeTaxRatio": 0.2482369535, "incomeTaxExpense": 13200000, "netIncome": 22000000, "netIncomeRatio": 0.1551480959, "eps": 0.0171, "epsdiluted": 0.0167, "weightedAverageShsOut": 1281004800, "weightedAverageShsOutDil": 1320000000, "link": "https://www.sec.gov/Archives/edgar/data/900075/000091205799001454/0000912057-99-001454-index.html", "finalLink": "https://www.sec.gov/Archives/edgar/data/900075/000091205799001454/", "calculatedOtherExpenses": 9800000, "calculatedOperatingExpenses": 21900000, "calculatedNetInterest": 1800000, "calculatedOtherIncome": 0, "calculatedIncomeNonControlling": 0, "calculatedEbitda": 45000000}, {"date": "1998-07-31", "symbol": "CPRT", "reportedCurrency": "USD", "cik": "0000900075", "fillingDate": "1998-10-14", "acceptedDate": "1998-10-14 00:00:00", "calendarYear": "1998", "period": "FY", "revenue": 114200000, "costOfRevenue": 71500000, "grossProfit": 42700000, "grossProfitRatio": 0.3739054291, "researchAndDevelopmentExpenses": 0, "generalAndAdministrativeExpenses": 11300000, "sellingAndMarketingExpenses": 0, "sellingGeneralAndAdministrativeExpenses": 11300000, "otherExpenses": 7800000, "operatingExpenses": 19100000, "costAndExpenses": 90600000, "interestIncome": 0, "interestExpense": -1300000, "depreciationAndAmortization": 9100000, "ebitda": 32700000, "ebitdaratio": 0.2863397548, "operatingIncome": 23600000, "operatingIncomeRatio": 0.2066549912, "totalOtherIncomeExpensesNet": 1300000, "incomeBeforeTax": 24900000, "incomeBeforeTaxRatio": 0.2180385289, "incomeTaxExpense": 9700000, "netIncome": 15200000, "netIncomeRatio": 0.1330998249, "eps": 0.012, "epsdiluted": 0.0118, "weightedAverageShsOut": 1265404800, "weightedAverageShsOutDil": 1291171200, "link": "https://www.sec.gov/Archives/edgar/data/900075/000104746998037231/0001047469-98-037231-index.html", "finalLink": "https://www.sec.gov/Archives/edgar/data/900075/", "calculatedOtherExpenses": 7800000, "calculatedOperatingExpenses": 19100000, "calculatedNetInterest": 1300000, "calculatedOtherIncome": 0, "calculatedIncomeNonControlling": 0, "calculatedEbitda": 32700000}, {"date": "1997-07-31", "symbol": "CPRT", "reportedCurrency": "USD", "cik": "0000900075", "fillingDate": "1997-10-28", "acceptedDate": "1997-10-28 00:00:00", "calendarYear": "1997", "period": "FY", "revenue": 126300000, "costOfRevenue": 89400000, "grossProfit": 36900000, "grossProfitRatio": 0.2921615202, "researchAndDevelopmentExpenses": 0, "generalAndAdministrativeExpenses": 10600000, "sellingAndMarketingExpenses": 0, "sellingGeneralAndAdministrativeExpenses": 10600000, "otherExpenses": 7500000, "operatingExpenses": 18100000, "costAndExpenses": 107500000, "interestIncome": 0, "interestExpense": -700000, "depreciationAndAmortization": 8200000, "ebitda": 27000000, "ebitdaratio": 0.2137767221, "operatingIncome": 18800000, "operatingIncomeRatio": 0.1488519398, "totalOtherIncomeExpensesNet": 700000, "incomeBeforeTax": 19500000, "incomeBeforeTaxRatio": 0.1543942993, "incomeTaxExpense": 7500000, "netIncome": 12000000, "netIncomeRatio": 0.0950118765, "eps": 0.01, "epsdiluted": 0.0096, "weightedAverageShsOut": 1199400300, "weightedAverageShsOutDil": 1251548139, "link": "https://www.sec.gov/Archives/edgar/data/900075/000104746997001831/0001047469-97-001831-index.html", "finalLink": "https://www.sec.gov/Archives/edgar/data/900075/", "calculatedOtherExpenses": 7500000, "calculatedOperatingExpenses": 18100000, "calculatedNetInterest": 700000, "calculatedOtherIncome": 0, "calculatedIncomeNonControlling": 0, "calculatedEbitda": 27000000}, {"date": "1996-07-31", "symbol": "CPRT", "reportedCurrency": "USD", "cik": "0000900075", "fillingDate": "1996-10-28", "acceptedDate": "1996-10-28 00:00:00", "calendarYear": "1996", "period": "FY", "revenue": 118200000, "costOfRevenue": 83500000, "grossProfit": 34700000, "grossProfitRatio": 0.29357022, "researchAndDevelopmentExpenses": 0, "generalAndAdministrativeExpenses": 10900000, "sellingAndMarketingExpenses": 0, "sellingGeneralAndAdministrativeExpenses": 10900000, "otherExpenses": 6000000, "operatingExpenses": 16900000, "costAndExpenses": 100400000, "interestIncome": 0, "interestExpense": -400000, "depreciationAndAmortization": 6400000, "ebitda": 24200000, "ebitdaratio": 0.2047377327, "operatingIncome": 17800000, "operatingIncomeRatio": 0.1505922166, "totalOtherIncomeExpensesNet": 400000, "incomeBeforeTax": 18200000, "incomeBeforeTaxRatio": 0.1539763113, "incomeTaxExpense": 7000000, "netIncome": 11200000, "netIncomeRatio": 0.0947546531, "eps": 0.0096, "epsdiluted": 0.0092, "weightedAverageShsOut": 1168111596, "weightedAverageShsOutDil": 1221207578, "link": "https://www.sec.gov/Archives/edgar/data/900075/000091205796023870/0000912057-96-023870-index.html", "finalLink": "https://www.sec.gov/Archives/edgar/data/900075/", "calculatedOtherExpenses": 6000000, "calculatedOperatingExpenses": 16900000, "calculatedNetInterest": 400000, "calculatedOtherIncome": 0, "calculatedIncomeNonControlling": 0, "calculatedEbitda": 24200000}, {"date": "1995-07-31", "symbol": "CPRT", "reportedCurrency": "USD", "cik": "0000900075", "fillingDate": "1995-07-31", "acceptedDate": "1995-07-30 20:00:00", "calendarYear": "1995", "period": "FY", "revenue": 58100000, "costOfRevenue": 37800000, "grossProfit": 20300000, "grossProfitRatio": 0.3493975904, "researchAndDevelopmentExpenses": 0, "generalAndAdministrativeExpenses": 0, "sellingAndMarketingExpenses": 0, "sellingGeneralAndAdministrativeExpenses": 5700000, "otherExpenses": 3400000, "operatingExpenses": 9100000, "costAndExpenses": 46900000, "interestIncome": 0, "interestExpense": -200000, "depreciationAndAmortization": 3600000, "ebitda": 14800000, "ebitdaratio": 0.2547332186, "operatingIncome": 11200000, "operatingIncomeRatio": 0.1927710843, "totalOtherIncomeExpensesNet": 200000, "incomeBeforeTax": 11400000, "incomeBeforeTaxRatio": 0.1962134251, "incomeTaxExpense": 4500000, "netIncome": 6900000, "netIncomeRatio": 0.1187607573, "eps": 0.0075, "epsdiluted": 0.0071, "weightedAverageShsOut": 919540230, "weightedAverageShsOutDil": 973630832, "link": "", "finalLink": "", "calculatedOtherExpenses": 3400000, "calculatedOperatingExpenses": 9100000, "calculatedNetInterest": 200000, "calculatedOtherIncome": 0, "calculatedIncomeNonControlling": 0, "calculatedEbitda": 14800000}, {"date": "1994-07-31", "symbol": "CPRT", "reportedCurrency": "USD", "cik": "0000900075", "fillingDate": "1994-07-31", "acceptedDate": "1994-07-30 20:00:00", "calendarYear": "1994", "period": "FY", "revenue": 22800000, "costOfRevenue": 14500000, "grossProfit": 8300000, "grossProfitRatio": 0.3640350877, "researchAndDevelopmentExpenses": 0, "generalAndAdministrativeExpenses": 0, "sellingAndMarketingExpenses": 0, "sellingGeneralAndAdministrativeExpenses": 2400000, "otherExpenses": 1700000, "operatingExpenses": 4100000, "costAndExpenses": 18600000, "interestIncome": 0, "interestExpense": 500000, "depreciationAndAmortization": -400000, "ebitda": 3800000, "ebitdaratio": 0.1666666667, "operatingIncome": 4200000, "operatingIncomeRatio": 0.1842105263, "totalOtherIncomeExpensesNet": -500000, "incomeBeforeTax": 3700000, "incomeBeforeTaxRatio": 0.1622807018, "incomeTaxExpense": 1500000, "netIncome": 2200000, "netIncomeRatio": 0.0964912281, "eps": 0.0031, "epsdiluted": 0.0031, "weightedAverageShsOut": 719640180, "weightedAverageShsOutDil": 719640180, "link": "", "finalLink": "", "calculatedOtherExpenses": 1700000, "calculatedOperatingExpenses": 4100000, "calculatedNetInterest": -500000, "calculatedOtherIncome": 0, "calculatedIncomeNonControlling": 0, "calculatedEbitda": 3800000}]}