{"originalCurrency": "USD", "convertedCurrency": "USD", "report": [{"date": "2023-12-31", "symbol": "CPT", "reportedCurrency": "USD", "cik": "0000906345", "fillingDate": "2024-02-22", "acceptedDate": "2024-02-22 12:40:20", "calendarYear": "2023", "period": "FY", "revenue": 1546357000, "costOfRevenue": 1159156000, "grossProfit": 387201000, "grossProfitRatio": 0.2503956072, "researchAndDevelopmentExpenses": 0, "generalAndAdministrativeExpenses": 62506000, "sellingAndMarketingExpenses": 0, "sellingGeneralAndAdministrativeExpenses": 62506000, "otherExpenses": -62506000, "operatingExpenses": 62506000, "costAndExpenses": 1221662000, "interestIncome": 879000, "interestExpense": 133395000, "depreciationAndAmortization": 574813000, "ebitda": 899508000, "ebitdaratio": 0.5816949126, "operatingIncome": 324695000, "operatingIncomeRatio": 0.2099741522, "totalOtherIncomeExpensesNet": 89508000, "incomeBeforeTax": 414203000, "incomeBeforeTaxRatio": 0.267857293, "incomeTaxExpense": 3650000, "netIncome": 403309000, "netIncomeRatio": 0.260812348, "eps": 3.71, "epsdiluted": 3.7, "weightedAverageShsOut": 108653000, "weightedAverageShsOutDil": 109399000, "link": "https://www.sec.gov/Archives/edgar/data/906345/000090634524000007/0000906345-24-000007-index.htm", "finalLink": "https://www.sec.gov/Archives/edgar/data/906345/000090634524000007/cpt-20231231.htm", "calculatedOtherExpenses": 0, "calculatedOperatingExpenses": 62506000, "calculatedNetInterest": -132516000, "calculatedOtherIncome": 222024000, "calculatedIncomeNonControlling": 7244000, "calculatedEbitda": 899508000}, {"date": "2022-12-31", "symbol": "CPT", "reportedCurrency": "USD", "cik": "0000906345", "fillingDate": "2023-02-23", "acceptedDate": "2023-02-23 13:39:20", "calendarYear": "2022", "period": "FY", "revenue": 1422756000, "costOfRevenue": 529198000, "grossProfit": 893558000, "grossProfitRatio": 0.6280472548, "researchAndDevelopmentExpenses": 0, "generalAndAdministrativeExpenses": 60413000, "sellingAndMarketingExpenses": 0, "sellingGeneralAndAdministrativeExpenses": 60413000, "otherExpenses": 571832000, "operatingExpenses": 632245000, "costAndExpenses": 1161443000, "interestIncome": 3019000, "interestExpense": 113424000, "depreciationAndAmortization": 577020000, "ebitda": 844400000, "ebitdaratio": 0.5934960035, "operatingIncome": 267380000, "operatingIncomeRatio": 0.1879310296, "totalOtherIncomeExpensesNet": 397094000, "incomeBeforeTax": 664474000, "incomeBeforeTaxRatio": 0.4670329979, "incomeTaxExpense": 2966000, "netIncome": 653613000, "netIncomeRatio": 0.4593992224, "eps": 6.07, "epsdiluted": 6.03, "weightedAverageShsOut": 107605000, "weightedAverageShsOutDil": 108388000, "link": "https://www.sec.gov/Archives/edgar/data/906345/000090634523000008/0000906345-23-000008-index.htm", "finalLink": "https://www.sec.gov/Archives/edgar/data/906345/000090634523000008/cpt-20221231.htm", "calculatedOtherExpenses": 565765000, "calculatedOperatingExpenses": 626178000, "calculatedNetInterest": -110405000, "calculatedOtherIncome": 507499000, "calculatedIncomeNonControlling": 7895000, "calculatedEbitda": 844400000}, {"date": "2021-12-31", "symbol": "CPT", "reportedCurrency": "USD", "cik": "0000906345", "fillingDate": "2022-02-17", "acceptedDate": "2022-02-17 13:55:07", "calendarYear": "2021", "period": "FY", "revenue": 1143585000, "costOfRevenue": 447875000, "grossProfit": 695710000, "grossProfitRatio": 0.6083588015, "researchAndDevelopmentExpenses": 0, "generalAndAdministrativeExpenses": 59368000, "sellingAndMarketingExpenses": 0, "sellingGeneralAndAdministrativeExpenses": 59368000, "otherExpenses": 410160000, "operatingExpenses": 469528000, "costAndExpenses": 917403000, "interestIncome": 1223000, "interestExpense": 97297000, "depreciationAndAmortization": 420692000, "ebitda": 657874000, "ebitdaratio": 0.5752733728, "operatingIncome": 237182000, "operatingIncomeRatio": 0.2074021607, "totalOtherIncomeExpensesNet": 77087000, "incomeBeforeTax": 314269000, "incomeBeforeTaxRatio": 0.2748103552, "incomeTaxExpense": 1893000, "netIncome": 303907000, "netIncomeRatio": 0.2657493759, "eps": 2.97, "epsdiluted": 2.96, "weightedAverageShsOut": 101999000, "weightedAverageShsOutDil": 102829000, "link": "https://www.sec.gov/Archives/edgar/data/906345/000090634522000009/0000906345-22-000009-index.htm", "finalLink": "https://www.sec.gov/Archives/edgar/data/906345/000090634522000009/cpt-20211231.htm", "calculatedOtherExpenses": 399160000, "calculatedOperatingExpenses": 458528000, "calculatedNetInterest": -96074000, "calculatedOtherIncome": 173161000, "calculatedIncomeNonControlling": 8469000, "calculatedEbitda": 657874000}, {"date": "2020-12-31", "symbol": "CPT", "reportedCurrency": "USD", "cik": "0000906345", "fillingDate": "2021-02-18", "acceptedDate": "2021-02-18 13:08:12", "calendarYear": "2020", "period": "FY", "revenue": 1043837000, "costOfRevenue": 422981000, "grossProfit": 620856000, "grossProfitRatio": 0.5947825187, "researchAndDevelopmentExpenses": 0, "generalAndAdministrativeExpenses": 53624000, "sellingAndMarketingExpenses": 0, "sellingGeneralAndAdministrativeExpenses": 53624000, "otherExpenses": 356362000, "operatingExpenses": 409986000, "costAndExpenses": 832967000, "interestIncome": 2949000, "interestExpense": 91526000, "depreciationAndAmortization": 367162000, "ebitda": 589033000, "ebitdaratio": 0.5642959581, "operatingIncome": 221871000, "operatingIncomeRatio": 0.2125533009, "totalOtherIncomeExpensesNet": -91320000, "incomeBeforeTax": 130551000, "incomeBeforeTaxRatio": 0.1250683775, "incomeTaxExpense": 1972000, "netIncome": 123911000, "netIncomeRatio": 0.1187072311, "eps": 1.24, "epsdiluted": 1.24, "weightedAverageShsOut": 99385000, "weightedAverageShsOutDil": 99438000, "link": "https://www.sec.gov/Archives/edgar/data/906345/000090634521000010/0000906345-21-000010-index.htm", "finalLink": "https://www.sec.gov/Archives/edgar/data/906345/000090634521000010/cpt-20201231.htm", "calculatedOtherExpenses": 345361000, "calculatedOperatingExpenses": 398985000, "calculatedNetInterest": -88577000, "calculatedOtherIncome": -2743000, "calculatedIncomeNonControlling": 4668000, "calculatedEbitda": 589033000}, {"date": "2019-12-31", "symbol": "CPT", "reportedCurrency": "USD", "cik": "0000906345", "fillingDate": "2020-02-20", "acceptedDate": "2020-02-20 13:04:30", "calendarYear": "2019", "period": "FY", "revenue": 1028461000, "costOfRevenue": 397396000, "grossProfit": 631065000, "grossProfitRatio": 0.6136012936, "researchAndDevelopmentExpenses": 0, "generalAndAdministrativeExpenses": 53201000, "sellingAndMarketingExpenses": 0, "sellingGeneralAndAdministrativeExpenses": 53201000, "otherExpenses": 327578000, "operatingExpenses": 380779000, "costAndExpenses": 778175000, "interestIncome": 3090000, "interestExpense": 80706000, "depreciationAndAmortization": 336274000, "ebitda": 604433000, "ebitdaratio": 0.5877062912, "operatingIncome": 268159000, "operatingIncomeRatio": 0.260738132, "totalOtherIncomeExpensesNet": -42800000, "incomeBeforeTax": 225359000, "incomeBeforeTaxRatio": 0.219122553, "incomeTaxExpense": 1089000, "netIncome": 219623000, "netIncomeRatio": 0.2135452876, "eps": 2.23, "epsdiluted": 2.22, "weightedAverageShsOut": 98460000, "weightedAverageShsOutDil": 99384000, "link": "https://www.sec.gov/Archives/edgar/data/906345/000090634520000008/0000906345-20-000008-index.htm", "finalLink": "https://www.sec.gov/Archives/edgar/data/906345/000090634520000008/cpt1231201910k.htm", "calculatedOtherExpenses": 309705000, "calculatedOperatingExpenses": 362906000, "calculatedNetInterest": -77616000, "calculatedOtherIncome": 34816000, "calculatedIncomeNonControlling": 4647000, "calculatedEbitda": 604433000}, {"date": "2018-12-31", "symbol": "CPT", "reportedCurrency": "USD", "cik": "0000906345", "fillingDate": "2019-02-15", "acceptedDate": "2019-02-15 13:14:43", "calendarYear": "2018", "period": "FY", "revenue": 954505000, "costOfRevenue": 373611000, "grossProfit": 580894000, "grossProfitRatio": 0.6085814113, "researchAndDevelopmentExpenses": 0, "generalAndAdministrativeExpenses": 50735000, "sellingAndMarketingExpenses": 0, "sellingGeneralAndAdministrativeExpenses": 50735000, "otherExpenses": 7231000, "operatingExpenses": 344450000, "costAndExpenses": 718061000, "interestIncome": 2101000, "interestExpense": 84263000, "depreciationAndAmortization": 300946000, "ebitda": 547327000, "ebitdaratio": 0.5734144923, "operatingIncome": 154282000, "operatingIncomeRatio": 0.1616356122, "totalOtherIncomeExpensesNet": 7836000, "incomeBeforeTax": 162118000, "incomeBeforeTaxRatio": 0.169845103, "incomeTaxExpense": 1424000, "netIncome": 156128000, "netIncomeRatio": 0.1635695989, "eps": 1.64, "epsdiluted": 1.64, "weightedAverageShsOut": 95208000, "weightedAverageShsOutDil": 95366000, "link": "https://www.sec.gov/Archives/edgar/data/906345/000090634519000006/0000906345-19-000006-index.htm", "finalLink": "https://www.sec.gov/Archives/edgar/data/906345/000090634519000006/cpt1231201810k.htm", "calculatedOtherExpenses": 375877000, "calculatedOperatingExpenses": 426612000, "calculatedNetInterest": -82162000, "calculatedOtherIncome": 89998000, "calculatedIncomeNonControlling": 4566000, "calculatedEbitda": 455228000}, {"date": "2017-12-31", "symbol": "CPT", "reportedCurrency": "USD", "cik": "0000906345", "fillingDate": "2018-02-16", "acceptedDate": "2018-02-16 12:49:21", "calendarYear": "2017", "period": "FY", "revenue": 900896000, "costOfRevenue": 358418000, "grossProfit": 542478000, "grossProfitRatio": 0.6021538557, "researchAndDevelopmentExpenses": 0, "generalAndAdministrativeExpenses": 50587000, "sellingAndMarketingExpenses": 0, "sellingGeneralAndAdministrativeExpenses": 50587000, "otherExpenses": 8176000, "operatingExpenses": 306385000, "costAndExpenses": 664803000, "interestIncome": 3011000, "interestExpense": 86750000, "depreciationAndAmortization": 263974000, "ebitda": 509900000, "ebitdaratio": 0.565992079, "operatingIncome": 236093000, "operatingIncomeRatio": 0.2620646556, "totalOtherIncomeExpensesNet": 49730000, "incomeBeforeTax": 202084000, "incomeBeforeTaxRatio": 0.2243144603, "incomeTaxExpense": 1224000, "netIncome": 196422000, "netIncomeRatio": 0.2180296061, "eps": 2.15, "epsdiluted": 2.12, "weightedAverageShsOut": 91499000, "weightedAverageShsOutDil": 92515000, "link": "https://www.sec.gov/Archives/edgar/data/906345/000090634518000007/0000906345-18-000007-index.htm", "finalLink": "https://www.sec.gov/Archives/edgar/data/906345/000090634518000007/cpt1231201710k.htm", "calculatedOtherExpenses": 255798000, "calculatedOperatingExpenses": 306385000, "calculatedNetInterest": -83739000, "calculatedOtherIncome": 49730000, "calculatedIncomeNonControlling": 4438000, "calculatedEbitda": 500067000}, {"date": "2016-12-31", "symbol": "CPT", "reportedCurrency": "USD", "cik": "0000906345", "fillingDate": "2017-02-13", "acceptedDate": "2017-02-13 14:41:20", "calendarYear": "2016", "period": "FY", "revenue": 876447000, "costOfRevenue": 340328000, "grossProfit": 536119000, "grossProfitRatio": 0.6116958584, "researchAndDevelopmentExpenses": 0, "generalAndAdministrativeExpenses": 47415000, "sellingAndMarketingExpenses": 0, "sellingGeneralAndAdministrativeExpenses": 47415000, "otherExpenses": 6864000, "operatingExpenses": 290697000, "costAndExpenses": 631025000, "interestIncome": 2202000, "interestExpense": 93145000, "depreciationAndAmortization": 250146000, "ebitda": 504895000, "ebitdaratio": 0.5760702016, "operatingIncome": 245422000, "operatingIncomeRatio": 0.2800192139, "totalOtherIncomeExpensesNet": 302522000, "incomeBeforeTax": 457001000, "incomeBeforeTaxRatio": 0.5214245699, "incomeTaxExpense": 1617000, "netIncome": 819823000, "netIncomeRatio": 0.9353936975, "eps": 9.15, "epsdiluted": 9.12, "weightedAverageShsOut": 89580000, "weightedAverageShsOutDil": 89903000, "link": "https://www.sec.gov/Archives/edgar/data/906345/000090634517000009/0000906345-17-000009-index.htm", "finalLink": "https://www.sec.gov/Archives/edgar/data/906345/000090634517000009/cpt12312016-10k.htm", "calculatedOtherExpenses": 243282000, "calculatedOperatingExpenses": 290697000, "calculatedNetInterest": -90943000, "calculatedOtherIncome": 302522000, "calculatedIncomeNonControlling": -364439000, "calculatedEbitda": 495568000}, {"date": "2015-12-31", "symbol": "CPT", "reportedCurrency": "USD", "cik": "0000906345", "fillingDate": "2016-02-19", "acceptedDate": "2016-02-19 12:36:17", "calendarYear": "2015", "period": "FY", "revenue": 892928000, "costOfRevenue": 350219000, "grossProfit": 542709000, "grossProfitRatio": 0.6077858461, "researchAndDevelopmentExpenses": 0, "generalAndAdministrativeExpenses": 46233000, "sellingAndMarketingExpenses": 0, "sellingGeneralAndAdministrativeExpenses": 46233000, "otherExpenses": 6999000, "operatingExpenses": 296316000, "costAndExpenses": 646535000, "interestIncome": 597000, "interestExpense": 97312000, "depreciationAndAmortization": 257082000, "ebitda": 510240000, "ebitdaratio": 0.5714234518, "operatingIncome": 246393000, "operatingIncomeRatio": 0.2759382615, "totalOtherIncomeExpensesNet": 110456000, "incomeBeforeTax": 260134000, "incomeBeforeTaxRatio": 0.2913269603, "incomeTaxExpense": 1872000, "netIncome": 249315000, "netIncomeRatio": 0.2792106418, "eps": 2.8, "epsdiluted": 2.79, "weightedAverageShsOut": 89120000, "weightedAverageShsOutDil": 89490000, "link": "https://www.sec.gov/Archives/edgar/data/906345/000090634516000044/0000906345-16-000044-index.htm", "finalLink": "https://www.sec.gov/Archives/edgar/data/906345/000090634516000044/cpt12312015-10k.htm", "calculatedOtherExpenses": 250083000, "calculatedOperatingExpenses": 296316000, "calculatedNetInterest": -96715000, "calculatedOtherIncome": 110456000, "calculatedIncomeNonControlling": 8947000, "calculatedEbitda": 503475000}, {"date": "2014-12-31", "symbol": "CPT", "reportedCurrency": "USD", "cik": "0000906345", "fillingDate": "2015-02-20", "acceptedDate": "2015-02-20 14:01:38", "calendarYear": "2014", "period": "FY", "revenue": 843978000, "costOfRevenue": 333338000, "grossProfit": 510640000, "grossProfitRatio": 0.6050394679, "researchAndDevelopmentExpenses": 0, "generalAndAdministrativeExpenses": 51005000, "sellingAndMarketingExpenses": 0, "sellingGeneralAndAdministrativeExpenses": 51005000, "otherExpenses": 9832000, "operatingExpenses": 276807000, "costAndExpenses": 610145000, "interestIncome": 842000, "interestExpense": 93263000, "depreciationAndAmortization": 235634000, "ebitda": 473977000, "ebitdaratio": 0.5615987621, "operatingIncome": 233833000, "operatingIncomeRatio": 0.2770605395, "totalOtherIncomeExpensesNet": 165160000, "incomeBeforeTax": 303217000, "incomeBeforeTaxRatio": 0.3592712132, "incomeTaxExpense": 1903000, "netIncome": 292089000, "netIncomeRatio": 0.3460860354, "eps": 3.32, "epsdiluted": 3.3, "weightedAverageShsOut": 88084000, "weightedAverageShsOutDil": 88468000, "link": "https://www.sec.gov/Archives/edgar/data/906345/000090634515000007/0000906345-15-000007-index.htm", "finalLink": "https://www.sec.gov/Archives/edgar/data/906345/000090634515000007/cpt12312014-10k.htm", "calculatedOtherExpenses": 225802000, "calculatedOperatingExpenses": 276807000, "calculatedNetInterest": -92421000, "calculatedOtherIncome": 161805000, "calculatedIncomeNonControlling": 9225000, "calculatedEbitda": 469467000}, {"date": "2013-12-31", "symbol": "CPT", "reportedCurrency": "USD", "cik": "0000906345", "fillingDate": "2014-02-21", "acceptedDate": "2014-02-21 13:47:34", "calendarYear": "2013", "period": "FY", "revenue": 788851000, "costOfRevenue": 313221000, "grossProfit": 475630000, "grossProfitRatio": 0.6029402257, "researchAndDevelopmentExpenses": 0, "generalAndAdministrativeExpenses": 40586000, "sellingAndMarketingExpenses": 0, "sellingGeneralAndAdministrativeExpenses": 40586000, "otherExpenses": 11690000, "operatingExpenses": 243291000, "costAndExpenses": 556512000, "interestIncome": 1217000, "interestExpense": 98129000, "depreciationAndAmortization": 214395000, "ebitda": 469268000, "ebitdaratio": 0.5948753313, "operatingIncome": 135427000, "operatingIncomeRatio": 0.1716762735, "totalOtherIncomeExpensesNet": 25563000, "incomeBeforeTax": 157442000, "incomeBeforeTaxRatio": 0.1995839518, "incomeTaxExpense": 1826000, "netIncome": 336364000, "netIncomeRatio": 0.4263973805, "eps": 3.86, "epsdiluted": 3.8, "weightedAverageShsOut": 87204000, "weightedAverageShsOutDil": 88494000, "link": "https://www.sec.gov/Archives/edgar/data/906345/000090634514000005/0000906345-14-000005-index.htm", "finalLink": "https://www.sec.gov/Archives/edgar/data/906345/000090634514000005/cpt-12312013x10k.htm", "calculatedOtherExpenses": 299617000, "calculatedOperatingExpenses": 340203000, "calculatedNetInterest": -96912000, "calculatedOtherIncome": 118927000, "calculatedIncomeNonControlling": -180748000, "calculatedEbitda": 349822000}, {"date": "2012-12-31", "symbol": "CPT", "reportedCurrency": "USD", "cik": "0000906345", "fillingDate": "2013-02-15", "acceptedDate": "2013-02-15 13:19:09", "calendarYear": "2012", "period": "FY", "revenue": 727908000, "costOfRevenue": 298096000, "grossProfit": 429812000, "grossProfitRatio": 0.5904757195, "researchAndDevelopmentExpenses": 0, "generalAndAdministrativeExpenses": 37528000, "sellingAndMarketingExpenses": 0, "sellingGeneralAndAdministrativeExpenses": 37528000, "otherExpenses": 12345000, "operatingExpenses": 228260000, "costAndExpenses": 526356000, "interestIncome": -710000, "interestExpense": 104992000, "depreciationAndAmortization": 203077000, "ebitda": 421196000, "ebitdaratio": 0.5786390588, "operatingIncome": 201552000, "operatingIncomeRatio": 0.2768921347, "totalOtherIncomeExpensesNet": 77593000, "incomeBeforeTax": 170545000, "incomeBeforeTaxRatio": 0.2342947186, "incomeTaxExpense": 1208000, "netIncome": 286241000, "netIncomeRatio": 0.3932378817, "eps": 3.42, "epsdiluted": 3.35, "weightedAverageShsOut": 83772000, "weightedAverageShsOutDil": 85556000, "link": "https://www.sec.gov/Archives/edgar/data/906345/000090634513000003/0000906345-13-000003-index.htm", "finalLink": "https://www.sec.gov/Archives/edgar/data/906345/000090634513000003/cpt-12312012x10k.htm", "calculatedOtherExpenses": 190732000, "calculatedOperatingExpenses": 228260000, "calculatedNetInterest": -105702000, "calculatedOtherIncome": 74695000, "calculatedIncomeNonControlling": -116904000, "calculatedEbitda": 404629000}, {"date": "2011-12-31", "symbol": "CPT", "reportedCurrency": "USD", "cik": "0000906345", "fillingDate": "2012-02-17", "acceptedDate": "2012-02-17 15:42:02", "calendarYear": "2011", "period": "FY", "revenue": 528995000, "costOfRevenue": 256689000, "grossProfit": 272306000, "grossProfitRatio": 0.5147610091, "researchAndDevelopmentExpenses": 0, "generalAndAdministrativeExpenses": 250502000, "sellingAndMarketingExpenses": 0, "sellingGeneralAndAdministrativeExpenses": 250502000, "otherExpenses": 219498000, "operatingExpenses": 470000000, "costAndExpenses": 633322000, "interestIncome": 4649000, "interestExpense": 112414000, "depreciationAndAmortization": 181791000, "ebitda": 329553000, "ebitdaratio": 0.6229794232, "operatingIncome": 22546000, "operatingIncomeRatio": 0.0426204406, "totalOtherIncomeExpensesNet": 12802000, "incomeBeforeTax": 35348000, "incomeBeforeTaxRatio": 0.0668210475, "incomeTaxExpense": 2220000, "netIncome": 56379000, "netIncomeRatio": 0.1065775669, "eps": 0.77, "epsdiluted": 0.77, "weightedAverageShsOut": 72756000, "weightedAverageShsOutDil": 73462000, "link": "https://www.sec.gov/Archives/edgar/data/906345/000119312512067347/0001193125-12-067347-index.htm", "finalLink": "https://www.sec.gov/Archives/edgar/data/906345/000119312512067347/d259732d10k.htm", "calculatedOtherExpenses": -742000, "calculatedOperatingExpenses": 249760000, "calculatedNetInterest": -107765000, "calculatedOtherIncome": 120567000, "calculatedIncomeNonControlling": -23251000, "calculatedEbitda": 204337000}, {"date": "2010-12-31", "symbol": "CPT", "reportedCurrency": "USD", "cik": "0000906345", "fillingDate": "2011-02-24", "acceptedDate": "2011-02-24 14:30:21", "calendarYear": "2010", "period": "FY", "revenue": 514687000, "costOfRevenue": 247502000, "grossProfit": 267185000, "grossProfitRatio": 0.5191213301, "researchAndDevelopmentExpenses": 0, "generalAndAdministrativeExpenses": 235229000, "sellingAndMarketingExpenses": 0, "sellingGeneralAndAdministrativeExpenses": 235229000, "otherExpenses": 1000000, "operatingExpenses": 460000000, "costAndExpenses": 600283000, "interestIncome": 8584000, "interestExpense": 125893000, "depreciationAndAmortization": 174465000, "ebitda": 320986000, "ebitdaratio": 0.623652822, "operatingIncome": 10121000, "operatingIncomeRatio": 0.0196643785, "totalOtherIncomeExpensesNet": 9507000, "incomeBeforeTax": 19628000, "incomeBeforeTaxRatio": 0.038135799, "incomeTaxExpense": 1581000, "netIncome": 30216000, "netIncomeRatio": 0.0587075252, "eps": 0.44, "epsdiluted": 0.44, "weightedAverageShsOut": 68608000, "weightedAverageShsOutDil": 68608000, "link": "https://www.sec.gov/Archives/edgar/data/906345/000095012311017763/0000950123-11-017763-index.htm", "finalLink": "https://www.sec.gov/Archives/edgar/data/906345/000095012311017763/c12701e10vk.htm", "calculatedOtherExpenses": 21835000, "calculatedOperatingExpenses": 257064000, "calculatedNetInterest": -117309000, "calculatedOtherIncome": 126816000, "calculatedIncomeNonControlling": -12169000, "calculatedEbitda": 184586000}, {"date": "2009-12-31", "symbol": "CPT", "reportedCurrency": "USD", "cik": "0000906345", "fillingDate": "2010-02-25", "acceptedDate": "2010-02-25 15:46:55", "calendarYear": "2009", "period": "FY", "revenue": 646543000, "costOfRevenue": 246869000, "grossProfit": 399674000, "grossProfitRatio": 0.6181707945, "researchAndDevelopmentExpenses": 0, "generalAndAdministrativeExpenses": 230773000, "sellingAndMarketingExpenses": 0, "sellingGeneralAndAdministrativeExpenses": 230773000, "otherExpenses": 88164000, "operatingExpenses": 480000000, "costAndExpenses": 692954000, "interestIncome": 2826000, "interestExpense": 128296000, "depreciationAndAmortization": 174682000, "ebitda": 329678000, "ebitdaratio": 0.5099088537, "operatingIncome": -69028000, "operatingIncomeRatio": -0.1067647473, "totalOtherIncomeExpensesNet": 7564000, "incomeBeforeTax": -61464000, "incomeBeforeTaxRatio": -0.0950656028, "incomeTaxExpense": 967000, "netIncome": -43800000, "netIncomeRatio": -0.0677449141, "eps": -0.7, "epsdiluted": -0.7, "weightedAverageShsOut": 62359000, "weightedAverageShsOutDil": 62359000, "link": "https://www.sec.gov/Archives/edgar/data/906345/000095012310017017/0000950123-10-017017-index.htm", "finalLink": "https://www.sec.gov/Archives/edgar/data/906345/000095012310017017/c96600e10vk.htm", "calculatedOtherExpenses": 237929000, "calculatedOperatingExpenses": 468702000, "calculatedNetInterest": -125470000, "calculatedOtherIncome": 133034000, "calculatedIncomeNonControlling": -18631000, "calculatedEbitda": 105654000}, {"date": "2008-12-31", "symbol": "CPT", "reportedCurrency": "USD", "cik": "0000906345", "fillingDate": "2009-02-20", "acceptedDate": "2009-02-19 19:45:56", "calendarYear": "2008", "period": "FY", "revenue": 602669000, "costOfRevenue": 238920000, "grossProfit": 363749000, "grossProfitRatio": 0.6035634818, "researchAndDevelopmentExpenses": 0, "generalAndAdministrativeExpenses": 57550000, "sellingAndMarketingExpenses": 0, "sellingGeneralAndAdministrativeExpenses": 57550000, "otherExpenses": -13566000, "operatingExpenses": 430000000, "costAndExpenses": 637721000, "interestIncome": 4736000, "interestExpense": 132399000, "depreciationAndAmortization": 171814000, "ebitda": 277785000, "ebitdaratio": 0.4609246535, "operatingIncome": -13705000, "operatingIncomeRatio": -0.0227405093, "totalOtherIncomeExpensesNet": 84678000, "incomeBeforeTax": -12862000, "incomeBeforeTaxRatio": -0.0213417315, "incomeTaxExpense": 843000, "netIncome": 70973000, "netIncomeRatio": 0.1177644777, "eps": 1.28, "epsdiluted": 1.28, "weightedAverageShsOut": 55272000, "weightedAverageShsOutDil": 55272000, "link": "https://www.sec.gov/Archives/edgar/data/906345/000136231009002467/0001362310-09-002467-index.htm", "finalLink": "https://www.sec.gov/Archives/edgar/data/906345/000136231009002467/c81164e10vk.htm", "calculatedOtherExpenses": 319904000, "calculatedOperatingExpenses": 377454000, "calculatedNetInterest": -127663000, "calculatedOtherIncome": 128506000, "calculatedIncomeNonControlling": -84678000, "calculatedEbitda": 158109000}, {"date": "2007-12-31", "symbol": "CPT", "reportedCurrency": "USD", "cik": "0000906345", "fillingDate": "2008-02-22", "acceptedDate": "2008-02-22 15:58:56", "calendarYear": "2007", "period": "FY", "revenue": 517801000, "costOfRevenue": 454612000, "grossProfit": 63189000, "grossProfitRatio": 0.122033368, "researchAndDevelopmentExpenses": 0, "generalAndAdministrativeExpenses": 225476000, "sellingAndMarketingExpenses": 0, "sellingGeneralAndAdministrativeExpenses": 225476000, "otherExpenses": 215524000, "operatingExpenses": 441000000, "costAndExpenses": 487202000, "interestIncome": 8804000, "interestExpense": 116281000, "depreciationAndAmortization": 157137000, "ebitda": 394714000, "ebitdaratio": 0.7622889875, "operatingIncome": 47078000, "operatingIncomeRatio": 0.0909190983, "totalOtherIncomeExpensesNet": 3052000, "incomeBeforeTax": 50130000, "incomeBeforeTaxRatio": 0.0968132545, "incomeTaxExpense": 3052000, "netIncome": 136728000, "netIncomeRatio": 0.26405511, "eps": 2.35, "epsdiluted": 2.31, "weightedAverageShsOut": 58135000, "weightedAverageShsOutDil": 59125000, "link": "https://www.sec.gov/Archives/edgar/data/906345/000136231008001094/0001362310-08-001094-index.htm", "finalLink": "https://www.sec.gov/Archives/edgar/data/906345/000136231008001094/c72500e10vk.htm", "calculatedOtherExpenses": -209365000, "calculatedOperatingExpenses": 16111000, "calculatedNetInterest": -107477000, "calculatedOtherIncome": 110529000, "calculatedIncomeNonControlling": -89650000, "calculatedEbitda": 204215000}, {"date": "2006-12-31", "symbol": "CPT", "reportedCurrency": "USD", "cik": "0000906345", "fillingDate": "2007-02-28", "acceptedDate": "2007-02-28 12:45:57", "calendarYear": "2006", "period": "FY", "revenue": 614068000, "costOfRevenue": 458396000, "grossProfit": 155672000, "grossProfitRatio": 0.2535093833, "researchAndDevelopmentExpenses": 0, "generalAndAdministrativeExpenses": 241382000, "sellingAndMarketingExpenses": 0, "sellingGeneralAndAdministrativeExpenses": 241382000, "otherExpenses": 196618000, "operatingExpenses": 438000000, "costAndExpenses": 495980000, "interestIncome": 9771000, "interestExpense": 118344000, "depreciationAndAmortization": 159860000, "ebitda": 493723000, "ebitdaratio": 0.804020076, "operatingIncome": 128968000, "operatingIncomeRatio": 0.2100223428, "totalOtherIncomeExpensesNet": 103878000, "incomeBeforeTax": 152131000, "incomeBeforeTaxRatio": 0.247742921, "incomeTaxExpense": 204895000, "netIncome": 232846000, "netIncomeRatio": 0.3791860185, "eps": 4.11, "epsdiluted": 3.91, "weightedAverageShsOut": 56660000, "weightedAverageShsOutDil": 59524000, "link": "https://www.sec.gov/Archives/edgar/data/906345/000095012907001000/0000950129-07-001000-index.htm", "finalLink": "https://www.sec.gov/Archives/edgar/data/906345/000095012907001000/h43928e10vk.htm", "calculatedOtherExpenses": -214678000, "calculatedOperatingExpenses": 26704000, "calculatedNetInterest": -108573000, "calculatedOtherIncome": 131736000, "calculatedIncomeNonControlling": -285610000, "calculatedEbitda": 288828000}, {"date": "2005-12-31", "symbol": "CPT", "reportedCurrency": "USD", "cik": "0000906345", "fillingDate": "2006-03-10", "acceptedDate": "2006-03-10 12:29:22", "calendarYear": "2005", "period": "FY", "revenue": 589947000, "costOfRevenue": 0, "grossProfit": 589947000, "grossProfitRatio": 1, "researchAndDevelopmentExpenses": 0, "generalAndAdministrativeExpenses": 194896000, "sellingAndMarketingExpenses": 0, "sellingGeneralAndAdministrativeExpenses": 194896000, "otherExpenses": 192104000, "operatingExpenses": 387000000, "costAndExpenses": 387000000, "interestIncome": 7373000, "interestExpense": 111548000, "depreciationAndAmortization": 171254000, "ebitda": 520031000, "ebitdaratio": 0.8814876591, "operatingIncome": 348777000, "operatingIncomeRatio": 0.5912005655, "totalOtherIncomeExpensesNet": -182534000, "incomeBeforeTax": 166243000, "incomeBeforeTaxRatio": 0.2817931102, "incomeTaxExpense": -32843000, "netIncome": 199086000, "netIncomeRatio": 0.3374642129, "eps": 3.83, "epsdiluted": 3.54, "weightedAverageShsOut": 52000000, "weightedAverageShsOutDil": 56313000, "link": "https://www.sec.gov/Archives/edgar/data/906345/000110465906015666/0001104659-06-015666-index.htm", "finalLink": "https://www.sec.gov/Archives/edgar/data/906345/000110465906015666/a06-2520_110k.htm", "calculatedOtherExpenses": 46274000, "calculatedOperatingExpenses": 241170000, "calculatedNetInterest": -104175000, "calculatedOtherIncome": -78359000, "calculatedIncomeNonControlling": 0, "calculatedEbitda": 520031000}, {"date": "2004-12-31", "symbol": "CPT", "reportedCurrency": "USD", "cik": "0000906345", "fillingDate": "2005-03-15", "acceptedDate": "2005-03-14 21:18:02", "calendarYear": "2004", "period": "FY", "revenue": 354642000, "costOfRevenue": 0, "grossProfit": 354642000, "grossProfitRatio": 1, "researchAndDevelopmentExpenses": 0, "generalAndAdministrativeExpenses": 158356000, "sellingAndMarketingExpenses": 0, "sellingGeneralAndAdministrativeExpenses": 158356000, "otherExpenses": -343367000, "operatingExpenses": -185011000, "costAndExpenses": -185011000, "interestIncome": 0, "interestExpense": 79214000, "depreciationAndAmortization": 103528000, "ebitda": 273159000, "ebitdaratio": 0.7702387196, "operatingIncome": 169631000, "operatingIncomeRatio": 0.4783161611, "totalOtherIncomeExpensesNet": -125104000, "incomeBeforeTax": 44527000, "incomeBeforeTaxRatio": 0.1255547848, "incomeTaxExpense": 3186000, "netIncome": 41341000, "netIncomeRatio": 0.1165710773, "eps": 1, "epsdiluted": 0.97, "weightedAverageShsOut": 41430000, "weightedAverageShsOutDil": 42426000, "link": "https://www.sec.gov/Archives/edgar/data/906345/000095013405004960/0000950134-05-004960-index.htm", "finalLink": "https://www.sec.gov/Archives/edgar/data/906345/000095013405004960/d23390e10vk.htm", "calculatedOtherExpenses": 26655000, "calculatedOperatingExpenses": 185011000, "calculatedNetInterest": -79214000, "calculatedOtherIncome": -45890000, "calculatedIncomeNonControlling": 0, "calculatedEbitda": 273159000}, {"date": "2003-12-31", "symbol": "CPT", "reportedCurrency": "USD", "cik": "0000906345", "fillingDate": "2004-03-12", "acceptedDate": "2004-03-12 12:11:20", "calendarYear": "2003", "period": "FY", "revenue": 343716000, "costOfRevenue": 0, "grossProfit": 343716000, "grossProfitRatio": 1, "researchAndDevelopmentExpenses": 0, "generalAndAdministrativeExpenses": 148909000, "sellingAndMarketingExpenses": 0, "sellingGeneralAndAdministrativeExpenses": 148909000, "otherExpenses": -327280000, "operatingExpenses": -178371000, "costAndExpenses": -178371000, "interestIncome": 0, "interestExpense": 75414000, "depreciationAndAmortization": 108076000, "ebitda": 273421000, "ebitdaratio": 0.7954852262, "operatingIncome": 165345000, "operatingIncomeRatio": 0.4810512167, "totalOtherIncomeExpensesNet": -120931000, "incomeBeforeTax": 44414000, "incomeBeforeTaxRatio": 0.1292171444, "incomeTaxExpense": 14984000, "netIncome": 29430000, "netIncomeRatio": 0.0856230143, "eps": 0.75, "epsdiluted": 0.71, "weightedAverageShsOut": 39355000, "weightedAverageShsOutDil": 41354000, "link": "https://www.sec.gov/Archives/edgar/data/906345/000090634504000036/0000906345-04-000036-index.htm", "finalLink": "https://www.sec.gov/Archives/edgar/data/906345/000090634504000036/cpt_10k-03.htm", "calculatedOtherExpenses": 29462000, "calculatedOperatingExpenses": 178371000, "calculatedNetInterest": -75414000, "calculatedOtherIncome": -45517000, "calculatedIncomeNonControlling": 0, "calculatedEbitda": 273421000}, {"date": "2002-12-31", "symbol": "CPT", "reportedCurrency": "USD", "cik": "0000906345", "fillingDate": "2003-03-27", "acceptedDate": "2003-03-27 09:51:05", "calendarYear": "2002", "period": "FY", "revenue": 339843000, "costOfRevenue": 0, "grossProfit": 339843000, "grossProfitRatio": 1, "researchAndDevelopmentExpenses": 0, "generalAndAdministrativeExpenses": 135880000, "sellingAndMarketingExpenses": 0, "sellingGeneralAndAdministrativeExpenses": 135880000, "otherExpenses": -303237000, "operatingExpenses": -167357000, "costAndExpenses": -167357000, "interestIncome": 0, "interestExpense": 71499000, "depreciationAndAmortization": 103342000, "ebitda": 275828000, "ebitdaratio": 0.8116336073, "operatingIncome": 172486000, "operatingIncomeRatio": 0.5075461316, "totalOtherIncomeExpensesNet": -115294000, "incomeBeforeTax": 57192000, "incomeBeforeTaxRatio": 0.1682894748, "incomeTaxExpense": -17420000, "netIncome": 74612000, "netIncomeRatio": 0.2195484385, "eps": 1.84, "epsdiluted": 1.69, "weightedAverageShsOut": 40441000, "weightedAverageShsOutDil": 44216000, "link": "https://www.sec.gov/Archives/edgar/data/906345/000090634503000041/0000906345-03-000041-index.htm", "finalLink": "https://www.sec.gov/Archives/edgar/data/906345/000090634503000041/cpt_10k-02.htm", "calculatedOtherExpenses": 31477000, "calculatedOperatingExpenses": 167357000, "calculatedNetInterest": -71499000, "calculatedOtherIncome": -43795000, "calculatedIncomeNonControlling": 0, "calculatedEbitda": 275828000}, {"date": "2001-12-31", "symbol": "CPT", "reportedCurrency": "USD", "cik": "0000906345", "fillingDate": "2002-03-28", "acceptedDate": "2002-03-28 00:00:00", "calendarYear": "2001", "period": "FY", "revenue": 352219000, "costOfRevenue": 0, "grossProfit": 352219000, "grossProfitRatio": 1, "researchAndDevelopmentExpenses": 0, "generalAndAdministrativeExpenses": 129315000, "sellingAndMarketingExpenses": 0, "sellingGeneralAndAdministrativeExpenses": 129315000, "otherExpenses": -281922000, "operatingExpenses": -152607000, "costAndExpenses": -152607000, "interestIncome": 0, "interestExpense": 69841000, "depreciationAndAmortization": 101660000, "ebitda": 301272000, "ebitdaratio": 0.8553541972, "operatingIncome": 199612000, "operatingIncomeRatio": 0.5667269511, "totalOtherIncomeExpensesNet": -121933000, "incomeBeforeTax": 77679000, "incomeBeforeTaxRatio": 0.2205417652, "incomeTaxExpense": 16387000, "netIncome": 61292000, "netIncomeRatio": 0.1740167339, "eps": 1.54, "epsdiluted": 1.47, "weightedAverageShsOut": 39796000, "weightedAverageShsOutDil": 41603000, "link": "https://www.sec.gov/Archives/edgar/data/906345/000090634502000002/0000906345-02-000002-index.htm", "finalLink": "https://www.sec.gov/Archives/edgar/data/906345/000090634502000002/cpt10k-01.txt", "calculatedOtherExpenses": 23292000, "calculatedOperatingExpenses": 152607000, "calculatedNetInterest": -69841000, "calculatedOtherIncome": -52092000, "calculatedIncomeNonControlling": 0, "calculatedEbitda": 301272000}, {"date": "2000-12-31", "symbol": "CPT", "reportedCurrency": "USD", "cik": "0000906345", "fillingDate": "2001-03-29", "acceptedDate": "2001-03-29 00:00:00", "calendarYear": "2000", "period": "FY", "revenue": 352061000, "costOfRevenue": 0, "grossProfit": 352061000, "grossProfitRatio": 1, "researchAndDevelopmentExpenses": 0, "generalAndAdministrativeExpenses": 127076000, "sellingAndMarketingExpenses": 0, "sellingGeneralAndAdministrativeExpenses": 127076000, "otherExpenses": -281317000, "operatingExpenses": -154241000, "costAndExpenses": -154241000, "interestIncome": 0, "interestExpense": 69036000, "depreciationAndAmortization": 96966000, "ebitda": 294786000, "ebitdaratio": 0.8373151244, "operatingIncome": 197820000, "operatingIncomeRatio": 0.5618912632, "totalOtherIncomeExpensesNet": -108090000, "incomeBeforeTax": 89730000, "incomeBeforeTaxRatio": 0.2548706048, "incomeTaxExpense": 15306000, "netIncome": 74424000, "netIncomeRatio": 0.2113951844, "eps": 1.95, "epsdiluted": 1.8, "weightedAverageShsOut": 38112000, "weightedAverageShsOutDil": 41388000, "link": "https://www.sec.gov/Archives/edgar/data/906345/000090634501000003/0000906345-01-000003-index.htm", "finalLink": "https://www.sec.gov/Archives/edgar/data/906345/000090634501000003/0000906345-01-000003-0001.txt", "calculatedOtherExpenses": 27165000, "calculatedOperatingExpenses": 154241000, "calculatedNetInterest": -69036000, "calculatedOtherIncome": -39054000, "calculatedIncomeNonControlling": 0, "calculatedEbitda": 294786000}, {"date": "1999-12-31", "symbol": "CPT", "reportedCurrency": "USD", "cik": "0000906345", "fillingDate": "2000-03-29", "acceptedDate": "2000-03-29 00:00:00", "calendarYear": "1999", "period": "FY", "revenue": 315736000, "costOfRevenue": 0, "grossProfit": 315736000, "grossProfitRatio": 1, "researchAndDevelopmentExpenses": 0, "generalAndAdministrativeExpenses": 118578000, "sellingAndMarketingExpenses": 0, "sellingGeneralAndAdministrativeExpenses": 118578000, "otherExpenses": -268133000, "operatingExpenses": -149555000, "costAndExpenses": -149555000, "interestIncome": 0, "interestExpense": 57856000, "depreciationAndAmortization": 89516000, "ebitda": 255697000, "ebitdaratio": 0.8098443003, "operatingIncome": 166181000, "operatingIncomeRatio": 0.5263289584, "totalOtherIncomeExpensesNet": -94266000, "incomeBeforeTax": 71915000, "incomeBeforeTaxRatio": 0.2277694023, "incomeTaxExpense": 10292000, "netIncome": 61623000, "netIncomeRatio": 0.1951725492, "eps": 1.49, "epsdiluted": 1.39, "weightedAverageShsOut": 41236000, "weightedAverageShsOutDil": 44291000, "link": "https://www.sec.gov/Archives/edgar/data/906345/000090634500000004/0000906345-00-000004-index.html", "finalLink": "https://www.sec.gov/Archives/edgar/data/906345/000090634500000004/", "calculatedOtherExpenses": 30977000, "calculatedOperatingExpenses": 149555000, "calculatedNetInterest": -57856000, "calculatedOtherIncome": -36410000, "calculatedIncomeNonControlling": 0, "calculatedEbitda": 255697000}, {"date": "1998-12-31", "symbol": "CPT", "reportedCurrency": "USD", "cik": "0000906345", "fillingDate": "1999-03-30", "acceptedDate": "1999-03-30 00:00:00", "calendarYear": "1998", "period": "FY", "revenue": 272060000, "costOfRevenue": 0, "grossProfit": 272060000, "grossProfitRatio": 1, "researchAndDevelopmentExpenses": 0, "generalAndAdministrativeExpenses": 105135000, "sellingAndMarketingExpenses": 0, "sellingGeneralAndAdministrativeExpenses": 105135000, "otherExpenses": -236604000, "operatingExpenses": -131469000, "costAndExpenses": -131469000, "interestIncome": 0, "interestExpense": 50467000, "depreciationAndAmortization": 78113000, "ebitda": 218704000, "ebitdaratio": 0.8038814967, "operatingIncome": 140591000, "operatingIncomeRatio": 0.5167646843, "totalOtherIncomeExpensesNet": -81936000, "incomeBeforeTax": 58655000, "incomeBeforeTaxRatio": 0.2155958245, "incomeTaxExpense": 1322000, "netIncome": 57333000, "netIncomeRatio": 0.2107366022, "eps": 1.39, "epsdiluted": 1.3, "weightedAverageShsOut": 41174000, "weightedAverageShsOutDil": 44183000, "link": "https://www.sec.gov/Archives/edgar/data/906345/000090634599000011/0000906345-99-000011-index.html", "finalLink": "https://www.sec.gov/Archives/edgar/data/906345/", "calculatedOtherExpenses": 26334000, "calculatedOperatingExpenses": 131469000, "calculatedNetInterest": -50467000, "calculatedOtherIncome": -31469000, "calculatedIncomeNonControlling": 0, "calculatedEbitda": 218704000}, {"date": "1997-12-31", "symbol": "CPT", "reportedCurrency": "USD", "cik": "0000906345", "fillingDate": "1998-02-06", "acceptedDate": "1998-02-06 00:00:00", "calendarYear": "1997", "period": "FY", "revenue": 180281000, "costOfRevenue": 0, "grossProfit": 180281000, "grossProfitRatio": 1, "researchAndDevelopmentExpenses": 0, "generalAndAdministrativeExpenses": 75068000, "sellingAndMarketingExpenses": 0, "sellingGeneralAndAdministrativeExpenses": 75068000, "otherExpenses": -165294000, "operatingExpenses": -90226000, "costAndExpenses": -90226000, "interestIncome": 0, "interestExpense": 28537000, "depreciationAndAmortization": 44836000, "ebitda": 134891000, "ebitdaratio": 0.7482263799, "operatingIncome": 90055000, "operatingIncomeRatio": 0.4995257404, "totalOtherIncomeExpensesNet": -49962000, "incomeBeforeTax": 40093000, "incomeBeforeTaxRatio": 0.2223917107, "incomeTaxExpense": 1655000, "netIncome": 38438000, "netIncomeRatio": 0.2132115975, "eps": 1.46, "epsdiluted": 1.36, "weightedAverageShsOut": 26257000, "weightedAverageShsOutDil": 28356000, "link": "https://www.sec.gov/Archives/edgar/data/906345/000095012998000482/0000950129-98-000482-index.html", "finalLink": "https://www.sec.gov/Archives/edgar/data/906345/", "calculatedOtherExpenses": 15158000, "calculatedOperatingExpenses": 90226000, "calculatedNetInterest": -28537000, "calculatedOtherIncome": -21425000, "calculatedIncomeNonControlling": 0, "calculatedEbitda": 134891000}, {"date": "1996-12-31", "symbol": "CPT", "reportedCurrency": "USD", "cik": "0000906345", "fillingDate": "1997-03-28", "acceptedDate": "1997-03-28 00:00:00", "calendarYear": "1996", "period": "FY", "revenue": 94385000, "costOfRevenue": 0, "grossProfit": 94385000, "grossProfitRatio": 1, "researchAndDevelopmentExpenses": 0, "generalAndAdministrativeExpenses": 43235000, "sellingAndMarketingExpenses": 0, "sellingGeneralAndAdministrativeExpenses": 43235000, "otherExpenses": -93028000, "operatingExpenses": -49793000, "costAndExpenses": -49793000, "interestIncome": 0, "interestExpense": 17336000, "depreciationAndAmortization": 23894000, "ebitda": 68486000, "ebitdaratio": 0.7256025852, "operatingIncome": 44592000, "operatingIncomeRatio": 0.4724479525, "totalOtherIncomeExpensesNet": -35879000, "incomeBeforeTax": 8713000, "incomeBeforeTaxRatio": 0.0923133973, "incomeTaxExpense": 0, "netIncome": 8713000, "netIncomeRatio": 0.0923133973, "eps": 0.59, "epsdiluted": 0.58, "weightedAverageShsOut": 14849000, "weightedAverageShsOutDil": 14979000, "link": "https://www.sec.gov/Archives/edgar/data/906345/000090634597000050/0000906345-97-000050-index.html", "finalLink": "https://www.sec.gov/Archives/edgar/data/906345/", "calculatedOtherExpenses": 6558000, "calculatedOperatingExpenses": 49793000, "calculatedNetInterest": -17336000, "calculatedOtherIncome": -18543000, "calculatedIncomeNonControlling": 0, "calculatedEbitda": 68486000}, {"date": "1995-12-31", "symbol": "CPT", "reportedCurrency": "USD", "cik": "0000906345", "fillingDate": "1995-12-31", "acceptedDate": "1995-12-30 19:00:00", "calendarYear": "1995", "period": "FY", "revenue": 83500000, "costOfRevenue": 0, "grossProfit": 83500000, "grossProfitRatio": 1, "researchAndDevelopmentExpenses": 0, "generalAndAdministrativeExpenses": 4200000, "sellingAndMarketingExpenses": 0, "sellingGeneralAndAdministrativeExpenses": 4200000, "otherExpenses": -61600000, "operatingExpenses": -57400000, "costAndExpenses": -57400000, "interestIncome": 0, "interestExpense": 13800000, "depreciationAndAmortization": 20300000, "ebitda": 46400000, "ebitdaratio": 0.5556886228, "operatingIncome": 26100000, "operatingIncomeRatio": 0.3125748503, "totalOtherIncomeExpensesNet": 0, "incomeBeforeTax": 0, "incomeBeforeTaxRatio": 0, "incomeTaxExpense": 13800000, "netIncome": 12300000, "netIncomeRatio": 0.1473053892, "eps": 0.86, "epsdiluted": 0.85, "weightedAverageShsOut": 14325000, "weightedAverageShsOutDil": 14414000, "link": "", "finalLink": "", "calculatedOtherExpenses": 53200000, "calculatedOperatingExpenses": 57400000, "calculatedNetInterest": -13800000, "calculatedOtherIncome": -12300000, "calculatedIncomeNonControlling": -26100000, "calculatedEbitda": 46400000}, {"date": "1994-12-31", "symbol": "CPT", "reportedCurrency": "USD", "cik": "0000906345", "fillingDate": "1994-12-31", "acceptedDate": "1994-12-30 19:00:00", "calendarYear": "1994", "period": "FY", "revenue": 66700000, "costOfRevenue": 0, "grossProfit": 66700000, "grossProfitRatio": 1, "researchAndDevelopmentExpenses": 0, "generalAndAdministrativeExpenses": 4000000, "sellingAndMarketingExpenses": 0, "sellingGeneralAndAdministrativeExpenses": 4000000, "otherExpenses": -52400000, "operatingExpenses": -48400000, "costAndExpenses": -48400000, "interestIncome": 0, "interestExpense": 8800000, "depreciationAndAmortization": 16200000, "ebitda": 34500000, "ebitdaratio": 0.5172413793, "operatingIncome": 18300000, "operatingIncomeRatio": 0.2743628186, "totalOtherIncomeExpensesNet": 0, "incomeBeforeTax": 0, "incomeBeforeTaxRatio": 0, "incomeTaxExpense": 8800000, "netIncome": 9500000, "netIncomeRatio": 0.1424287856, "eps": 0.77, "epsdiluted": 0.77, "weightedAverageShsOut": 12311000, "weightedAverageShsOutDil": 12311000, "link": "", "finalLink": "", "calculatedOtherExpenses": 44400000, "calculatedOperatingExpenses": 48400000, "calculatedNetInterest": -8800000, "calculatedOtherIncome": -9500000, "calculatedIncomeNonControlling": -18300000, "calculatedEbitda": 34500000}, {"date": "1993-12-31", "symbol": "CPT", "reportedCurrency": "USD", "cik": "0000906345", "fillingDate": "1993-12-31", "acceptedDate": "1993-12-30 19:00:00", "calendarYear": "1993", "period": "FY", "revenue": 16300000, "costOfRevenue": 0, "grossProfit": 16300000, "grossProfitRatio": 1, "researchAndDevelopmentExpenses": 0, "generalAndAdministrativeExpenses": 700000, "sellingAndMarketingExpenses": 0, "sellingGeneralAndAdministrativeExpenses": 700000, "otherExpenses": -12200000, "operatingExpenses": -11500000, "costAndExpenses": -11500000, "interestIncome": 800000, "interestExpense": 1300000, "depreciationAndAmortization": 3600000, "ebitda": 8400000, "ebitdaratio": 0.5153374233, "operatingIncome": 4800000, "operatingIncomeRatio": 0.2944785276, "totalOtherIncomeExpensesNet": 0, "incomeBeforeTax": 0, "incomeBeforeTaxRatio": 0, "incomeTaxExpense": 1300000, "netIncome": 3500000, "netIncomeRatio": 0.2147239264, "eps": 0.39, "epsdiluted": 0.39, "weightedAverageShsOut": 8974359, "weightedAverageShsOutDil": 8974359, "link": "", "finalLink": "", "calculatedOtherExpenses": 10800000, "calculatedOperatingExpenses": 11500000, "calculatedNetInterest": -500000, "calculatedOtherIncome": -4300000, "calculatedIncomeNonControlling": -4800000, "calculatedEbitda": 8400000}]}