{"originalCurrency": "USD", "convertedCurrency": "USD", "report": [{"date": "2023-12-31", "symbol": "CR", "reportedCurrency": "USD", "cik": "0000025445", "fillingDate": "2024-02-22", "acceptedDate": "2024-02-22 16:25:37", "calendarYear": "2023", "period": "FY", "revenue": 2086400000, "costOfRevenue": 1281400000, "grossProfit": 805000000, "grossProfitRatio": 0.3858320552, "researchAndDevelopmentExpenses": 55900000, "generalAndAdministrativeExpenses": 0, "sellingAndMarketingExpenses": 0, "sellingGeneralAndAdministrativeExpenses": 465300000, "otherExpenses": 800000, "operatingExpenses": 521200000, "costAndExpenses": 1802600000, "interestIncome": 5100000, "interestExpense": 22700000, "depreciationAndAmortization": 39300000, "ebitda": 323100000, "ebitdaratio": 0.154860046, "operatingIncome": 283800000, "operatingIncomeRatio": 0.136023773, "totalOtherIncomeExpensesNet": -16800000, "incomeBeforeTax": 267000000, "incomeBeforeTaxRatio": 0.1279716258, "incomeTaxExpense": 63200000, "netIncome": 255900000, "netIncomeRatio": 0.1226514571, "eps": 4.51, "epsdiluted": 4.45, "weightedAverageShsOut": 56700000, "weightedAverageShsOutDil": 57500000, "link": "https://www.sec.gov/Archives/edgar/data/25445/000162828024006375/0001628280-24-006375-index.htm", "finalLink": "https://www.sec.gov/Archives/edgar/data/25445/000162828024006375/cxt-20231231.htm", "calculatedOtherExpenses": 0, "calculatedOperatingExpenses": 521200000, "calculatedNetInterest": -17600000, "calculatedOtherIncome": 800000, "calculatedIncomeNonControlling": -52100000, "calculatedEbitda": 323100000}, {"date": "2022-12-31", "symbol": "CR", "reportedCurrency": "USD", "cik": "0000025445", "fillingDate": "2023-03-01", "acceptedDate": "2023-03-01 17:01:53", "calendarYear": "2022", "period": "FY", "revenue": 3374900000, "costOfRevenue": 2035100000, "grossProfit": 1339800000, "grossProfitRatio": 0.3969895404, "researchAndDevelopmentExpenses": 49200000, "generalAndAdministrativeExpenses": 0, "sellingAndMarketingExpenses": 0, "sellingGeneralAndAdministrativeExpenses": 807900000, "otherExpenses": 22000000, "operatingExpenses": 807900000, "costAndExpenses": 2843000000, "interestIncome": 3400000, "interestExpense": 52200000, "depreciationAndAmortization": 118900000, "ebitda": 676200000, "ebitdaratio": 0.2003614922, "operatingIncome": 557300000, "operatingIncomeRatio": 0.1651308187, "totalOtherIncomeExpensesNet": 17900000, "incomeBeforeTax": 575200000, "incomeBeforeTaxRatio": 0.1704346795, "incomeTaxExpense": 164600000, "netIncome": 401100000, "netIncomeRatio": 0.1188479659, "eps": 7.11, "epsdiluted": 7.01, "weightedAverageShsOut": 56400000, "weightedAverageShsOutDil": 57200000, "link": "https://www.sec.gov/Archives/edgar/data/25445/000162828023005873/0001628280-23-005873-index.htm", "finalLink": "https://www.sec.gov/Archives/edgar/data/25445/000162828023005873/cr-20221231.htm", "calculatedOtherExpenses": -74600000, "calculatedOperatingExpenses": 782500000, "calculatedNetInterest": -48800000, "calculatedOtherIncome": 66700000, "calculatedIncomeNonControlling": 9500000, "calculatedEbitda": 676200000}, {"date": "2021-12-31", "symbol": "CR", "reportedCurrency": "USD", "cik": "0000025445", "fillingDate": "2022-02-28", "acceptedDate": "2022-02-28 17:05:51", "calendarYear": "2021", "period": "FY", "revenue": 3180000000, "costOfRevenue": 1938900000, "grossProfit": 1241100000, "grossProfitRatio": 0.3902830189, "researchAndDevelopmentExpenses": 81400000, "generalAndAdministrativeExpenses": 0, "sellingAndMarketingExpenses": 0, "sellingGeneralAndAdministrativeExpenses": 738800000, "otherExpenses": 20400000, "operatingExpenses": 738800000, "costAndExpenses": 2677700000, "interestIncome": 1400000, "interestExpense": 46900000, "depreciationAndAmortization": 141300000, "ebitda": 643600000, "ebitdaratio": 0.2023899371, "operatingIncome": 502300000, "operatingIncomeRatio": 0.1579559748, "totalOtherIncomeExpensesNet": -25100000, "incomeBeforeTax": 477200000, "incomeBeforeTaxRatio": 0.1500628931, "incomeTaxExpense": 82900000, "netIncome": 435400000, "netIncomeRatio": 0.136918239, "eps": 7.46, "epsdiluted": 7.35, "weightedAverageShsOut": 58400000, "weightedAverageShsOutDil": 59200000, "link": "https://www.sec.gov/Archives/edgar/data/25445/000162828022004278/0001628280-22-004278-index.htm", "finalLink": "https://www.sec.gov/Archives/edgar/data/25445/000162828022004278/cr-20211231.htm", "calculatedOtherExpenses": -81400000, "calculatedOperatingExpenses": 738800000, "calculatedNetInterest": -45500000, "calculatedOtherIncome": 20400000, "calculatedIncomeNonControlling": -41100000, "calculatedEbitda": 643600000}, {"date": "2020-12-31", "symbol": "CR", "reportedCurrency": "USD", "cik": "0000025445", "fillingDate": "2021-02-23", "acceptedDate": "2021-02-23 17:27:35", "calendarYear": "2020", "period": "FY", "revenue": 2936900000, "costOfRevenue": 1936400000, "grossProfit": 1000500000, "grossProfitRatio": 0.3406653274, "researchAndDevelopmentExpenses": 74100000, "generalAndAdministrativeExpenses": 0, "sellingAndMarketingExpenses": 0, "sellingGeneralAndAdministrativeExpenses": 737600000, "otherExpenses": 14900000, "operatingExpenses": 737600000, "costAndExpenses": 2674000000, "interestIncome": 2000000, "interestExpense": 55300000, "depreciationAndAmortization": 144400000, "ebitda": 407300000, "ebitdaratio": 0.138683646, "operatingIncome": 262900000, "operatingIncomeRatio": 0.0895161565, "totalOtherIncomeExpensesNet": -38400000, "incomeBeforeTax": 224500000, "incomeBeforeTaxRatio": 0.0764411454, "incomeTaxExpense": 43400000, "netIncome": 181000000, "netIncomeRatio": 0.0616296095, "eps": 3.1, "epsdiluted": 3.08, "weightedAverageShsOut": 58300000, "weightedAverageShsOutDil": 58800000, "link": "https://www.sec.gov/Archives/edgar/data/25445/000162828021002871/0001628280-21-002871-index.htm", "finalLink": "https://www.sec.gov/Archives/edgar/data/25445/000162828021002871/cr-20201231.htm", "calculatedOtherExpenses": -74100000, "calculatedOperatingExpenses": 737600000, "calculatedNetInterest": -53300000, "calculatedOtherIncome": 14900000, "calculatedIncomeNonControlling": 100000, "calculatedEbitda": 407300000}, {"date": "2019-12-31", "symbol": "CR", "reportedCurrency": "USD", "cik": "0000025445", "fillingDate": "2020-02-25", "acceptedDate": "2020-02-24 17:59:04", "calendarYear": "2019", "period": "FY", "revenue": 3283100000, "costOfRevenue": 2352000000, "grossProfit": 931100000, "grossProfitRatio": 0.2836039109, "researchAndDevelopmentExpenses": 74000000, "generalAndAdministrativeExpenses": 0, "sellingAndMarketingExpenses": 0, "sellingGeneralAndAdministrativeExpenses": 720700000, "otherExpenses": 4400000, "operatingExpenses": 720700000, "costAndExpenses": 3072700000, "interestIncome": 2700000, "interestExpense": 46800000, "depreciationAndAmortization": 120600000, "ebitda": 331000000, "ebitdaratio": 0.1008193476, "operatingIncome": 210400000, "operatingIncomeRatio": 0.0640857726, "totalOtherIncomeExpensesNet": -39700000, "incomeBeforeTax": 170700000, "incomeBeforeTaxRatio": 0.0519935427, "incomeTaxExpense": 37100000, "netIncome": 133300000, "netIncomeRatio": 0.0406018702, "eps": 2.23, "epsdiluted": 2.2, "weightedAverageShsOut": 59800000, "weightedAverageShsOutDil": 60600000, "link": "https://www.sec.gov/Archives/edgar/data/25445/000162828020002133/0001628280-20-002133-index.htm", "finalLink": "https://www.sec.gov/Archives/edgar/data/25445/000162828020002133/cr-20191231x10kq4.htm", "calculatedOtherExpenses": -74000000, "calculatedOperatingExpenses": 720700000, "calculatedNetInterest": -44100000, "calculatedOtherIncome": 4400000, "calculatedIncomeNonControlling": 300000, "calculatedEbitda": 331000000}, {"date": "2018-12-31", "symbol": "CR", "reportedCurrency": "USD", "cik": "0000025445", "fillingDate": "2019-02-26", "acceptedDate": "2019-02-25 19:47:39", "calendarYear": "2018", "period": "FY", "revenue": 3345500000, "costOfRevenue": 2156200000, "grossProfit": 1189300000, "grossProfitRatio": 0.3554924525, "researchAndDevelopmentExpenses": 89100000, "generalAndAdministrativeExpenses": 0, "sellingAndMarketingExpenses": 0, "sellingGeneralAndAdministrativeExpenses": 713400000, "otherExpenses": 18700000, "operatingExpenses": 713400000, "costAndExpenses": 2869600000, "interestIncome": 2300000, "interestExpense": 50900000, "depreciationAndAmortization": 120000000, "ebitda": 616900000, "ebitdaratio": 0.1843969511, "operatingIncome": 441300000, "operatingIncomeRatio": 0.1319085339, "totalOtherIncomeExpensesNet": -15800000, "incomeBeforeTax": 411500000, "incomeBeforeTaxRatio": 0.1230010462, "incomeTaxExpense": 75900000, "netIncome": 335600000, "netIncomeRatio": 0.1003138544, "eps": 5.63, "epsdiluted": 5.5, "weightedAverageShsOut": 59600000, "weightedAverageShsOutDil": 61000000, "link": "https://www.sec.gov/Archives/edgar/data/25445/000162828019001892/0001628280-19-001892-index.htm", "finalLink": "https://www.sec.gov/Archives/edgar/data/25445/000162828019001892/cr-20181231x10k.htm", "calculatedOtherExpenses": -54500000, "calculatedOperatingExpenses": 748000000, "calculatedNetInterest": -48600000, "calculatedOtherIncome": 18800000, "calculatedIncomeNonControlling": 0, "calculatedEbitda": 561300000}, {"date": "2017-12-31", "symbol": "CR", "reportedCurrency": "USD", "cik": "0000025445", "fillingDate": "2018-02-27", "acceptedDate": "2018-02-26 20:00:54", "calendarYear": "2017", "period": "FY", "revenue": 2786000000, "costOfRevenue": 1770900000, "grossProfit": 1015100000, "grossProfitRatio": 0.3643575018, "researchAndDevelopmentExpenses": 58500000, "generalAndAdministrativeExpenses": 0, "sellingAndMarketingExpenses": 0, "sellingGeneralAndAdministrativeExpenses": 592400000, "otherExpenses": -800000, "operatingExpenses": 592400000, "costAndExpenses": 2363300000, "interestIncome": 2500000, "interestExpense": 36100000, "depreciationAndAmortization": 72700000, "ebitda": 497100000, "ebitdaratio": 0.1784278536, "operatingIncome": 401900000, "operatingIncomeRatio": 0.1442569993, "totalOtherIncomeExpensesNet": -21600000, "incomeBeforeTax": 367500000, "incomeBeforeTaxRatio": 0.1319095477, "incomeTaxExpense": 195000000, "netIncome": 171800000, "netIncomeRatio": 0.0616654702, "eps": 2.89, "epsdiluted": 2.84, "weightedAverageShsOut": 59400000, "weightedAverageShsOutDil": 60400000, "link": "https://www.sec.gov/Archives/edgar/data/25445/000162828018002289/0001628280-18-002289-index.htm", "finalLink": "https://www.sec.gov/Archives/edgar/data/25445/000162828018002289/cr-20171231x10k.htm", "calculatedOtherExpenses": -37700000, "calculatedOperatingExpenses": 613200000, "calculatedNetInterest": -33600000, "calculatedOtherIncome": -800000, "calculatedIncomeNonControlling": 700000, "calculatedEbitda": 474600000}, {"date": "2016-12-31", "symbol": "CR", "reportedCurrency": "USD", "cik": "0000025445", "fillingDate": "2017-02-28", "acceptedDate": "2017-02-27 21:02:26", "calendarYear": "2016", "period": "FY", "revenue": 2748000000, "costOfRevenue": 1758300000, "grossProfit": 989700000, "grossProfitRatio": 0.3601528384, "researchAndDevelopmentExpenses": 61500000, "generalAndAdministrativeExpenses": 0, "sellingAndMarketingExpenses": 0, "sellingGeneralAndAdministrativeExpenses": 597000000, "otherExpenses": -1600000, "operatingExpenses": 789400000, "costAndExpenses": 2547700000, "interestIncome": 1900000, "interestExpense": 36500000, "depreciationAndAmortization": 67400000, "ebitda": 268000000, "ebitdaratio": 0.0975254731, "operatingIncome": 200300000, "operatingIncomeRatio": 0.0728893741, "totalOtherIncomeExpensesNet": -1600000, "incomeBeforeTax": 164100000, "incomeBeforeTaxRatio": 0.0597161572, "incomeTaxExpense": 40300000, "netIncome": 122800000, "netIncomeRatio": 0.0446870451, "eps": 2.1, "epsdiluted": 2.07, "weightedAverageShsOut": 58500000, "weightedAverageShsOutDil": 59300000, "link": "https://www.sec.gov/Archives/edgar/data/25445/000162828017001848/0001628280-17-001848-index.htm", "finalLink": "https://www.sec.gov/Archives/edgar/data/25445/000162828017001848/cr-20161231x10k.htm", "calculatedOtherExpenses": 130900000, "calculatedOperatingExpenses": 789400000, "calculatedNetInterest": -34600000, "calculatedOtherIncome": -1600000, "calculatedIncomeNonControlling": 1000000, "calculatedEbitda": 267700000}, {"date": "2015-12-31", "symbol": "CR", "reportedCurrency": "USD", "cik": "0000025445", "fillingDate": "2016-02-23", "acceptedDate": "2016-02-23 17:03:31", "calendarYear": "2015", "period": "FY", "revenue": 2740500000, "costOfRevenue": 1783400000, "grossProfit": 957100000, "grossProfitRatio": 0.3492428389, "researchAndDevelopmentExpenses": 62800000, "generalAndAdministrativeExpenses": 0, "sellingAndMarketingExpenses": 0, "sellingGeneralAndAdministrativeExpenses": 566200000, "otherExpenses": -700000, "operatingExpenses": 577800000, "costAndExpenses": 2361200000, "interestIncome": 1900000, "interestExpense": 37600000, "depreciationAndAmortization": 67000000, "ebitda": 447500000, "ebitdaratio": 0.1632913702, "operatingIncome": 372900000, "operatingIncomeRatio": 0.1360700602, "totalOtherIncomeExpensesNet": -7300000, "incomeBeforeTax": 336300000, "incomeBeforeTaxRatio": 0.1227148331, "incomeTaxExpense": 106500000, "netIncome": 228900000, "netIncomeRatio": 0.0835249042, "eps": 3.94, "epsdiluted": 3.89, "weightedAverageShsOut": 58100000, "weightedAverageShsOutDil": 58800000, "link": "https://www.sec.gov/Archives/edgar/data/25445/000162828016011540/0001628280-16-011540-index.htm", "finalLink": "https://www.sec.gov/Archives/edgar/data/25445/000162828016011540/cr-20151231x10k.htm", "calculatedOtherExpenses": -44800000, "calculatedOperatingExpenses": 584200000, "calculatedNetInterest": -35700000, "calculatedOtherIncome": -900000, "calculatedIncomeNonControlling": 900000, "calculatedEbitda": 439900000}, {"date": "2014-12-31", "symbol": "CR", "reportedCurrency": "USD", "cik": "0000025445", "fillingDate": "2015-02-25", "acceptedDate": "2015-02-25 14:46:21", "calendarYear": "2014", "period": "FY", "revenue": 2924997000, "costOfRevenue": 1901240000, "grossProfit": 1023757000, "grossProfitRatio": 0.3500027521, "researchAndDevelopmentExpenses": 68000000, "generalAndAdministrativeExpenses": 0, "sellingAndMarketingExpenses": 0, "sellingGeneralAndAdministrativeExpenses": 604115000, "otherExpenses": 2375000, "operatingExpenses": 682602000, "costAndExpenses": 2583842000, "interestIncome": 1713000, "interestExpense": 39222000, "depreciationAndAmortization": 75766000, "ebitda": 421009000, "ebitdaratio": 0.1439348485, "operatingIncome": 316290000, "operatingIncomeRatio": 0.1081334442, "totalOtherIncomeExpensesNet": -22490000, "incomeBeforeTax": 281156000, "incomeBeforeTaxRatio": 0.096121808, "incomeTaxExpense": 87587000, "netIncome": 192672000, "netIncomeRatio": 0.0658708368, "eps": 3.28, "epsdiluted": 3.23, "weightedAverageShsOut": 58770000, "weightedAverageShsOutDil": 59603000, "link": "https://www.sec.gov/Archives/edgar/data/25445/000162828015000998/0001628280-15-000998-index.htm", "finalLink": "https://www.sec.gov/Archives/edgar/data/25445/000162828015000998/cr-20141231x10k.htm", "calculatedOtherExpenses": 35352000, "calculatedOperatingExpenses": 707467000, "calculatedNetInterest": -37509000, "calculatedOtherIncome": 2375000, "calculatedIncomeNonControlling": 897000, "calculatedEbitda": 392056000}, {"date": "2013-12-31", "symbol": "CR", "reportedCurrency": "USD", "cik": "0000025445", "fillingDate": "2014-02-25", "acceptedDate": "2014-02-24 20:51:19", "calendarYear": "2013", "period": "FY", "revenue": 2595281000, "costOfRevenue": 1711759000, "grossProfit": 883522000, "grossProfitRatio": 0.3404340416, "researchAndDevelopmentExpenses": 52700000, "generalAndAdministrativeExpenses": 0, "sellingAndMarketingExpenses": 0, "sellingGeneralAndAdministrativeExpenses": 535646000, "otherExpenses": 2733000, "operatingExpenses": 535646000, "costAndExpenses": 2247405000, "interestIncome": 1867000, "interestExpense": 26460000, "depreciationAndAmortization": 54837000, "ebitda": 407313000, "ebitdaratio": 0.156943699, "operatingIncome": 347876000, "operatingIncomeRatio": 0.1340417473, "totalOtherIncomeExpensesNet": 2733000, "incomeBeforeTax": 326016000, "incomeBeforeTaxRatio": 0.1256187673, "incomeTaxExpense": 105065000, "netIncome": 219502000, "netIncomeRatio": 0.0845773541, "eps": 3.79, "epsdiluted": 3.73, "weightedAverageShsOut": 57896000, "weightedAverageShsOutDil": 58839000, "link": "https://www.sec.gov/Archives/edgar/data/25445/000144530514000574/0001445305-14-000574-index.htm", "finalLink": "https://www.sec.gov/Archives/edgar/data/25445/000144530514000574/cr-20131231x10k.htm", "calculatedOtherExpenses": -52700000, "calculatedOperatingExpenses": 535646000, "calculatedNetInterest": -24593000, "calculatedOtherIncome": 2733000, "calculatedIncomeNonControlling": 1449000, "calculatedEbitda": 402713000}, {"date": "2012-12-31", "symbol": "CR", "reportedCurrency": "USD", "cik": "0000025445", "fillingDate": "2013-02-26", "acceptedDate": "2013-02-26 06:05:43", "calendarYear": "2012", "period": "FY", "revenue": 2579068000, "costOfRevenue": 1708240000, "grossProfit": 870828000, "grossProfitRatio": 0.3376522061, "researchAndDevelopmentExpenses": 66900000, "generalAndAdministrativeExpenses": 0, "sellingAndMarketingExpenses": 0, "sellingGeneralAndAdministrativeExpenses": 539755000, "otherExpenses": -884000, "operatingExpenses": 560387000, "costAndExpenses": 2268627000, "interestIncome": 1879000, "interestExpense": 26831000, "depreciationAndAmortization": 57263000, "ebitda": 368699000, "ebitdaratio": 0.1429582314, "operatingIncome": 310441000, "operatingIncomeRatio": 0.1203694513, "totalOtherIncomeExpensesNet": -884000, "incomeBeforeTax": 284605000, "incomeBeforeTaxRatio": 0.1103518791, "incomeTaxExpense": 88416000, "netIncome": 216993000, "netIncomeRatio": 0.0841362073, "eps": 3.78, "epsdiluted": 3.72, "weightedAverageShsOut": 57443000, "weightedAverageShsOutDil": 58293000, "link": "https://www.sec.gov/Archives/edgar/data/25445/000144530513000320/0001445305-13-000320-index.htm", "finalLink": "https://www.sec.gov/Archives/edgar/data/25445/000144530513000320/cr-20121231x10k.htm", "calculatedOtherExpenses": -46268000, "calculatedOperatingExpenses": 560387000, "calculatedNetInterest": -24952000, "calculatedOtherIncome": -884000, "calculatedIncomeNonControlling": -20804000, "calculatedEbitda": 367704000}, {"date": "2011-12-31", "symbol": "CR", "reportedCurrency": "USD", "cik": "0000025445", "fillingDate": "2012-02-27", "acceptedDate": "2012-02-27 17:07:47", "calendarYear": "2011", "period": "FY", "revenue": 2545867000, "costOfRevenue": 1683093000, "grossProfit": 862774000, "grossProfitRatio": 0.338892016, "researchAndDevelopmentExpenses": 0, "generalAndAdministrativeExpenses": 0, "sellingAndMarketingExpenses": 0, "sellingGeneralAndAdministrativeExpenses": 548536000, "otherExpenses": 0, "operatingExpenses": 820510000, "costAndExpenses": 2503603000, "interestIncome": 1635000, "interestExpense": 26255000, "depreciationAndAmortization": 62943000, "ebitda": 106842000, "ebitdaratio": 0.0419668427, "operatingIncome": -42264000, "operatingIncomeRatio": -0.0166010243, "totalOtherIncomeExpensesNet": 2810000, "incomeBeforeTax": 20454000, "incomeBeforeTaxRatio": 0.0080341982, "incomeTaxExpense": -6062000, "netIncome": 26315000, "netIncomeRatio": 0.0103363609, "eps": 0.45, "epsdiluted": 0.44, "weightedAverageShsOut": 58120000, "weightedAverageShsOutDil": 59204000, "link": "https://www.sec.gov/Archives/edgar/data/25445/000119312512081927/0001193125-12-081927-index.htm", "finalLink": "https://www.sec.gov/Archives/edgar/data/25445/000119312512081927/d257041d10k.htm", "calculatedOtherExpenses": 356502000, "calculatedOperatingExpenses": 905038000, "calculatedNetInterest": -24620000, "calculatedOtherIncome": 87338000, "calculatedIncomeNonControlling": 201000, "calculatedEbitda": 20679000}, {"date": "2010-12-31", "symbol": "CR", "reportedCurrency": "USD", "cik": "0000025445", "fillingDate": "2011-02-28", "acceptedDate": "2011-02-28 16:08:01", "calendarYear": "2010", "period": "FY", "revenue": 2217825000, "costOfRevenue": 1472602000, "grossProfit": 745223000, "grossProfitRatio": 0.3360152402, "researchAndDevelopmentExpenses": 0, "generalAndAdministrativeExpenses": 523387000, "sellingAndMarketingExpenses": 0, "sellingGeneralAndAdministrativeExpenses": 523387000, "otherExpenses": 0, "operatingExpenses": 583228000, "costAndExpenses": 2055830000, "interestIncome": 1184000, "interestExpense": 26841000, "depreciationAndAmortization": 59841000, "ebitda": 296187000, "ebitdaratio": 0.1335484089, "operatingIncome": 235162000, "operatingIncomeRatio": 0.1060327122, "totalOtherIncomeExpensesNet": 1424000, "incomeBeforeTax": 210929000, "incomeBeforeTaxRatio": 0.0951062415, "incomeTaxExpense": 56739000, "netIncome": 154170000, "netIncomeRatio": 0.0695140509, "eps": 2.59, "epsdiluted": 2.59, "weightedAverageShsOut": 58601000, "weightedAverageShsOutDil": 59562000, "link": "https://www.sec.gov/Archives/edgar/data/25445/000119312511049904/0001193125-11-049904-index.htm", "finalLink": "https://www.sec.gov/Archives/edgar/data/25445/000119312511049904/d10k.htm", "calculatedOtherExpenses": -13326000, "calculatedOperatingExpenses": 510061000, "calculatedNetInterest": -25657000, "calculatedOtherIncome": 1424000, "calculatedIncomeNonControlling": 20000, "calculatedEbitda": 295003000}, {"date": "2009-12-31", "symbol": "CR", "reportedCurrency": "USD", "cik": "0000025445", "fillingDate": "2010-02-25", "acceptedDate": "2010-02-25 06:07:25", "calendarYear": "2009", "period": "FY", "revenue": 2196343000, "costOfRevenue": 1466030000, "grossProfit": 730313000, "grossProfitRatio": 0.3325131821, "researchAndDevelopmentExpenses": 0, "generalAndAdministrativeExpenses": 531210000, "sellingAndMarketingExpenses": 0, "sellingGeneralAndAdministrativeExpenses": 531210000, "otherExpenses": 0, "operatingExpenses": 589414000, "costAndExpenses": 2055444000, "interestIncome": 2820000, "interestExpense": 27139000, "depreciationAndAmortization": 58204000, "ebitda": 269293000, "ebitdaratio": 0.1226097199, "operatingIncome": 208269000, "operatingIncomeRatio": 0.0948253529, "totalOtherIncomeExpensesNet": 976000, "incomeBeforeTax": 184926000, "incomeBeforeTaxRatio": 0.0841972315, "incomeTaxExpense": 50846000, "netIncome": 133856000, "netIncomeRatio": 0.0609449435, "eps": 2.28, "epsdiluted": 2.28, "weightedAverageShsOut": 58473000, "weightedAverageShsOutDil": 58812000, "link": "https://www.sec.gov/Archives/edgar/data/25445/000119312510039621/0001193125-10-039621-index.htm", "finalLink": "https://www.sec.gov/Archives/edgar/data/25445/000119312510039621/d10k.htm", "calculatedOtherExpenses": -9166000, "calculatedOperatingExpenses": 522044000, "calculatedNetInterest": -24319000, "calculatedOtherIncome": 976000, "calculatedIncomeNonControlling": 224000, "calculatedEbitda": 266473000}, {"date": "2008-12-31", "symbol": "CR", "reportedCurrency": "USD", "cik": "0000025445", "fillingDate": "2009-02-25", "acceptedDate": "2009-02-24 20:14:50", "calendarYear": "2008", "period": "FY", "revenue": 2604307000, "costOfRevenue": 1751036000, "grossProfit": 853271000, "grossProfitRatio": 0.3276384082, "researchAndDevelopmentExpenses": 0, "generalAndAdministrativeExpenses": 0, "sellingAndMarketingExpenses": 0, "sellingGeneralAndAdministrativeExpenses": 615079000, "otherExpenses": 0, "operatingExpenses": 2406818000, "costAndExpenses": 2406818000, "interestIncome": 10263000, "interestExpense": 25799000, "depreciationAndAmortization": 57162000, "ebitda": 266813000, "ebitdaratio": 0.1024506711, "operatingIncome": 197489000, "operatingIncomeRatio": 0.0758316896, "totalOtherIncomeExpensesNet": -38804000, "incomeBeforeTax": 183852000, "incomeBeforeTaxRatio": 0.0705953638, "incomeTaxExpense": 48694000, "netIncome": 135158000, "netIncomeRatio": 0.0518978753, "eps": 2.27, "epsdiluted": 2.24, "weightedAverageShsOut": 59667000, "weightedAverageShsOutDil": 60298000, "link": "https://www.sec.gov/Archives/edgar/data/25445/000119312509036461/0001193125-09-036461-index.htm", "finalLink": "https://www.sec.gov/Archives/edgar/data/25445/000119312509036461/d10k.htm", "calculatedOtherExpenses": 40703000, "calculatedOperatingExpenses": 655782000, "calculatedNetInterest": -15536000, "calculatedOtherIncome": 1899000, "calculatedIncomeNonControlling": 0, "calculatedEbitda": 254651000}, {"date": "2007-12-31", "symbol": "CR", "reportedCurrency": "USD", "cik": "0000025445", "fillingDate": "2008-02-28", "acceptedDate": "2008-02-28 06:15:31", "calendarYear": "2007", "period": "FY", "revenue": 2619171000, "costOfRevenue": 1776157000, "grossProfit": 843014000, "grossProfitRatio": 0.3218629101, "researchAndDevelopmentExpenses": 0, "generalAndAdministrativeExpenses": 0, "sellingAndMarketingExpenses": 0, "sellingGeneralAndAdministrativeExpenses": 579603000, "otherExpenses": 390150000, "operatingExpenses": 969753000, "costAndExpenses": 2745910000, "interestIncome": 6259000, "interestExpense": -27404000, "depreciationAndAmortization": 61310000, "ebitda": 301054000, "ebitdaratio": 0.1149424761, "operatingIncome": -107656000, "operatingIncomeRatio": -0.0411030819, "totalOtherIncomeExpensesNet": -361161000, "incomeBeforeTax": -118895000, "incomeBeforeTaxRatio": -0.0453941343, "incomeTaxExpense": -56553000, "netIncome": -62342000, "netIncomeRatio": -0.0238021878, "eps": -1.04, "epsdiluted": -1.04, "weightedAverageShsOut": 60037000, "weightedAverageShsOutDil": 60037000, "link": "https://www.sec.gov/Archives/edgar/data/25445/000119312508040709/0001193125-08-040709-index.htm", "finalLink": "https://www.sec.gov/Archives/edgar/data/25445/000119312508040709/d10k.htm", "calculatedOtherExpenses": 371067000, "calculatedOperatingExpenses": 950670000, "calculatedNetInterest": 33663000, "calculatedOtherIncome": -44902000, "calculatedIncomeNonControlling": 0, "calculatedEbitda": -46346000}, {"date": "2006-12-31", "symbol": "CR", "reportedCurrency": "USD", "cik": "0000025445", "fillingDate": "2007-03-01", "acceptedDate": "2007-03-01 06:19:13", "calendarYear": "2006", "period": "FY", "revenue": 2256889000, "costOfRevenue": 1525633000, "grossProfit": 731256000, "grossProfitRatio": 0.3240106182, "researchAndDevelopmentExpenses": 0, "generalAndAdministrativeExpenses": 0, "sellingAndMarketingExpenses": 0, "sellingGeneralAndAdministrativeExpenses": 483320000, "otherExpenses": -2229000000, "operatingExpenses": -1745680000, "costAndExpenses": -220047000, "interestIncome": 4939000, "interestExpense": -23015000, "depreciationAndAmortization": 54285000, "ebitda": 2527388000, "ebitdaratio": 1.119854809, "operatingIncome": 247936000, "operatingIncomeRatio": 0.1098574188, "totalOtherIncomeExpensesNet": 9474000, "incomeBeforeTax": 239334000, "incomeBeforeTaxRatio": 0.1060459774, "incomeTaxExpense": 73447000, "netIncome": 165887000, "netIncomeRatio": 0.0735025072, "eps": 2.72, "epsdiluted": 2.67, "weightedAverageShsOut": 60906000, "weightedAverageShsOutDil": 62103000, "link": "https://www.sec.gov/Archives/edgar/data/25445/000119312507043378/0001193125-07-043378-index.htm", "finalLink": "https://www.sec.gov/Archives/edgar/data/25445/000119312507043378/d10k.htm", "calculatedOtherExpenses": 0, "calculatedOperatingExpenses": 483320000, "calculatedNetInterest": 27954000, "calculatedOtherIncome": -36556000, "calculatedIncomeNonControlling": 0, "calculatedEbitda": 302221000}, {"date": "2005-12-31", "symbol": "CR", "reportedCurrency": "USD", "cik": "0000025445", "fillingDate": "2006-03-09", "acceptedDate": "2006-03-09 15:07:40", "calendarYear": "2005", "period": "FY", "revenue": 2061249000, "costOfRevenue": 1418662000, "grossProfit": 642587000, "grossProfitRatio": 0.3117464217, "researchAndDevelopmentExpenses": 0, "generalAndAdministrativeExpenses": 0, "sellingAndMarketingExpenses": 0, "sellingGeneralAndAdministrativeExpenses": 428965000, "otherExpenses": 0, "operatingExpenses": 428965000, "costAndExpenses": 1847627000, "interestIncome": 0, "interestExpense": 0, "depreciationAndAmortization": 55715000, "ebitda": 266391000, "ebitdaratio": 0.1292376612, "operatingIncome": 213622000, "operatingIncomeRatio": 0.1036371637, "totalOtherIncomeExpensesNet": 2946000, "incomeBeforeTax": 196523000, "incomeBeforeTaxRatio": 0.0953417079, "incomeTaxExpense": 60486000, "netIncome": 136037000, "netIncomeRatio": 0.0659973637, "eps": 2.27, "epsdiluted": 2.25, "weightedAverageShsOut": 59816000, "weightedAverageShsOutDil": 60413000, "link": "https://www.sec.gov/Archives/edgar/data/25445/000119312506049541/0001193125-06-049541-index.htm", "finalLink": "https://www.sec.gov/Archives/edgar/data/25445/000119312506049541/d10k.htm", "calculatedOtherExpenses": 0, "calculatedOperatingExpenses": 428965000, "calculatedNetInterest": 0, "calculatedOtherIncome": -17099000, "calculatedIncomeNonControlling": 0, "calculatedEbitda": 269337000}, {"date": "2004-12-31", "symbol": "CR", "reportedCurrency": "USD", "cik": "0000025445", "fillingDate": "2005-03-08", "acceptedDate": "2005-03-08 17:05:57", "calendarYear": "2004", "period": "FY", "revenue": 1890335000, "costOfRevenue": 1338874000, "grossProfit": 551461000, "grossProfitRatio": 0.2917265987, "researchAndDevelopmentExpenses": 0, "generalAndAdministrativeExpenses": 0, "sellingAndMarketingExpenses": 0, "sellingGeneralAndAdministrativeExpenses": 405157000, "otherExpenses": -40000000, "operatingExpenses": 365157000, "costAndExpenses": 1704031000, "interestIncome": 0, "interestExpense": 0, "depreciationAndAmortization": 55716000, "ebitda": 534699000, "ebitdaratio": 0.2828593874, "operatingIncome": 186304000, "operatingIncomeRatio": 0.098556076, "totalOtherIncomeExpensesNet": -292679000, "incomeBeforeTax": -168170000, "incomeBeforeTaxRatio": -0.0889630674, "incomeTaxExpense": -62749000, "netIncome": -105421000, "netIncomeRatio": -0.055768422, "eps": -1.78, "epsdiluted": -1.78, "weightedAverageShsOut": 59251000, "weightedAverageShsOutDil": 59251000, "link": "https://www.sec.gov/Archives/edgar/data/25445/000119312505044701/0001193125-05-044701-index.htm", "finalLink": "https://www.sec.gov/Archives/edgar/data/25445/000119312505044701/d10k.htm", "calculatedOtherExpenses": -40000000, "calculatedOperatingExpenses": 365157000, "calculatedNetInterest": 0, "calculatedOtherIncome": -354474000, "calculatedIncomeNonControlling": 0, "calculatedEbitda": 242020000}, {"date": "2003-12-31", "symbol": "CR", "reportedCurrency": "USD", "cik": "0000025445", "fillingDate": "2004-03-05", "acceptedDate": "2004-03-05 11:58:54", "calendarYear": "2003", "period": "FY", "revenue": 1635991000, "costOfRevenue": 1106166000, "grossProfit": 529825000, "grossProfitRatio": 0.3238556936, "researchAndDevelopmentExpenses": 0, "generalAndAdministrativeExpenses": 0, "sellingAndMarketingExpenses": 0, "sellingGeneralAndAdministrativeExpenses": 360813000, "otherExpenses": 0, "operatingExpenses": 360813000, "costAndExpenses": 1466979000, "interestIncome": 0, "interestExpense": 0, "depreciationAndAmortization": 54025000, "ebitda": 222061000, "ebitdaratio": 0.1357348543, "operatingIncome": 169012000, "operatingIncomeRatio": 0.1033086368, "totalOtherIncomeExpensesNet": 976000, "incomeBeforeTax": 151164000, "incomeBeforeTaxRatio": 0.0923990413, "incomeTaxExpense": 46861000, "netIncome": 104303000, "netIncomeRatio": 0.0637552407, "eps": 1.75, "epsdiluted": 1.75, "weightedAverageShsOut": 59338000, "weightedAverageShsOutDil": 59601714, "link": "https://www.sec.gov/Archives/edgar/data/25445/000119312504035266/0001193125-04-035266-index.htm", "finalLink": "https://www.sec.gov/Archives/edgar/data/25445/000119312504035266/d10k.htm", "calculatedOtherExpenses": 0, "calculatedOperatingExpenses": 360813000, "calculatedNetInterest": 0, "calculatedOtherIncome": -17848000, "calculatedIncomeNonControlling": 0, "calculatedEbitda": 223037000}, {"date": "2002-12-31", "symbol": "CR", "reportedCurrency": "USD", "cik": "0000025445", "fillingDate": "2003-03-07", "acceptedDate": "2003-03-07 15:56:28", "calendarYear": "2002", "period": "FY", "revenue": 1516347000, "costOfRevenue": 1154551000, "grossProfit": 361796000, "grossProfitRatio": 0.2385971021, "researchAndDevelopmentExpenses": 0, "generalAndAdministrativeExpenses": 0, "sellingAndMarketingExpenses": 0, "sellingGeneralAndAdministrativeExpenses": 322125000, "otherExpenses": 0, "operatingExpenses": 322125000, "costAndExpenses": 1476676000, "interestIncome": 0, "interestExpense": 0, "depreciationAndAmortization": 49790000, "ebitda": 90064000, "ebitdaratio": 0.0593953759, "operatingIncome": 39671000, "operatingIncomeRatio": 0.0261622175, "totalOtherIncomeExpensesNet": -603000, "incomeBeforeTax": 24453000, "incomeBeforeTaxRatio": 0.0161262561, "incomeTaxExpense": 7825000, "netIncome": -11448000, "netIncomeRatio": -0.0075497231, "eps": -0.19, "epsdiluted": -0.19, "weightedAverageShsOut": 59728000, "weightedAverageShsOutDil": 59728000, "link": "https://www.sec.gov/Archives/edgar/data/25445/000095013003001890/0000950130-03-001890-index.htm", "finalLink": "https://www.sec.gov/Archives/edgar/data/25445/000095013003001890/d10k.htm", "calculatedOtherExpenses": 0, "calculatedOperatingExpenses": 322125000, "calculatedNetInterest": 0, "calculatedOtherIncome": -15218000, "calculatedIncomeNonControlling": 28076000, "calculatedEbitda": 89461000}, {"date": "2001-12-31", "symbol": "CR", "reportedCurrency": "USD", "cik": "0000025445", "fillingDate": "2002-03-22", "acceptedDate": "2002-03-22 00:00:00", "calendarYear": "2001", "period": "FY", "revenue": 1587180000, "costOfRevenue": 1045710000, "grossProfit": 541470000, "grossProfitRatio": 0.3411522323, "researchAndDevelopmentExpenses": 0, "generalAndAdministrativeExpenses": 0, "sellingAndMarketingExpenses": 0, "sellingGeneralAndAdministrativeExpenses": 295176000, "otherExpenses": 74610000, "operatingExpenses": 369786000, "costAndExpenses": 1415496000, "interestIncome": 0, "interestExpense": 0, "depreciationAndAmortization": 74610000, "ebitda": 262037000, "ebitdaratio": 0.1650959564, "operatingIncome": 171684000, "operatingIncomeRatio": 0.1081692058, "totalOtherIncomeExpensesNet": -15743000, "incomeBeforeTax": 135817000, "incomeBeforeTaxRatio": 0.0855712648, "incomeTaxExpense": 47197000, "netIncome": 88620000, "netIncomeRatio": 0.055834877, "eps": 1.48, "epsdiluted": 1.47, "weightedAverageShsOut": 59825000, "weightedAverageShsOutDil": 60355000, "link": "https://www.sec.gov/Archives/edgar/data/25445/000095013002001812/0000950130-02-001812-index.htm", "finalLink": "https://www.sec.gov/Archives/edgar/data/25445/000095013002001812/d10k405.txt", "calculatedOtherExpenses": 74610000, "calculatedOperatingExpenses": 369786000, "calculatedNetInterest": 0, "calculatedOtherIncome": -35867000, "calculatedIncomeNonControlling": 0, "calculatedEbitda": 246294000}, {"date": "2000-12-31", "symbol": "CR", "reportedCurrency": "USD", "cik": "0000025445", "fillingDate": "2001-03-13", "acceptedDate": "2001-03-13 00:00:00", "calendarYear": "2000", "period": "FY", "revenue": 1491190000, "costOfRevenue": 988518000, "grossProfit": 502672000, "grossProfitRatio": 0.3370945352, "researchAndDevelopmentExpenses": 0, "generalAndAdministrativeExpenses": 0, "sellingAndMarketingExpenses": 0, "sellingGeneralAndAdministrativeExpenses": 263365000, "otherExpenses": 55281000, "operatingExpenses": 318646000, "costAndExpenses": 1307164000, "interestIncome": 0, "interestExpense": 0, "depreciationAndAmortization": 55281000, "ebitda": 212229000, "ebitdaratio": 0.142321904, "operatingIncome": 184026000, "operatingIncomeRatio": 0.1234088211, "totalOtherIncomeExpensesNet": 27078000, "incomeBeforeTax": 190360000, "incomeBeforeTaxRatio": 0.1276564355, "incomeTaxExpense": 66631000, "netIncome": 123729000, "netIncomeRatio": 0.08297333, "eps": 2.03, "epsdiluted": 2.02, "weightedAverageShsOut": 60919000, "weightedAverageShsOutDil": 61399000, "link": "https://www.sec.gov/Archives/edgar/data/25445/000095013001001276/0000950130-01-001276-index.htm", "finalLink": "https://www.sec.gov/Archives/edgar/data/25445/000095013001001276/0000950130-01-001276-0001.txt", "calculatedOtherExpenses": 55281000, "calculatedOperatingExpenses": 318646000, "calculatedNetInterest": 0, "calculatedOtherIncome": 6334000, "calculatedIncomeNonControlling": 0, "calculatedEbitda": 239307000}, {"date": "1999-12-31", "symbol": "CR", "reportedCurrency": "USD", "cik": "0000025445", "fillingDate": "2000-03-15", "acceptedDate": "2000-03-15 00:00:00", "calendarYear": "1999", "period": "FY", "revenue": 1553700000, "costOfRevenue": 1052800000, "grossProfit": 500900000, "grossProfitRatio": 0.3223917101, "researchAndDevelopmentExpenses": 0, "generalAndAdministrativeExpenses": 0, "sellingAndMarketingExpenses": 0, "sellingGeneralAndAdministrativeExpenses": 270100000, "otherExpenses": 61300000, "operatingExpenses": 331400000, "costAndExpenses": 1384200000, "interestIncome": 0, "interestExpense": 0, "depreciationAndAmortization": 61300000, "ebitda": 226500000, "ebitdaratio": 0.1457810388, "operatingIncome": 169500000, "operatingIncomeRatio": 0.1090944198, "totalOtherIncomeExpensesNet": 4300000, "incomeBeforeTax": 155800000, "incomeBeforeTaxRatio": 0.1002767587, "incomeTaxExpense": 54900000, "netIncome": 114600000, "netIncomeRatio": 0.073759413, "eps": 1.71, "epsdiluted": 1.7, "weightedAverageShsOut": 66981000, "weightedAverageShsOutDil": 67460000, "link": "https://www.sec.gov/Archives/edgar/data/25445/000095013000001311/0000950130-00-001311-index.html", "finalLink": "https://www.sec.gov/Archives/edgar/data/25445/000095013000001311/", "calculatedOtherExpenses": 61300000, "calculatedOperatingExpenses": 331400000, "calculatedNetInterest": 0, "calculatedOtherIncome": -13700000, "calculatedIncomeNonControlling": -13700000, "calculatedEbitda": 230800000}, {"date": "1998-12-31", "symbol": "CR", "reportedCurrency": "USD", "cik": "0000025445", "fillingDate": "1999-03-04", "acceptedDate": "1999-03-04 00:00:00", "calendarYear": "1998", "period": "FY", "revenue": 2268500000, "costOfRevenue": 1624700000, "grossProfit": 643800000, "grossProfitRatio": 0.2837998678, "researchAndDevelopmentExpenses": 0, "generalAndAdministrativeExpenses": 0, "sellingAndMarketingExpenses": 0, "sellingGeneralAndAdministrativeExpenses": 343400000, "otherExpenses": 61500000, "operatingExpenses": 404900000, "costAndExpenses": 2029600000, "interestIncome": 0, "interestExpense": 0, "depreciationAndAmortization": 61500000, "ebitda": 296800000, "ebitdaratio": 0.1308353538, "operatingIncome": 238900000, "operatingIncomeRatio": 0.1053118801, "totalOtherIncomeExpensesNet": 3600000, "incomeBeforeTax": 214600000, "incomeBeforeTaxRatio": 0.0945999559, "incomeTaxExpense": 76200000, "netIncome": 138400000, "netIncomeRatio": 0.0610094776, "eps": 2.02, "epsdiluted": 2, "weightedAverageShsOut": 68555000, "weightedAverageShsOutDil": 69368000, "link": "https://www.sec.gov/Archives/edgar/data/25445/000095013099001203/0000950130-99-001203-index.html", "finalLink": "https://www.sec.gov/Archives/edgar/data/25445/", "calculatedOtherExpenses": 61500000, "calculatedOperatingExpenses": 404900000, "calculatedNetInterest": 0, "calculatedOtherIncome": -24300000, "calculatedIncomeNonControlling": 0, "calculatedEbitda": 300400000}, {"date": "1997-12-31", "symbol": "CR", "reportedCurrency": "USD", "cik": "0000025445", "fillingDate": "1998-03-27", "acceptedDate": "1998-03-27 00:00:00", "calendarYear": "1997", "period": "FY", "revenue": 2036800000, "costOfRevenue": 1477000000, "grossProfit": 559800000, "grossProfitRatio": 0.2748428908, "researchAndDevelopmentExpenses": 0, "generalAndAdministrativeExpenses": 0, "sellingAndMarketingExpenses": 0, "sellingGeneralAndAdministrativeExpenses": 307800000, "otherExpenses": 55400000, "operatingExpenses": 363200000, "costAndExpenses": 1840200000, "interestIncome": 0, "interestExpense": 0, "depreciationAndAmortization": 55400000, "ebitda": 248900000, "ebitdaratio": 0.1222014925, "operatingIncome": 196600000, "operatingIncomeRatio": 0.0965239592, "totalOtherIncomeExpensesNet": 3100000, "incomeBeforeTax": 175900000, "incomeBeforeTaxRatio": 0.0863609584, "incomeTaxExpense": 63100000, "netIncome": 112800000, "netIncomeRatio": 0.0553809898, "eps": 1.64, "epsdiluted": 1.63, "weightedAverageShsOut": 68780488, "weightedAverageShsOutDil": 69202454, "link": "https://www.sec.gov/Archives/edgar/data/25445/000095013098001500/0000950130-98-001500-index.html", "finalLink": "https://www.sec.gov/Archives/edgar/data/25445/", "calculatedOtherExpenses": 55400000, "calculatedOperatingExpenses": 363200000, "calculatedNetInterest": 0, "calculatedOtherIncome": -20700000, "calculatedIncomeNonControlling": 0, "calculatedEbitda": 252000000}, {"date": "1996-12-31", "symbol": "CR", "reportedCurrency": "USD", "cik": "0000025445", "fillingDate": "1997-03-14", "acceptedDate": "1997-03-14 00:00:00", "calendarYear": "1996", "period": "FY", "revenue": 1847700000, "costOfRevenue": 1344700000, "grossProfit": 503000000, "grossProfitRatio": 0.2722303404, "researchAndDevelopmentExpenses": 0, "generalAndAdministrativeExpenses": 0, "sellingAndMarketingExpenses": 0, "sellingGeneralAndAdministrativeExpenses": 287400000, "otherExpenses": 49400000, "operatingExpenses": 336800000, "costAndExpenses": 1681500000, "interestIncome": 0, "interestExpense": 0, "depreciationAndAmortization": 49400000, "ebitda": 213300000, "ebitdaratio": 0.1154408183, "operatingIncome": 166200000, "operatingIncomeRatio": 0.0899496672, "totalOtherIncomeExpensesNet": 2300000, "incomeBeforeTax": 145000000, "incomeBeforeTaxRatio": 0.0784759431, "incomeTaxExpense": 52900000, "netIncome": 92100000, "netIncomeRatio": 0.0498457542, "eps": 1.35, "epsdiluted": 1.34, "weightedAverageShsOut": 68222222, "weightedAverageShsOutDil": 68731343, "link": "https://www.sec.gov/Archives/edgar/data/25445/000095013097001012/0000950130-97-001012-index.html", "finalLink": "https://www.sec.gov/Archives/edgar/data/25445/", "calculatedOtherExpenses": 49400000, "calculatedOperatingExpenses": 336800000, "calculatedNetInterest": 0, "calculatedOtherIncome": -21200000, "calculatedIncomeNonControlling": 0, "calculatedEbitda": 215600000}, {"date": "1995-12-31", "symbol": "CR", "reportedCurrency": "USD", "cik": "0000025445", "fillingDate": "1996-03-22", "acceptedDate": "1996-03-22 00:00:00", "calendarYear": "1995", "period": "FY", "revenue": 1782300000, "costOfRevenue": 1316300000, "grossProfit": 466000000, "grossProfitRatio": 0.2614599114, "researchAndDevelopmentExpenses": 0, "generalAndAdministrativeExpenses": 0, "sellingAndMarketingExpenses": 0, "sellingGeneralAndAdministrativeExpenses": 274300000, "otherExpenses": 48800000, "operatingExpenses": 323100000, "costAndExpenses": 1639400000, "interestIncome": 0, "interestExpense": 0, "depreciationAndAmortization": 48800000, "ebitda": 186300000, "ebitdaratio": 0.1045278573, "operatingIncome": 142900000, "operatingIncomeRatio": 0.080177299, "totalOtherIncomeExpensesNet": 5400000, "incomeBeforeTax": 121400000, "incomeBeforeTaxRatio": 0.0681142344, "incomeTaxExpense": 45100000, "netIncome": 76300000, "netIncomeRatio": 0.0428098524, "eps": 1.12, "epsdiluted": 1.11, "weightedAverageShsOut": 68125000, "weightedAverageShsOutDil": 68738739, "link": "https://www.sec.gov/Archives/edgar/data/25445/000095013096000929/0000950130-96-000929-index.html", "finalLink": "https://www.sec.gov/Archives/edgar/data/25445/", "calculatedOtherExpenses": 48800000, "calculatedOperatingExpenses": 323100000, "calculatedNetInterest": 0, "calculatedOtherIncome": -21500000, "calculatedIncomeNonControlling": 0, "calculatedEbitda": 191700000}, {"date": "1994-12-31", "symbol": "CR", "reportedCurrency": "USD", "cik": "0000025445", "fillingDate": "1995-03-23", "acceptedDate": "1995-03-23 00:00:00", "calendarYear": "1994", "period": "FY", "revenue": 1653500000, "costOfRevenue": 1253400000, "grossProfit": 400100000, "grossProfitRatio": 0.2419715754, "researchAndDevelopmentExpenses": 0, "generalAndAdministrativeExpenses": 0, "sellingAndMarketingExpenses": 0, "sellingGeneralAndAdministrativeExpenses": 245500000, "otherExpenses": 44700000, "operatingExpenses": 290200000, "costAndExpenses": 1543600000, "interestIncome": 0, "interestExpense": 0, "depreciationAndAmortization": 44700000, "ebitda": 152700000, "ebitdaratio": 0.0923495615, "operatingIncome": 109900000, "operatingIncomeRatio": 0.0664650741, "totalOtherIncomeExpensesNet": 1900000, "incomeBeforeTax": 91200000, "incomeBeforeTaxRatio": 0.0551557303, "incomeTaxExpense": 35300000, "netIncome": 55900000, "netIncomeRatio": 0.0338070759, "eps": 0.83, "epsdiluted": 0.82, "weightedAverageShsOut": 67828500, "weightedAverageShsOutDil": 68062500, "link": "https://www.sec.gov/Archives/edgar/data/25445/000095010995000851/0000950109-95-000851-index.html", "finalLink": "https://www.sec.gov/Archives/edgar/data/25445/", "calculatedOtherExpenses": 44700000, "calculatedOperatingExpenses": 290200000, "calculatedNetInterest": 0, "calculatedOtherIncome": -18700000, "calculatedIncomeNonControlling": 0, "calculatedEbitda": 154600000}, {"date": "1993-12-31", "symbol": "CR", "reportedCurrency": "USD", "cik": "0000025445", "fillingDate": "1994-03-30", "acceptedDate": "1994-03-30 00:00:00", "calendarYear": "1993", "period": "FY", "revenue": 1310200000, "costOfRevenue": 1016500000, "grossProfit": 293700000, "grossProfitRatio": 0.2241642497, "researchAndDevelopmentExpenses": 0, "generalAndAdministrativeExpenses": 0, "sellingAndMarketingExpenses": 0, "sellingGeneralAndAdministrativeExpenses": 178400000, "otherExpenses": 29400000, "operatingExpenses": 207800000, "costAndExpenses": 1224300000, "interestIncome": 0, "interestExpense": 0, "depreciationAndAmortization": 29400000, "ebitda": 114400000, "ebitdaratio": 0.0873149138, "operatingIncome": 85900000, "operatingIncomeRatio": 0.0655625095, "totalOtherIncomeExpensesNet": 900000, "incomeBeforeTax": 79800000, "incomeBeforeTaxRatio": 0.0609067318, "incomeTaxExpense": 30900000, "netIncome": 48900000, "netIncomeRatio": 0.0373225462, "eps": 0.73, "epsdiluted": 0.73, "weightedAverageShsOut": 66986301, "weightedAverageShsOutDil": 66986301, "link": "https://www.sec.gov/Archives/edgar/data/25445/000095013094000538/0000950130-94-000538-index.html", "finalLink": "https://www.sec.gov/Archives/edgar/data/25445/", "calculatedOtherExpenses": 29400000, "calculatedOperatingExpenses": 207800000, "calculatedNetInterest": 0, "calculatedOtherIncome": -6100000, "calculatedIncomeNonControlling": 0, "calculatedEbitda": 115300000}, {"date": "1992-12-31", "symbol": "CR", "reportedCurrency": "USD", "cik": "0000025445", "fillingDate": "1992-12-31", "acceptedDate": "1992-12-30 19:00:00", "calendarYear": "1992", "period": "FY", "revenue": 1307000000, "costOfRevenue": 1006000000, "grossProfit": 301000000, "grossProfitRatio": 0.2302983933, "researchAndDevelopmentExpenses": 0, "generalAndAdministrativeExpenses": 0, "sellingAndMarketingExpenses": 0, "sellingGeneralAndAdministrativeExpenses": 187800000, "otherExpenses": 28500000, "operatingExpenses": 216300000, "costAndExpenses": 1222300000, "interestIncome": 0, "interestExpense": 0, "depreciationAndAmortization": 28500000, "ebitda": 149700000, "ebitdaratio": 0.1145371079, "operatingIncome": 84700000, "operatingIncomeRatio": 0.0648048967, "totalOtherIncomeExpensesNet": -36500000, "incomeBeforeTax": 38700000, "incomeBeforeTaxRatio": 0.0296097934, "incomeTaxExpense": 14400000, "netIncome": 24300000, "netIncomeRatio": 0.0185921959, "eps": 0.35, "epsdiluted": 0.35, "weightedAverageShsOut": 69428571, "weightedAverageShsOutDil": 69428571, "link": "", "finalLink": "", "calculatedOtherExpenses": 28500000, "calculatedOperatingExpenses": 216300000, "calculatedNetInterest": 0, "calculatedOtherIncome": -46000000, "calculatedIncomeNonControlling": 0, "calculatedEbitda": 113200000}, {"date": "1991-12-31", "symbol": "CR", "reportedCurrency": "USD", "cik": "0000025445", "fillingDate": "1991-12-31", "acceptedDate": "1991-12-30 19:00:00", "calendarYear": "1991", "period": "FY", "revenue": 1302500000, "costOfRevenue": 1002800000, "grossProfit": 299700000, "grossProfitRatio": 0.2300959693, "researchAndDevelopmentExpenses": 0, "generalAndAdministrativeExpenses": 0, "sellingAndMarketingExpenses": 0, "sellingGeneralAndAdministrativeExpenses": 192400000, "otherExpenses": 28400000, "operatingExpenses": 220800000, "costAndExpenses": 1223600000, "interestIncome": 0, "interestExpense": 0, "depreciationAndAmortization": 28400000, "ebitda": 104400000, "ebitdaratio": 0.0801535509, "operatingIncome": 78900000, "operatingIncomeRatio": 0.0605758157, "totalOtherIncomeExpensesNet": 2900000, "incomeBeforeTax": 72400000, "incomeBeforeTaxRatio": 0.0555854127, "incomeTaxExpense": 27400000, "netIncome": 45000000, "netIncomeRatio": 0.0345489443, "eps": 0.63, "epsdiluted": 0.63, "weightedAverageShsOut": 71428571, "weightedAverageShsOutDil": 71428571, "link": "", "finalLink": "", "calculatedOtherExpenses": 28400000, "calculatedOperatingExpenses": 220800000, "calculatedNetInterest": 0, "calculatedOtherIncome": -6500000, "calculatedIncomeNonControlling": 0, "calculatedEbitda": 107300000}, {"date": "1990-12-31", "symbol": "CR", "reportedCurrency": "USD", "cik": "0000025445", "fillingDate": "1990-12-31", "acceptedDate": "1990-12-30 19:00:00", "calendarYear": "1990", "period": "FY", "revenue": 1438200000, "costOfRevenue": 1099700000, "grossProfit": 338500000, "grossProfitRatio": 0.235363649, "researchAndDevelopmentExpenses": 0, "generalAndAdministrativeExpenses": 0, "sellingAndMarketingExpenses": 0, "sellingGeneralAndAdministrativeExpenses": 195200000, "otherExpenses": 30100000, "operatingExpenses": 225300000, "costAndExpenses": 1325000000, "interestIncome": 0, "interestExpense": 0, "depreciationAndAmortization": 30100000, "ebitda": 137400000, "ebitdaratio": 0.0955360868, "operatingIncome": 113200000, "operatingIncomeRatio": 0.078709498, "totalOtherIncomeExpensesNet": 5900000, "incomeBeforeTax": 102500000, "incomeBeforeTaxRatio": 0.0712696426, "incomeTaxExpense": 39800000, "netIncome": 62700000, "netIncomeRatio": 0.0435961619, "eps": 0.87, "epsdiluted": 0.86, "weightedAverageShsOut": 72068966, "weightedAverageShsOutDil": 72906977, "link": "", "finalLink": "", "calculatedOtherExpenses": 30100000, "calculatedOperatingExpenses": 225300000, "calculatedNetInterest": 0, "calculatedOtherIncome": -10700000, "calculatedIncomeNonControlling": 0, "calculatedEbitda": 143300000}, {"date": "1989-12-31", "symbol": "CR", "reportedCurrency": "USD", "cik": "0000025445", "fillingDate": "1989-12-31", "acceptedDate": "1989-12-30 19:00:00", "calendarYear": "1989", "period": "FY", "revenue": 1455600000, "costOfRevenue": 1136100000, "grossProfit": 319500000, "grossProfitRatio": 0.2194971146, "researchAndDevelopmentExpenses": 0, "generalAndAdministrativeExpenses": 0, "sellingAndMarketingExpenses": 0, "sellingGeneralAndAdministrativeExpenses": 193200000, "otherExpenses": 21300000, "operatingExpenses": 214500000, "costAndExpenses": 1350600000, "interestIncome": 0, "interestExpense": 0, "depreciationAndAmortization": 21300000, "ebitda": 120600000, "ebitdaratio": 0.082852432, "operatingIncome": 105000000, "operatingIncomeRatio": 0.072135202, "totalOtherIncomeExpensesNet": 5700000, "incomeBeforeTax": 91600000, "incomeBeforeTaxRatio": 0.0629293762, "incomeTaxExpense": 35700000, "netIncome": 55900000, "netIncomeRatio": 0.0384034075, "eps": 0.77, "epsdiluted": 0.77, "weightedAverageShsOut": 72597403, "weightedAverageShsOutDil": 72597403, "link": "", "finalLink": "", "calculatedOtherExpenses": 21300000, "calculatedOperatingExpenses": 214500000, "calculatedNetInterest": 0, "calculatedOtherIncome": -13400000, "calculatedIncomeNonControlling": 0, "calculatedEbitda": 126300000}, {"date": "1988-12-31", "symbol": "CR", "reportedCurrency": "USD", "cik": "0000025445", "fillingDate": "1988-12-31", "acceptedDate": "1988-12-30 19:00:00", "calendarYear": "1988", "period": "FY", "revenue": 1313100000, "costOfRevenue": 1030700000, "grossProfit": 282400000, "grossProfitRatio": 0.21506359, "researchAndDevelopmentExpenses": 0, "generalAndAdministrativeExpenses": 0, "sellingAndMarketingExpenses": 0, "sellingGeneralAndAdministrativeExpenses": 167000000, "otherExpenses": 19700000, "operatingExpenses": 186700000, "costAndExpenses": 1217400000, "interestIncome": 0, "interestExpense": 0, "depreciationAndAmortization": 19700000, "ebitda": 110700000, "ebitdaratio": 0.084304318, "operatingIncome": 95700000, "operatingIncomeRatio": 0.0728809687, "totalOtherIncomeExpensesNet": 4700000, "incomeBeforeTax": 81500000, "incomeBeforeTaxRatio": 0.0620668647, "incomeTaxExpense": 32300000, "netIncome": 62500000, "netIncomeRatio": 0.0475972889, "eps": 0.82, "epsdiluted": 0.82, "weightedAverageShsOut": 76219512, "weightedAverageShsOutDil": 76219512, "link": "", "finalLink": "", "calculatedOtherExpenses": 19700000, "calculatedOperatingExpenses": 186700000, "calculatedNetInterest": 0, "calculatedOtherIncome": -14200000, "calculatedIncomeNonControlling": -13300000, "calculatedEbitda": 115400000}, {"date": "1987-12-31", "symbol": "CR", "reportedCurrency": "USD", "cik": "0000025445", "fillingDate": "1987-12-31", "acceptedDate": "1987-12-30 19:00:00", "calendarYear": "1987", "period": "FY", "revenue": 1284000000, "costOfRevenue": 993200000, "grossProfit": 290800000, "grossProfitRatio": 0.2264797508, "researchAndDevelopmentExpenses": 0, "generalAndAdministrativeExpenses": 0, "sellingAndMarketingExpenses": 0, "sellingGeneralAndAdministrativeExpenses": 158100000, "otherExpenses": 28300000, "operatingExpenses": 186400000, "costAndExpenses": 1179600000, "interestIncome": 0, "interestExpense": 0, "depreciationAndAmortization": 28300000, "ebitda": 130200000, "ebitdaratio": 0.1014018692, "operatingIncome": 104400000, "operatingIncomeRatio": 0.0813084112, "totalOtherIncomeExpensesNet": 2500000, "incomeBeforeTax": 87000000, "incomeBeforeTaxRatio": 0.0677570093, "incomeTaxExpense": 36700000, "netIncome": 50300000, "netIncomeRatio": 0.0391744548, "eps": 0.66, "epsdiluted": 0.63, "weightedAverageShsOut": 76212121, "weightedAverageShsOutDil": 79841270, "link": "", "finalLink": "", "calculatedOtherExpenses": 28300000, "calculatedOperatingExpenses": 186400000, "calculatedNetInterest": 0, "calculatedOtherIncome": -17400000, "calculatedIncomeNonControlling": 0, "calculatedEbitda": 132700000}, {"date": "1986-12-31", "symbol": "CR", "reportedCurrency": "USD", "cik": "0000025445", "fillingDate": "1986-12-31", "acceptedDate": "1986-12-30 19:00:00", "calendarYear": "1986", "period": "FY", "revenue": 1204200000, "costOfRevenue": 932000000, "grossProfit": 272200000, "grossProfitRatio": 0.2260421857, "researchAndDevelopmentExpenses": 0, "generalAndAdministrativeExpenses": 0, "sellingAndMarketingExpenses": 0, "sellingGeneralAndAdministrativeExpenses": 153200000, "otherExpenses": 27600000, "operatingExpenses": 180800000, "costAndExpenses": 1112800000, "interestIncome": 0, "interestExpense": 0, "depreciationAndAmortization": 27600000, "ebitda": 110800000, "ebitdaratio": 0.0920112938, "operatingIncome": 91400000, "operatingIncomeRatio": 0.0759010131, "totalOtherIncomeExpensesNet": 8200000, "incomeBeforeTax": 72200000, "incomeBeforeTaxRatio": 0.0599568178, "incomeTaxExpense": 33800000, "netIncome": 38400000, "netIncomeRatio": 0.0318883906, "eps": 0.55, "epsdiluted": 0.5, "weightedAverageShsOut": 45055000, "weightedAverageShsOutDil": 45055000, "link": "", "finalLink": "", "calculatedOtherExpenses": 27600000, "calculatedOperatingExpenses": 180800000, "calculatedNetInterest": 0, "calculatedOtherIncome": -19200000, "calculatedIncomeNonControlling": 0, "calculatedEbitda": 119000000}, {"date": "1985-12-31", "symbol": "CR", "reportedCurrency": "USD", "cik": "0000025445", "fillingDate": "1985-12-31", "acceptedDate": "1985-12-30 19:00:00", "calendarYear": "1985", "period": "FY", "revenue": 1098800000, "costOfRevenue": 854700000, "grossProfit": 244100000, "grossProfitRatio": 0.2221514379, "researchAndDevelopmentExpenses": 0, "generalAndAdministrativeExpenses": 0, "sellingAndMarketingExpenses": 0, "sellingGeneralAndAdministrativeExpenses": 143000000, "otherExpenses": 30700000, "operatingExpenses": 173700000, "costAndExpenses": 1028400000, "interestIncome": 0, "interestExpense": 0, "depreciationAndAmortization": 30700000, "ebitda": 116300000, "ebitdaratio": 0.1058427375, "operatingIncome": 70400000, "operatingIncomeRatio": 0.0640698944, "totalOtherIncomeExpensesNet": -15200000, "incomeBeforeTax": 26200000, "incomeBeforeTaxRatio": 0.0238441937, "incomeTaxExpense": 8600000, "netIncome": 17600000, "netIncomeRatio": 0.0160174736, "eps": 0.25, "epsdiluted": 0.25, "weightedAverageShsOut": 45960000, "weightedAverageShsOutDil": 45960000, "link": "", "finalLink": "", "calculatedOtherExpenses": 30700000, "calculatedOperatingExpenses": 173700000, "calculatedNetInterest": 0, "calculatedOtherIncome": -44200000, "calculatedIncomeNonControlling": 0, "calculatedEbitda": 101100000}]}