{"originalCurrency": "USD", "convertedCurrency": "USD", "report": [{"date": "2023-12-31", "symbol": "CRC", "reportedCurrency": "USD", "cik": "0001609253", "fillingDate": "2023-12-31", "acceptedDate": "2023-12-29 19:00:00", "calendarYear": "2023", "period": "FY", "revenue": 2813000000, "costOfRevenue": 1487000000, "grossProfit": 1326000000, "grossProfitRatio": 0.4713828653, "researchAndDevelopmentExpenses": 0, "generalAndAdministrativeExpenses": 267000000, "sellingAndMarketingExpenses": 0, "sellingGeneralAndAdministrativeExpenses": 267000000, "otherExpenses": -165000000, "operatingExpenses": 432000000, "costAndExpenses": 1919000000, "interestIncome": 0, "interestExpense": 56000000, "depreciationAndAmortization": 271000000, "ebitda": 1165000000, "ebitdaratio": 0.4141485958, "operatingIncome": 894000000, "operatingIncomeRatio": 0.3178101671, "totalOtherIncomeExpensesNet": -146000000, "incomeBeforeTax": 748000000, "incomeBeforeTaxRatio": 0.265908283, "incomeTaxExpense": 184000000, "netIncome": 564000000, "netIncomeRatio": 0.2004976893, "eps": 8.1, "epsdiluted": 7.78, "weightedAverageShsOut": 69600000, "weightedAverageShsOutDil": 72500000, "link": null, "finalLink": null, "calculatedOtherExpenses": 165000000, "calculatedOperatingExpenses": 432000000, "calculatedNetInterest": -56000000, "calculatedOtherIncome": -90000000, "calculatedIncomeNonControlling": 0, "calculatedEbitda": 1165000000}, {"date": "2022-12-31", "symbol": "CRC", "reportedCurrency": "USD", "cik": "0001609253", "fillingDate": "2023-02-24", "acceptedDate": "2023-02-24 16:30:52", "calendarYear": "2022", "period": "FY", "revenue": 3258000000, "costOfRevenue": 1473000000, "grossProfit": 1785000000, "grossProfitRatio": 0.5478821363, "researchAndDevelopmentExpenses": 0, "generalAndAdministrativeExpenses": 222000000, "sellingAndMarketingExpenses": 0, "sellingGeneralAndAdministrativeExpenses": 222000000, "otherExpenses": 257000000, "operatingExpenses": 479000000, "costAndExpenses": 1952000000, "interestIncome": 53000000, "interestExpense": 53000000, "depreciationAndAmortization": 198000000, "ebitda": 1308000000, "ebitdaratio": 0.4014732965, "operatingIncome": 1110000000, "operatingIncomeRatio": 0.3406998158, "totalOtherIncomeExpensesNet": -349000000, "incomeBeforeTax": 761000000, "incomeBeforeTaxRatio": 0.2335788828, "incomeTaxExpense": 237000000, "netIncome": 524000000, "netIncomeRatio": 0.160834868, "eps": 6.94, "epsdiluted": 6.75, "weightedAverageShsOut": 75500000, "weightedAverageShsOutDil": 77600000, "link": "https://www.sec.gov/Archives/edgar/data/1609253/000160925323000017/0001609253-23-000017-index.htm", "finalLink": "https://www.sec.gov/Archives/edgar/data/1609253/000160925323000017/crc-20221231.htm", "calculatedOtherExpenses": 453000000, "calculatedOperatingExpenses": 675000000, "calculatedNetInterest": 0, "calculatedOtherIncome": -349000000, "calculatedIncomeNonControlling": 0, "calculatedEbitda": 1308000000}, {"date": "2021-12-31", "symbol": "CRC", "reportedCurrency": "USD", "cik": "0001609253", "fillingDate": "2022-02-25", "acceptedDate": "2022-02-24 21:29:43", "calendarYear": "2021", "period": "FY", "revenue": 2565000000, "costOfRevenue": 1290000000, "grossProfit": 1275000000, "grossProfitRatio": 0.4970760234, "researchAndDevelopmentExpenses": 0, "generalAndAdministrativeExpenses": 200000000, "sellingAndMarketingExpenses": 0, "sellingGeneralAndAdministrativeExpenses": 200000000, "otherExpenses": 202000000, "operatingExpenses": 402000000, "costAndExpenses": 1692000000, "interestIncome": 54000000, "interestExpense": 54000000, "depreciationAndAmortization": 213000000, "ebitda": 871000000, "ebitdaratio": 0.3395711501, "operatingIncome": 658000000, "operatingIncomeRatio": 0.2565302144, "totalOtherIncomeExpensesNet": -429000000, "incomeBeforeTax": 229000000, "incomeBeforeTaxRatio": 0.0892787524, "incomeTaxExpense": -396000000, "netIncome": 612000000, "netIncomeRatio": 0.2385964912, "eps": 7.46, "epsdiluted": 7.37, "weightedAverageShsOut": 82000000, "weightedAverageShsOutDil": 83000000, "link": "https://www.sec.gov/Archives/edgar/data/1609253/000160925322000010/0001609253-22-000010-index.htm", "finalLink": "https://www.sec.gov/Archives/edgar/data/1609253/000160925322000010/crc-20211231.htm", "calculatedOtherExpenses": 417000000, "calculatedOperatingExpenses": 617000000, "calculatedNetInterest": 0, "calculatedOtherIncome": -429000000, "calculatedIncomeNonControlling": 13000000, "calculatedEbitda": 871000000}, {"date": "2020-12-31", "symbol": "CRC", "reportedCurrency": "USD", "cik": "0001609253", "fillingDate": "2021-03-11", "acceptedDate": "2021-03-11 16:27:03", "calendarYear": "2020", "period": "FY", "revenue": 1609000000, "costOfRevenue": 1301000000, "grossProfit": 308000000, "grossProfitRatio": 0.1914232443, "researchAndDevelopmentExpenses": 0, "generalAndAdministrativeExpenses": 252000000, "sellingAndMarketingExpenses": 0, "sellingGeneralAndAdministrativeExpenses": 252000000, "otherExpenses": 155000000, "operatingExpenses": 407000000, "costAndExpenses": 1708000000, "interestIncome": 217000000, "interestExpense": 217000000, "depreciationAndAmortization": 1697000000, "ebitda": -188000000, "ebitdaratio": -0.1168427595, "operatingIncome": -1885000000, "operatingIncomeRatio": -1.171535115, "totalOtherIncomeExpensesNet": 3756000000, "incomeBeforeTax": 1871000000, "incomeBeforeTaxRatio": 1.1628340584, "incomeTaxExpense": -1464000000, "netIncome": 3335000000, "netIncomeRatio": 2.0727159727, "eps": 40.03, "epsdiluted": 40.03, "weightedAverageShsOut": 83319660, "weightedAverageShsOutDil": 83319660, "link": "https://www.sec.gov/Archives/edgar/data/1609253/000160925321000047/0001609253-21-000047-index.htm", "finalLink": "https://www.sec.gov/Archives/edgar/data/1609253/000160925321000047/crc-20201231.htm", "calculatedOtherExpenses": 1941000000, "calculatedOperatingExpenses": 2193000000, "calculatedNetInterest": 0, "calculatedOtherIncome": 3756000000, "calculatedIncomeNonControlling": 0, "calculatedEbitda": -188000000}, {"date": "2019-12-31", "symbol": "CRC", "reportedCurrency": "USD", "cik": "0001609253", "fillingDate": "2020-02-26", "acceptedDate": "2020-02-26 17:08:35", "calendarYear": "2019", "period": "FY", "revenue": 2693000000, "costOfRevenue": 1460000000, "grossProfit": 1233000000, "grossProfitRatio": 0.4578536948, "researchAndDevelopmentExpenses": 0, "generalAndAdministrativeExpenses": 290000000, "sellingAndMarketingExpenses": 0, "sellingGeneralAndAdministrativeExpenses": 290000000, "otherExpenses": 455000000, "operatingExpenses": 745000000, "costAndExpenses": 2205000000, "interestIncome": 383000000, "interestExpense": 383000000, "depreciationAndAmortization": 471000000, "ebitda": 416000000, "ebitdaratio": 0.1544745637, "operatingIncome": -55000000, "operatingIncomeRatio": -0.0204233197, "totalOtherIncomeExpensesNet": 155000000, "incomeBeforeTax": 100000000, "incomeBeforeTaxRatio": 0.0371333086, "incomeTaxExpense": 1000000, "netIncome": 99000000, "netIncomeRatio": 0.0367619755, "eps": 2.02, "epsdiluted": 2.02, "weightedAverageShsOut": 49000000, "weightedAverageShsOutDil": 49000000, "link": "https://www.sec.gov/Archives/edgar/data/1609253/000160925320000066/0001609253-20-000066-index.htm", "finalLink": "https://www.sec.gov/Archives/edgar/data/1609253/000160925320000066/a2019ye10-kdocument.htm", "calculatedOtherExpenses": 998000000, "calculatedOperatingExpenses": 1288000000, "calculatedNetInterest": 0, "calculatedOtherIncome": 155000000, "calculatedIncomeNonControlling": 0, "calculatedEbitda": 416000000}, {"date": "2018-12-31", "symbol": "CRC", "reportedCurrency": "USD", "cik": "0001609253", "fillingDate": "2019-02-27", "acceptedDate": "2019-02-27 17:27:41", "calendarYear": "2018", "period": "FY", "revenue": 3063000000, "costOfRevenue": 1414000000, "grossProfit": 1649000000, "grossProfitRatio": 0.5383610839, "researchAndDevelopmentExpenses": 0, "generalAndAdministrativeExpenses": 299000000, "sellingAndMarketingExpenses": 0, "sellingGeneralAndAdministrativeExpenses": 299000000, "otherExpenses": -23000000, "operatingExpenses": 881000000, "costAndExpenses": 2295000000, "interestIncome": 0, "interestExpense": 379000000, "depreciationAndAmortization": 502000000, "ebitda": 745000000, "ebitdaratio": 0.2432255958, "operatingIncome": 769000000, "operatingIncomeRatio": 0.2510610513, "totalOtherIncomeExpensesNet": 40000000, "incomeBeforeTax": 429000000, "incomeBeforeTaxRatio": 0.1400587659, "incomeTaxExpense": 101000000, "netIncome": 328000000, "netIncomeRatio": 0.1070845576, "eps": 6.92, "epsdiluted": 6.92, "weightedAverageShsOut": 47400000, "weightedAverageShsOutDil": 47400000, "link": "https://www.sec.gov/Archives/edgar/data/1609253/000160925319000058/0001609253-19-000058-index.htm", "finalLink": "https://www.sec.gov/Archives/edgar/data/1609253/000160925319000058/a2018ye10-kdocument.htm", "calculatedOtherExpenses": 581000000, "calculatedOperatingExpenses": 880000000, "calculatedNetInterest": -379000000, "calculatedOtherIncome": 39000000, "calculatedIncomeNonControlling": 0, "calculatedEbitda": 1271000000}, {"date": "2017-12-31", "symbol": "CRC", "reportedCurrency": "USD", "cik": "0001609253", "fillingDate": "2018-02-27", "acceptedDate": "2018-02-26 18:30:06", "calendarYear": "2017", "period": "FY", "revenue": 2096000000, "costOfRevenue": 1420000000, "grossProfit": 676000000, "grossProfitRatio": 0.322519084, "researchAndDevelopmentExpenses": 0, "generalAndAdministrativeExpenses": 259000000, "sellingAndMarketingExpenses": 0, "sellingGeneralAndAdministrativeExpenses": 259000000, "otherExpenses": -7000000, "operatingExpenses": 523000000, "costAndExpenses": 1943000000, "interestIncome": 0, "interestExpense": 343000000, "depreciationAndAmortization": 544000000, "ebitda": 690000000, "ebitdaratio": 0.3291984733, "operatingIncome": 63000000, "operatingIncomeRatio": 0.0300572519, "totalOtherIncomeExpensesNet": -72000000, "incomeBeforeTax": -262000000, "incomeBeforeTaxRatio": -0.125, "incomeTaxExpense": 340000000, "netIncome": -266000000, "netIncomeRatio": -0.1269083969, "eps": -6.26, "epsdiluted": -6.26, "weightedAverageShsOut": 42492012, "weightedAverageShsOutDil": 42500000, "link": "https://www.sec.gov/Archives/edgar/data/1609253/000160925318000041/0001609253-18-000041-index.htm", "finalLink": "https://www.sec.gov/Archives/edgar/data/1609253/000160925318000041/a2017ye10-kdocument.htm", "calculatedOtherExpenses": 354000000, "calculatedOperatingExpenses": 613000000, "calculatedNetInterest": -343000000, "calculatedOtherIncome": 18000000, "calculatedIncomeNonControlling": -336000000, "calculatedEbitda": 607000000}, {"date": "2016-12-31", "symbol": "CRC", "reportedCurrency": "USD", "cik": "0001609253", "fillingDate": "2017-02-24", "acceptedDate": "2017-02-24 14:16:21", "calendarYear": "2016", "period": "FY", "revenue": 1753000000, "costOfRevenue": 1359000000, "grossProfit": 394000000, "grossProfitRatio": 0.2247575585, "researchAndDevelopmentExpenses": 0, "generalAndAdministrativeExpenses": 248000000, "sellingAndMarketingExpenses": 0, "sellingGeneralAndAdministrativeExpenses": 248000000, "otherExpenses": 30000000, "operatingExpenses": 494000000, "costAndExpenses": 1853000000, "interestIncome": 0, "interestExpense": 328000000, "depreciationAndAmortization": 559000000, "ebitda": 489000000, "ebitdaratio": 0.2789503708, "operatingIncome": -306000000, "operatingIncomeRatio": -0.1745579007, "totalOtherIncomeExpensesNet": 629000000, "incomeBeforeTax": 201000000, "incomeBeforeTaxRatio": 0.1146605819, "incomeTaxExpense": -78000000, "netIncome": 279000000, "netIncomeRatio": 0.159155733, "eps": 6.76, "epsdiluted": 6.76, "weightedAverageShsOut": 40400000, "weightedAverageShsOutDil": 40400000, "link": "https://www.sec.gov/Archives/edgar/data/1609253/000160925317000047/0001609253-17-000047-index.htm", "finalLink": "https://www.sec.gov/Archives/edgar/data/1609253/000160925317000047/a2016ye10-kdocument.htm", "calculatedOtherExpenses": 452000000, "calculatedOperatingExpenses": 700000000, "calculatedNetInterest": -328000000, "calculatedOtherIncome": 835000000, "calculatedIncomeNonControlling": 0, "calculatedEbitda": 253000000}, {"date": "2015-12-31", "symbol": "CRC", "reportedCurrency": "USD", "cik": "0001609253", "fillingDate": "2016-02-29", "acceptedDate": "2016-02-29 17:17:02", "calendarYear": "2015", "period": "FY", "revenue": 2403000000, "costOfRevenue": 1955000000, "grossProfit": 448000000, "grossProfitRatio": 0.1864336246, "researchAndDevelopmentExpenses": 0, "generalAndAdministrativeExpenses": 354000000, "sellingAndMarketingExpenses": 0, "sellingGeneralAndAdministrativeExpenses": 354000000, "otherExpenses": 392000000, "operatingExpenses": 746000000, "costAndExpenses": 2701000000, "interestIncome": 0, "interestExpense": 326000000, "depreciationAndAmortization": 1004000000, "ebitda": 5558000000, "ebitdaratio": 2.3129421556, "operatingIncome": -122000000, "operatingIncomeRatio": -0.050769871, "totalOtherIncomeExpensesNet": -4852000000, "incomeBeforeTax": -5476000000, "incomeBeforeTaxRatio": -2.278818144, "incomeTaxExpense": -1922000000, "netIncome": -3554000000, "netIncomeRatio": -1.4789846026, "eps": -92.79, "epsdiluted": -92.79, "weightedAverageShsOut": 38300000, "weightedAverageShsOutDil": 38300000, "link": "https://www.sec.gov/Archives/edgar/data/1609253/000160925316000194/0001609253-16-000194-index.htm", "finalLink": "https://www.sec.gov/Archives/edgar/data/1609253/000160925316000194/a10kworddocument12312015.htm", "calculatedOtherExpenses": 216000000, "calculatedOperatingExpenses": 570000000, "calculatedNetInterest": -326000000, "calculatedOtherIncome": -5028000000, "calculatedIncomeNonControlling": 0, "calculatedEbitda": 882000000}, {"date": "2014-12-31", "symbol": "CRC", "reportedCurrency": "USD", "cik": "0001609253", "fillingDate": "2015-02-27", "acceptedDate": "2015-02-26 18:39:49", "calendarYear": "2014", "period": "FY", "revenue": 4173000000, "costOfRevenue": 2221000000, "grossProfit": 1952000000, "grossProfitRatio": 0.4677689911, "researchAndDevelopmentExpenses": 0, "generalAndAdministrativeExpenses": 336000000, "sellingAndMarketingExpenses": 0, "sellingGeneralAndAdministrativeExpenses": 336000000, "otherExpenses": 563000000, "operatingExpenses": 899000000, "costAndExpenses": 3120000000, "interestIncome": 0, "interestExpense": 72000000, "depreciationAndAmortization": 1198000000, "ebitda": 5653000000, "ebitdaratio": 1.3546609154, "operatingIncome": -2349000000, "operatingIncomeRatio": -0.5629043853, "totalOtherIncomeExpensesNet": -3402000000, "incomeBeforeTax": -2421000000, "incomeBeforeTaxRatio": -0.5801581596, "incomeTaxExpense": -987000000, "netIncome": -1434000000, "netIncomeRatio": -0.3436376707, "eps": -37.54, "epsdiluted": -37.54, "weightedAverageShsOut": 38199254, "weightedAverageShsOutDil": 38200000, "link": "https://www.sec.gov/Archives/edgar/data/1609253/000162828015001108/0001628280-15-001108-index.htm", "finalLink": "https://www.sec.gov/Archives/edgar/data/1609253/000162828015001108/a10kworddocument.htm", "calculatedOtherExpenses": 3965000000, "calculatedOperatingExpenses": 4301000000, "calculatedNetInterest": -72000000, "calculatedOtherIncome": 0, "calculatedIncomeNonControlling": 0, "calculatedEbitda": -1151000000}, {"date": "2013-12-31", "symbol": "CRC", "reportedCurrency": "USD", "cik": "0001609253", "fillingDate": "2013-12-31", "acceptedDate": "2013-12-30 19:00:00", "calendarYear": "2013", "period": "FY", "revenue": 4285000000, "costOfRevenue": 2210000000, "grossProfit": 2075000000, "grossProfitRatio": 0.4842473746, "researchAndDevelopmentExpenses": 0, "generalAndAdministrativeExpenses": 326000000, "sellingAndMarketingExpenses": 0, "sellingGeneralAndAdministrativeExpenses": 326000000, "otherExpenses": 302000000, "operatingExpenses": 628000000, "costAndExpenses": 2838000000, "interestIncome": 0, "interestExpense": 0, "depreciationAndAmortization": 1144000000, "ebitda": 2591000000, "ebitdaratio": 0.6046674446, "operatingIncome": 1447000000, "operatingIncomeRatio": 0.3376896149, "totalOtherIncomeExpensesNet": 0, "incomeBeforeTax": 1447000000, "incomeBeforeTaxRatio": 0.3376896149, "incomeTaxExpense": 578000000, "netIncome": 869000000, "netIncomeRatio": 0.2028004667, "eps": 17.31, "epsdiluted": 17.31, "weightedAverageShsOut": 49400000, "weightedAverageShsOutDil": 49400000, "link": "", "finalLink": "", "calculatedOtherExpenses": 302000000, "calculatedOperatingExpenses": 628000000, "calculatedNetInterest": 0, "calculatedOtherIncome": 0, "calculatedIncomeNonControlling": 0, "calculatedEbitda": 2591000000}, {"date": "2012-12-31", "symbol": "CRC", "reportedCurrency": "USD", "cik": "0001609253", "fillingDate": "2012-12-31", "acceptedDate": "2012-12-30 19:00:00", "calendarYear": "2012", "period": "FY", "revenue": 4073000000, "costOfRevenue": 2145000000, "grossProfit": 1928000000, "grossProfitRatio": 0.4733611589, "researchAndDevelopmentExpenses": 0, "generalAndAdministrativeExpenses": 273000000, "sellingAndMarketingExpenses": 0, "sellingGeneralAndAdministrativeExpenses": 273000000, "otherExpenses": 445000000, "operatingExpenses": 718000000, "costAndExpenses": 2863000000, "interestIncome": 0, "interestExpense": 0, "depreciationAndAmortization": 926000000, "ebitda": 2165000000, "ebitdaratio": 0.5315492266, "operatingIncome": 1181000000, "operatingIncomeRatio": 0.2899582617, "totalOtherIncomeExpensesNet": -29000000, "incomeBeforeTax": 1181000000, "incomeBeforeTaxRatio": 0.2899582617, "incomeTaxExpense": 482000000, "netIncome": 699000000, "netIncomeRatio": 0.171617972, "eps": 13.93, "epsdiluted": 13.93, "weightedAverageShsOut": 49400000, "weightedAverageShsOutDil": 49400000, "link": "", "finalLink": "", "calculatedOtherExpenses": 474000000, "calculatedOperatingExpenses": 747000000, "calculatedNetInterest": 0, "calculatedOtherIncome": 0, "calculatedIncomeNonControlling": 0, "calculatedEbitda": 2107000000}, {"date": "2011-12-31", "symbol": "CRC", "reportedCurrency": "USD", "cik": "0001609253", "fillingDate": "2011-12-31", "acceptedDate": "2011-12-30 19:00:00", "calendarYear": "2011", "period": "FY", "revenue": 3938000000, "costOfRevenue": 1749000000, "grossProfit": 2189000000, "grossProfitRatio": 0.5558659218, "researchAndDevelopmentExpenses": 0, "generalAndAdministrativeExpenses": 287000000, "sellingAndMarketingExpenses": 0, "sellingGeneralAndAdministrativeExpenses": 287000000, "otherExpenses": 261000000, "operatingExpenses": 548000000, "costAndExpenses": 2297000000, "interestIncome": 0, "interestExpense": 0, "depreciationAndAmortization": 675000000, "ebitda": 2316000000, "ebitdaratio": 0.5881157948, "operatingIncome": 1641000000, "operatingIncomeRatio": 0.4167089893, "totalOtherIncomeExpensesNet": 0, "incomeBeforeTax": 1641000000, "incomeBeforeTaxRatio": 0.4167089893, "incomeTaxExpense": 670000000, "netIncome": 971000000, "netIncomeRatio": 0.2465718639, "eps": 2.51, "epsdiluted": 2.51, "weightedAverageShsOut": 387000000, "weightedAverageShsOutDil": 387000000, "link": "", "finalLink": "", "calculatedOtherExpenses": 261000000, "calculatedOperatingExpenses": 548000000, "calculatedNetInterest": 0, "calculatedOtherIncome": 0, "calculatedIncomeNonControlling": 0, "calculatedEbitda": 2316000000}]}