{"originalCurrency": "USD", "convertedCurrency": "USD", "report": [{"date": "2023-12-30", "symbol": "CRI", "reportedCurrency": "USD", "cik": "0001060822", "fillingDate": "2024-02-27", "acceptedDate": "2024-02-27 12:31:26", "calendarYear": "2023", "period": "FY", "revenue": 2945594000, "costOfRevenue": 1549659000, "grossProfit": 1395935000, "grossProfitRatio": 0.473906112, "researchAndDevelopmentExpenses": 0, "generalAndAdministrativeExpenses": 836440000, "sellingAndMarketingExpenses": 257500000, "sellingGeneralAndAdministrativeExpenses": 1093940000, "otherExpenses": 8034000, "operatingExpenses": 1093940000, "costAndExpenses": 2643599000, "interestIncome": 4776000, "interestExpense": 33973000, "depreciationAndAmortization": 64138999, "ebitda": 366134000, "ebitdaratio": 0.1242988681, "operatingIncome": 301995000, "operatingIncomeRatio": 0.1025243126, "totalOtherIncomeExpensesNet": 247000, "incomeBeforeTax": 302242000, "incomeBeforeTaxRatio": 0.1026081666, "incomeTaxExpense": 69742000, "netIncome": 232500000, "netIncomeRatio": 0.0789314481, "eps": 6.24, "epsdiluted": 6.24, "weightedAverageShsOut": 36589922, "weightedAverageShsOutDil": 36593266, "link": "https://www.sec.gov/Archives/edgar/data/1060822/000106082224000062/0001060822-24-000062-index.htm", "finalLink": "https://www.sec.gov/Archives/edgar/data/1060822/000106082224000062/cri-20231230.htm", "calculatedOtherExpenses": 0, "calculatedOperatingExpenses": 1093940000, "calculatedNetInterest": -29197000, "calculatedOtherIncome": 29444000, "calculatedIncomeNonControlling": 0, "calculatedEbitda": 366133999}, {"date": "2022-12-31", "symbol": "CRI", "reportedCurrency": "USD", "cik": "0001060822", "fillingDate": "2023-02-24", "acceptedDate": "2023-02-24 12:22:51", "calendarYear": "2022", "period": "FY", "revenue": 3212733000, "costOfRevenue": 1740375000, "grossProfit": 1472358000, "grossProfitRatio": 0.4582883171, "researchAndDevelopmentExpenses": 0, "generalAndAdministrativeExpenses": 797207000, "sellingAndMarketingExpenses": 312800000, "sellingGeneralAndAdministrativeExpenses": 1110007000, "otherExpenses": -25820000, "operatingExpenses": 1084187000, "costAndExpenses": 2824562000, "interestIncome": 1261000, "interestExpense": 42781000, "depreciationAndAmortization": 74562000, "ebitda": 453733000, "ebitdaratio": 0.1412296011, "operatingIncome": 379171000, "operatingIncomeRatio": 0.1180213233, "totalOtherIncomeExpensesNet": -62435000, "incomeBeforeTax": 316736000, "incomeBeforeTaxRatio": 0.0985877133, "incomeTaxExpense": 66698000, "netIncome": 250038000, "netIncomeRatio": 0.0778271957, "eps": 6.34, "epsdiluted": 6.34, "weightedAverageShsOut": 38822737, "weightedAverageShsOutDil": 38850645, "link": "https://www.sec.gov/Archives/edgar/data/1060822/000106082223000066/0001060822-23-000066-index.htm", "finalLink": "https://www.sec.gov/Archives/edgar/data/1060822/000106082223000066/cri-20221231.htm", "calculatedOtherExpenses": -16820000, "calculatedOperatingExpenses": 1093187000, "calculatedNetInterest": -41520000, "calculatedOtherIncome": -20915000, "calculatedIncomeNonControlling": 0, "calculatedEbitda": 453733000}, {"date": "2021-12-31", "symbol": "CRI", "reportedCurrency": "USD", "cik": "0001060822", "fillingDate": "2022-02-25", "acceptedDate": "2022-02-25 11:28:50", "calendarYear": "2021", "period": "FY", "revenue": 3486440000, "costOfRevenue": 1824166000, "grossProfit": 1662274000, "grossProfitRatio": 0.4767826207, "researchAndDevelopmentExpenses": 0, "generalAndAdministrativeExpenses": 884276000, "sellingAndMarketingExpenses": 309600000, "sellingGeneralAndAdministrativeExpenses": 1193876000, "otherExpenses": -28681000, "operatingExpenses": 1165195000, "costAndExpenses": 2989361000, "interestIncome": 1096000, "interestExpense": 60294000, "depreciationAndAmortization": 95613000, "ebitda": 592692000, "ebitdaratio": 0.1699991969, "operatingIncome": 497079000, "operatingIncomeRatio": 0.1425749475, "totalOtherIncomeExpensesNet": -58789000, "incomeBeforeTax": 438290000, "incomeBeforeTaxRatio": 0.1257127614, "incomeTaxExpense": 98542000, "netIncome": 339748000, "netIncomeRatio": 0.0974484001, "eps": 7.83, "epsdiluted": 7.81, "weightedAverageShsOut": 42853009, "weightedAverageShsOutDil": 43002628, "link": "https://www.sec.gov/Archives/edgar/data/1060822/000106082222000096/0001060822-22-000096-index.htm", "finalLink": "https://www.sec.gov/Archives/edgar/data/1060822/000106082222000096/cri-20220101.htm", "calculatedOtherExpenses": -28681000, "calculatedOperatingExpenses": 1165195000, "calculatedNetInterest": -59198000, "calculatedOtherIncome": 409000, "calculatedIncomeNonControlling": 0, "calculatedEbitda": 592692000}, {"date": "2020-12-31", "symbol": "CRI", "reportedCurrency": "USD", "cik": "0001060822", "fillingDate": "2021-02-26", "acceptedDate": "2021-02-26 12:28:08", "calendarYear": "2020", "period": "FY", "revenue": 3024334000, "costOfRevenue": 1710892000, "grossProfit": 1313442000, "grossProfitRatio": 0.4342913184, "researchAndDevelopmentExpenses": 0, "generalAndAdministrativeExpenses": 838807000, "sellingAndMarketingExpenses": 266800000, "sellingGeneralAndAdministrativeExpenses": 1105607000, "otherExpenses": -26276000, "operatingExpenses": 1079331000, "costAndExpenses": 2790223000, "interestIncome": 1515000, "interestExpense": 56062000, "depreciationAndAmortization": 139418000, "ebitda": 329287000, "ebitdaratio": 0.108879178, "operatingIncome": 189869000, "operatingIncomeRatio": 0.0627804336, "totalOtherIncomeExpensesNet": -54885000, "incomeBeforeTax": 134984000, "incomeBeforeTaxRatio": 0.0446326365, "incomeTaxExpense": 25267000, "netIncome": 109717000, "netIncomeRatio": 0.0362780698, "eps": 2.51, "epsdiluted": 2.5, "weightedAverageShsOut": 43242967, "weightedAverageShsOutDil": 43407721, "link": "https://www.sec.gov/Archives/edgar/data/1060822/000106082221000006/0001060822-21-000006-index.htm", "finalLink": "https://www.sec.gov/Archives/edgar/data/1060822/000106082221000006/cri-20210102.htm", "calculatedOtherExpenses": 17966000, "calculatedOperatingExpenses": 1123573000, "calculatedNetInterest": -54547000, "calculatedOtherIncome": -338000, "calculatedIncomeNonControlling": 0, "calculatedEbitda": 329287000}, {"date": "2019-12-28", "symbol": "CRI", "reportedCurrency": "USD", "cik": "0001060822", "fillingDate": "2020-02-24", "acceptedDate": "2020-02-24 16:52:05", "calendarYear": "2019", "period": "FY", "revenue": 3519286000, "costOfRevenue": 2010736000, "grossProfit": 1508550000, "grossProfitRatio": 0.4286522891, "researchAndDevelopmentExpenses": 0, "generalAndAdministrativeExpenses": 852915000, "sellingAndMarketingExpenses": 287600000, "sellingGeneralAndAdministrativeExpenses": 1140515000, "otherExpenses": -34637000, "operatingExpenses": 1105878000, "costAndExpenses": 3116614000, "interestIncome": 1303000, "interestExpense": 37617000, "depreciationAndAmortization": 128274000, "ebitda": 500146000, "ebitdaratio": 0.1421157587, "operatingIncome": 371872000, "operatingIncomeRatio": 0.1056668881, "totalOtherIncomeExpensesNet": -43920000, "incomeBeforeTax": 327952000, "incomeBeforeTaxRatio": 0.093187084, "incomeTaxExpense": 64150000, "netIncome": 263802000, "netIncomeRatio": 0.0749589547, "eps": 5.89, "epsdiluted": 5.85, "weightedAverageShsOut": 44402438, "weightedAverageShsOutDil": 44707952, "link": "https://www.sec.gov/Archives/edgar/data/1060822/000106082220000004/0001060822-20-000004-index.htm", "finalLink": "https://www.sec.gov/Archives/edgar/data/1060822/000106082220000004/a10k-crix20191228.htm", "calculatedOtherExpenses": -3837000, "calculatedOperatingExpenses": 1136678000, "calculatedNetInterest": -36314000, "calculatedOtherIncome": -7606000, "calculatedIncomeNonControlling": 0, "calculatedEbitda": 500146000}, {"date": "2018-12-29", "symbol": "CRI", "reportedCurrency": "USD", "cik": "0001060822", "fillingDate": "2019-02-25", "acceptedDate": "2019-02-25 16:47:56", "calendarYear": "2018", "period": "FY", "revenue": 3462269000, "costOfRevenue": 1964786000, "grossProfit": 1497483000, "grossProfitRatio": 0.4325149201, "researchAndDevelopmentExpenses": 0, "generalAndAdministrativeExpenses": 953080000, "sellingAndMarketingExpenses": 191900000, "sellingGeneralAndAdministrativeExpenses": 1144980000, "otherExpenses": -1416000, "operatingExpenses": 1106050000, "costAndExpenses": 3070836000, "interestIncome": 527000, "interestExpense": 34569000, "depreciationAndAmortization": 89653000, "ebitda": 480197000, "ebitdaratio": 0.1386943071, "operatingIncome": 391433000, "operatingIncomeRatio": 0.1130567844, "totalOtherIncomeExpensesNet": -1416000, "incomeBeforeTax": 355975000, "incomeBeforeTaxRatio": 0.1028155236, "incomeTaxExpense": 73907000, "netIncome": 282068000, "netIncomeRatio": 0.0814691175, "eps": 6.11, "epsdiluted": 6.05, "weightedAverageShsOut": 46160935, "weightedAverageShsOutDil": 46648420, "link": "https://www.sec.gov/Archives/edgar/data/1060822/000106082219000004/0001060822-19-000004-index.htm", "finalLink": "https://www.sec.gov/Archives/edgar/data/1060822/000106082219000004/a10k-crix20181229.htm", "calculatedOtherExpenses": -38930000, "calculatedOperatingExpenses": 1106050000, "calculatedNetInterest": -34042000, "calculatedOtherIncome": -1416000, "calculatedIncomeNonControlling": 0, "calculatedEbitda": 481086000}, {"date": "2017-12-30", "symbol": "CRI", "reportedCurrency": "USD", "cik": "0001060822", "fillingDate": "2018-02-27", "acceptedDate": "2018-02-27 17:29:46", "calendarYear": "2017", "period": "FY", "revenue": 3400410000, "costOfRevenue": 1917096000, "grossProfit": 1483314000, "grossProfitRatio": 0.436216221, "researchAndDevelopmentExpenses": 0, "generalAndAdministrativeExpenses": 930327000, "sellingAndMarketingExpenses": 176600000, "sellingGeneralAndAdministrativeExpenses": 1106927000, "otherExpenses": 1163000, "operatingExpenses": 1063746000, "costAndExpenses": 2980842000, "interestIncome": 345000, "interestExpense": 30044000, "depreciationAndAmortization": 84412000, "ebitda": 505488000, "ebitdaratio": 0.1486550151, "operatingIncome": 419568000, "operatingIncomeRatio": 0.1233874739, "totalOtherIncomeExpensesNet": 1163000, "incomeBeforeTax": 391032000, "incomeBeforeTaxRatio": 0.1149955447, "incomeTaxExpense": 88268000, "netIncome": 302764000, "netIncomeRatio": 0.0890374984, "eps": 6.31, "epsdiluted": 6.24, "weightedAverageShsOut": 47593211, "weightedAverageShsOutDil": 48146075, "link": "https://www.sec.gov/Archives/edgar/data/1060822/000106082218000006/0001060822-18-000006-index.htm", "finalLink": "https://www.sec.gov/Archives/edgar/data/1060822/000106082218000006/a10k-crix20171230.htm", "calculatedOtherExpenses": -43181000, "calculatedOperatingExpenses": 1063746000, "calculatedNetInterest": -29699000, "calculatedOtherIncome": 1163000, "calculatedIncomeNonControlling": 0, "calculatedEbitda": 503980000}, {"date": "2016-12-31", "symbol": "CRI", "reportedCurrency": "USD", "cik": "0001060822", "fillingDate": "2017-02-23", "acceptedDate": "2017-02-23 16:45:47", "calendarYear": "2016", "period": "FY", "revenue": 3199184000, "costOfRevenue": 1820035000, "grossProfit": 1379149000, "grossProfitRatio": 0.4310939915, "researchAndDevelopmentExpenses": 0, "generalAndAdministrativeExpenses": 838006000, "sellingAndMarketingExpenses": 157400000, "sellingGeneralAndAdministrativeExpenses": 995406000, "otherExpenses": -4007000, "operatingExpenses": 952591000, "costAndExpenses": 2772626000, "interestIncome": 563000, "interestExpense": 27044000, "depreciationAndAmortization": 73441000, "ebitda": 496555000, "ebitdaratio": 0.1552130168, "operatingIncome": 426558000, "operatingIncomeRatio": 0.133333375, "totalOtherIncomeExpensesNet": -4007000, "incomeBeforeTax": 396070000, "incomeBeforeTaxRatio": 0.1238034449, "incomeTaxExpense": 137964000, "netIncome": 258106000, "netIncomeRatio": 0.0806786981, "eps": 5.13, "epsdiluted": 5.08, "weightedAverageShsOut": 49917858, "weightedAverageShsOutDil": 50375707, "link": "https://www.sec.gov/Archives/edgar/data/1060822/000106082217000008/0001060822-17-000008-index.htm", "finalLink": "https://www.sec.gov/Archives/edgar/data/1060822/000106082217000008/a10k-crix20161231.htm", "calculatedOtherExpenses": -42815000, "calculatedOperatingExpenses": 952591000, "calculatedNetInterest": -26481000, "calculatedOtherIncome": -4007000, "calculatedIncomeNonControlling": 0, "calculatedEbitda": 499999000}, {"date": "2015-12-31", "symbol": "CRI", "reportedCurrency": "USD", "cik": "0001060822", "fillingDate": "2016-02-26", "acceptedDate": "2016-02-25 19:17:35", "calendarYear": "2015", "period": "FY", "revenue": 3013879000, "costOfRevenue": 1755855000, "grossProfit": 1258024000, "grossProfitRatio": 0.4174102544, "researchAndDevelopmentExpenses": 0, "generalAndAdministrativeExpenses": 762733000, "sellingAndMarketingExpenses": 146500000, "sellingGeneralAndAdministrativeExpenses": 909233000, "otherExpenses": 1862000, "operatingExpenses": 865167000, "costAndExpenses": 2621022000, "interestIncome": 500000, "interestExpense": 27031000, "depreciationAndAmortization": 68399000, "ebitda": 463618000, "ebitdaratio": 0.1538276752, "operatingIncome": 392857000, "operatingIncomeRatio": 0.130349294, "totalOtherIncomeExpensesNet": 1862000, "incomeBeforeTax": 368188000, "incomeBeforeTaxRatio": 0.1221641612, "incomeTaxExpense": 130366000, "netIncome": 237822000, "netIncomeRatio": 0.0789089409, "eps": 4.55, "epsdiluted": 4.5, "weightedAverageShsOut": 51835053, "weightedAverageShsOutDil": 52334636, "link": "https://www.sec.gov/Archives/edgar/data/1060822/000106082216000038/0001060822-16-000038-index.htm", "finalLink": "https://www.sec.gov/Archives/edgar/data/1060822/000106082216000038/a10k-crix20160102.htm", "calculatedOtherExpenses": -44066000, "calculatedOperatingExpenses": 865167000, "calculatedNetInterest": -26531000, "calculatedOtherIncome": 1862000, "calculatedIncomeNonControlling": 0, "calculatedEbitda": 461256000}, {"date": "2014-12-31", "symbol": "CRI", "reportedCurrency": "USD", "cik": "0001060822", "fillingDate": "2015-02-26", "acceptedDate": "2015-02-26 16:57:46", "calendarYear": "2014", "period": "FY", "revenue": 2893868000, "costOfRevenue": 1709428000, "grossProfit": 1184440000, "grossProfitRatio": 0.4092930293, "researchAndDevelopmentExpenses": 0, "generalAndAdministrativeExpenses": 814251000, "sellingAndMarketingExpenses": 76000000, "sellingGeneralAndAdministrativeExpenses": 890251000, "otherExpenses": -3189000, "operatingExpenses": 851095000, "costAndExpenses": 2560523000, "interestIncome": 403000, "interestExpense": 27653000, "depreciationAndAmortization": 74924000, "ebitda": 405483000, "ebitdaratio": 0.1401180012, "operatingIncome": 333345000, "operatingIncomeRatio": 0.1151901192, "totalOtherIncomeExpensesNet": -3189000, "incomeBeforeTax": 302906000, "incomeBeforeTaxRatio": 0.1046716713, "incomeTaxExpense": 108236000, "netIncome": 194670000, "netIncomeRatio": 0.0672698271, "eps": 3.65, "epsdiluted": 3.62, "weightedAverageShsOut": 52614425, "weightedAverageShsOutDil": 53093539, "link": "https://www.sec.gov/Archives/edgar/data/1060822/000106082215000006/0001060822-15-000006-index.htm", "finalLink": "https://www.sec.gov/Archives/edgar/data/1060822/000106082215000006/a10k-crix20150103.htm", "calculatedOtherExpenses": -39156000, "calculatedOperatingExpenses": 851095000, "calculatedNetInterest": -27250000, "calculatedOtherIncome": -3189000, "calculatedIncomeNonControlling": 0, "calculatedEbitda": 408269000}, {"date": "2013-12-28", "symbol": "CRI", "reportedCurrency": "USD", "cik": "0001060822", "fillingDate": "2014-02-26", "acceptedDate": "2014-02-26 12:36:22", "calendarYear": "2013", "period": "FY", "revenue": 2638711000, "costOfRevenue": 1543332000, "grossProfit": 1095379000, "grossProfitRatio": 0.4151189729, "researchAndDevelopmentExpenses": 0, "generalAndAdministrativeExpenses": 805480000, "sellingAndMarketingExpenses": 63000000, "sellingGeneralAndAdministrativeExpenses": 868480000, "otherExpenses": -1918000, "operatingExpenses": 831228000, "costAndExpenses": 2374560000, "interestIncome": 669000, "interestExpense": 13437000, "depreciationAndAmortization": 68503000, "ebitda": 331405000, "ebitdaratio": 0.125593519, "operatingIncome": 264151000, "operatingIncomeRatio": 0.1001060745, "totalOtherIncomeExpensesNet": -1918000, "incomeBeforeTax": 249465000, "incomeBeforeTaxRatio": 0.0945404783, "incomeTaxExpense": 89058000, "netIncome": 160407000, "netIncomeRatio": 0.0607899084, "eps": 2.78, "epsdiluted": 2.75, "weightedAverageShsOut": 56931216, "weightedAverageShsOutDil": 57522167, "link": "https://www.sec.gov/Archives/edgar/data/1060822/000106082214000009/0001060822-14-000009-index.htm", "finalLink": "https://www.sec.gov/Archives/edgar/data/1060822/000106082214000009/a10k-crix20131228.htm", "calculatedOtherExpenses": -37252000, "calculatedOperatingExpenses": 831228000, "calculatedNetInterest": -12768000, "calculatedOtherIncome": -1918000, "calculatedIncomeNonControlling": 0, "calculatedEbitda": 332654000}, {"date": "2012-12-29", "symbol": "CRI", "reportedCurrency": "USD", "cik": "0001060822", "fillingDate": "2013-02-27", "acceptedDate": "2013-02-27 12:28:20", "calendarYear": "2012", "period": "FY", "revenue": 2381734000, "costOfRevenue": 1443786000, "grossProfit": 937948000, "grossProfitRatio": 0.3938088804, "researchAndDevelopmentExpenses": 0, "generalAndAdministrativeExpenses": 656411000, "sellingAndMarketingExpenses": 56800000, "sellingGeneralAndAdministrativeExpenses": 713211000, "otherExpenses": -37249000, "operatingExpenses": 675962000, "costAndExpenses": 2119748000, "interestIncome": 255000, "interestExpense": 6995000, "depreciationAndAmortization": 39848000, "ebitda": 302089000, "ebitdaratio": 0.1268357424, "operatingIncome": 261986000, "operatingIncomeRatio": 0.1099980099, "totalOtherIncomeExpensesNet": 145000, "incomeBeforeTax": 255391000, "incomeBeforeTaxRatio": 0.1072290189, "incomeTaxExpense": 94241000, "netIncome": 161150000, "netIncomeRatio": 0.0676607883, "eps": 2.73, "epsdiluted": 2.69, "weightedAverageShsOut": 58217503, "weightedAverageShsOutDil": 59069187, "link": "https://www.sec.gov/Archives/edgar/data/1060822/000106082213000008/0001060822-13-000008-index.htm", "finalLink": "https://www.sec.gov/Archives/edgar/data/1060822/000106082213000008/cri-2012122910k.htm", "calculatedOtherExpenses": -37249000, "calculatedOperatingExpenses": 675962000, "calculatedNetInterest": -6740000, "calculatedOtherIncome": 145000, "calculatedIncomeNonControlling": 0, "calculatedEbitda": 301834000}, {"date": "2011-12-31", "symbol": "CRI", "reportedCurrency": "USD", "cik": "0001060822", "fillingDate": "2012-02-29", "acceptedDate": "2012-02-29 15:37:31", "calendarYear": "2011", "period": "FY", "revenue": 2109734000, "costOfRevenue": 1418582000, "grossProfit": 691152000, "grossProfitRatio": 0.3276014891, "researchAndDevelopmentExpenses": 0, "generalAndAdministrativeExpenses": 0, "sellingAndMarketingExpenses": 0, "sellingGeneralAndAdministrativeExpenses": 540960000, "otherExpenses": -37274000, "operatingExpenses": 503686000, "costAndExpenses": 1922268000, "interestIncome": 386000, "interestExpense": 7534000, "depreciationAndAmortization": 32548000, "ebitda": 220400000, "ebitdaratio": 0.1044681462, "operatingIncome": 187466000, "operatingIncomeRatio": 0.0888576475, "totalOtherIncomeExpensesNet": 570000, "incomeBeforeTax": 180888000, "incomeBeforeTaxRatio": 0.0857397188, "incomeTaxExpense": 66872000, "netIncome": 114016000, "netIncomeRatio": 0.0540428319, "eps": 1.96, "epsdiluted": 1.94, "weightedAverageShsOut": 57513748, "weightedAverageShsOutDil": 58214917, "link": "https://www.sec.gov/Archives/edgar/data/1060822/000106082212000006/0001060822-12-000006-index.htm", "finalLink": "https://www.sec.gov/Archives/edgar/data/1060822/000106082212000006/form10_k.htm", "calculatedOtherExpenses": -37274000, "calculatedOperatingExpenses": 503686000, "calculatedNetInterest": -7148000, "calculatedOtherIncome": 570000, "calculatedIncomeNonControlling": 0, "calculatedEbitda": 220014000}, {"date": "2010-12-31", "symbol": "CRI", "reportedCurrency": "USD", "cik": "0001060822", "fillingDate": "2011-03-02", "acceptedDate": "2011-03-02 16:49:11", "calendarYear": "2010", "period": "FY", "revenue": 1749256000, "costOfRevenue": 1112960000, "grossProfit": 636296000, "grossProfitRatio": 0.363752361, "researchAndDevelopmentExpenses": 0, "generalAndAdministrativeExpenses": 468192000, "sellingAndMarketingExpenses": 0, "sellingGeneralAndAdministrativeExpenses": 468192000, "otherExpenses": 0, "operatingExpenses": 468192000, "costAndExpenses": 1581152000, "interestIncome": 575000, "interestExpense": 10445000, "depreciationAndAmortization": 31727000, "ebitda": 275558000, "ebitdaratio": 0.1575286865, "operatingIncome": 243256000, "operatingIncomeRatio": 0.13906255, "totalOtherIncomeExpensesNet": -9870000, "incomeBeforeTax": 233386000, "incomeBeforeTaxRatio": 0.1334201512, "incomeTaxExpense": 86914000, "netIncome": 146472000, "netIncomeRatio": 0.0837338846, "eps": 2.5, "epsdiluted": 2.46, "weightedAverageShsOut": 58135868, "weightedAverageShsOutDil": 59016049, "link": "https://www.sec.gov/Archives/edgar/data/1060822/000106082211000006/0001060822-11-000006-index.htm", "finalLink": "https://www.sec.gov/Archives/edgar/data/1060822/000106082211000006/form10_k.htm", "calculatedOtherExpenses": -75152000, "calculatedOperatingExpenses": 393040000, "calculatedNetInterest": -9870000, "calculatedOtherIncome": 0, "calculatedIncomeNonControlling": 0, "calculatedEbitda": 274983000}, {"date": "2009-12-31", "symbol": "CRI", "reportedCurrency": "USD", "cik": "0001060822", "fillingDate": "2010-03-02", "acceptedDate": "2010-03-01 19:07:58", "calendarYear": "2009", "period": "FY", "revenue": 1589677000, "costOfRevenue": 985323000, "grossProfit": 604354000, "grossProfitRatio": 0.3801740857, "researchAndDevelopmentExpenses": 0, "generalAndAdministrativeExpenses": 434391000, "sellingAndMarketingExpenses": 0, "sellingGeneralAndAdministrativeExpenses": 434391000, "otherExpenses": 0, "operatingExpenses": 434391000, "costAndExpenses": 1419714000, "interestIncome": 219000, "interestExpense": 11785000, "depreciationAndAmortization": 32274000, "ebitda": 202237000, "ebitdaratio": 0.1272189256, "operatingIncome": 195613000, "operatingIncomeRatio": 0.1230520414, "totalOtherIncomeExpensesNet": 25650000, "incomeBeforeTax": 183828000, "incomeBeforeTaxRatio": 0.1156385857, "incomeTaxExpense": 68188000, "netIncome": 115640000, "netIncomeRatio": 0.0727443374, "eps": 2.03, "epsdiluted": 1.97, "weightedAverageShsOut": 56965517, "weightedAverageShsOutDil": 58700508, "link": "https://www.sec.gov/Archives/edgar/data/1060822/000106082210000016/0001060822-10-000016-index.htm", "finalLink": "https://www.sec.gov/Archives/edgar/data/1060822/000106082210000016/form10_k.htm", "calculatedOtherExpenses": -25650000, "calculatedOperatingExpenses": 408741000, "calculatedNetInterest": -11566000, "calculatedOtherIncome": -219000, "calculatedIncomeNonControlling": 0, "calculatedEbitda": 227887000}, {"date": "2008-12-31", "symbol": "CRI", "reportedCurrency": "USD", "cik": "0001060822", "fillingDate": "2010-01-15", "acceptedDate": "2010-01-14 21:43:18", "calendarYear": "2008", "period": "FY", "revenue": 1490016000, "costOfRevenue": 975999000, "grossProfit": 514017000, "grossProfitRatio": 0.3449741479, "researchAndDevelopmentExpenses": 0, "generalAndAdministrativeExpenses": 0, "sellingAndMarketingExpenses": 0, "sellingGeneralAndAdministrativeExpenses": 409599000, "otherExpenses": -31076000, "operatingExpenses": 378523000, "costAndExpenses": 1354522000, "interestIncome": -1491000, "interestExpense": 19578000, "depreciationAndAmortization": 31303000, "ebitda": 135721000, "ebitdaratio": 0.0910869413, "operatingIncome": 135494000, "operatingIncomeRatio": 0.090934594, "totalOtherIncomeExpensesNet": 31076000, "incomeBeforeTax": 117407000, "incomeBeforeTaxRatio": 0.0787957982, "incomeTaxExpense": 42349000, "netIncome": 75058000, "netIncomeRatio": 0.0503739557, "eps": 1.37, "epsdiluted": 1.33, "weightedAverageShsOut": 56309454, "weightedAverageShsOutDil": 58276001, "link": "https://www.sec.gov/Archives/edgar/data/1060822/000106082210000004/0001060822-10-000004-index.htm", "finalLink": "https://www.sec.gov/Archives/edgar/data/1060822/000106082210000004/form10_ka.htm", "calculatedOtherExpenses": -31076000, "calculatedOperatingExpenses": 378523000, "calculatedNetInterest": -21069000, "calculatedOtherIncome": 2982000, "calculatedIncomeNonControlling": 0, "calculatedEbitda": 166797000}, {"date": "2007-12-31", "symbol": "CRI", "reportedCurrency": "USD", "cik": "0001060822", "fillingDate": "2007-12-31", "acceptedDate": "2007-12-30 19:00:00", "calendarYear": "2007", "period": "FY", "revenue": 1412246000, "costOfRevenue": 928996000, "grossProfit": 483250000, "grossProfitRatio": 0.3421854266, "researchAndDevelopmentExpenses": 0, "generalAndAdministrativeExpenses": 0, "sellingAndMarketingExpenses": 0, "sellingGeneralAndAdministrativeExpenses": 359826000, "otherExpenses": 124148000, "operatingExpenses": 483974000, "costAndExpenses": 1412970000, "interestIncome": 0, "interestExpense": 0, "depreciationAndAmortization": 31079000, "ebitda": 159788000, "ebitdaratio": 0.1131445938, "operatingIncome": -6009000, "operatingIncomeRatio": -0.0042549244, "totalOtherIncomeExpensesNet": -129433000, "incomeBeforeTax": -29088000, "incomeBeforeTaxRatio": -0.0205969781, "incomeTaxExpense": 41530000, "netIncome": -70618000, "netIncomeRatio": -0.0500040361, "eps": -1.22, "epsdiluted": -1.22, "weightedAverageShsOut": 57871235, "weightedAverageShsOutDil": 57871235, "link": "", "finalLink": "", "calculatedOtherExpenses": 129433000, "calculatedOperatingExpenses": 489259000, "calculatedNetInterest": 0, "calculatedOtherIncome": -23079000, "calculatedIncomeNonControlling": 0, "calculatedEbitda": 25070000}, {"date": "2006-12-30", "symbol": "CRI", "reportedCurrency": "USD", "cik": "0001060822", "fillingDate": "2007-02-28", "acceptedDate": "2007-02-28 16:50:43", "calendarYear": "2006", "period": "FY", "revenue": 1343467000, "costOfRevenue": 854970000, "grossProfit": 488497000, "grossProfitRatio": 0.363609229, "researchAndDevelopmentExpenses": 0, "generalAndAdministrativeExpenses": 0, "sellingAndMarketingExpenses": 0, "sellingGeneralAndAdministrativeExpenses": 352459000, "otherExpenses": -29164000, "operatingExpenses": 323295000, "costAndExpenses": 1178265000, "interestIncome": -1914000, "interestExpense": 28837000, "depreciationAndAmortization": 28843000, "ebitda": 164972000, "ebitdaratio": 0.1227957218, "operatingIncome": 165111000, "operatingIncomeRatio": 0.1228991855, "totalOtherIncomeExpensesNet": 29073000, "incomeBeforeTax": 138188000, "incomeBeforeTaxRatio": 0.102859244, "incomeTaxExpense": 50968000, "netIncome": 87220000, "netIncomeRatio": 0.0649215798, "eps": 1.5, "epsdiluted": 1.42, "weightedAverageShsOut": 57996241, "weightedAverageShsOutDil": 61247122, "link": "https://www.sec.gov/Archives/edgar/data/1060822/000110465907014975/0001104659-07-014975-index.htm", "finalLink": "https://www.sec.gov/Archives/edgar/data/1060822/000110465907014975/a07-5344_110k.htm", "calculatedOtherExpenses": -29073000, "calculatedOperatingExpenses": 323386000, "calculatedNetInterest": -30751000, "calculatedOtherIncome": 3828000, "calculatedIncomeNonControlling": 0, "calculatedEbitda": 193954000}, {"date": "2005-12-31", "symbol": "CRI", "reportedCurrency": "USD", "cik": "0001060822", "fillingDate": "2006-03-15", "acceptedDate": "2006-03-15 17:21:57", "calendarYear": "2005", "period": "FY", "revenue": 1121358000, "costOfRevenue": 725086000, "grossProfit": 396272000, "grossProfitRatio": 0.3533858054, "researchAndDevelopmentExpenses": 0, "generalAndAdministrativeExpenses": 0, "sellingAndMarketingExpenses": 0, "sellingGeneralAndAdministrativeExpenses": 295452000, "otherExpenses": -20426000, "operatingExpenses": 275026000, "costAndExpenses": 1000112000, "interestIncome": -1322000, "interestExpense": 24564000, "depreciationAndAmortization": 38614000, "ebitda": 159571000, "ebitdaratio": 0.1423015665, "operatingIncome": 121246000, "operatingIncomeRatio": 0.1081242565, "totalOtherIncomeExpensesNet": 289000, "incomeBeforeTax": 77867000, "incomeBeforeTaxRatio": 0.0694399113, "incomeTaxExpense": 30665000, "netIncome": 47202000, "netIncomeRatio": 0.0420936044, "eps": 0.82, "epsdiluted": 0.78, "weightedAverageShsOut": 57280504, "weightedAverageShsOutDil": 60753384, "link": "https://www.sec.gov/Archives/edgar/data/1060822/000110465906016954/0001104659-06-016954-index.htm", "finalLink": "https://www.sec.gov/Archives/edgar/data/1060822/000110465906016954/a06-2608_110k.htm", "calculatedOtherExpenses": -20426000, "calculatedOperatingExpenses": 275026000, "calculatedNetInterest": -25886000, "calculatedOtherIncome": -17493000, "calculatedIncomeNonControlling": 0, "calculatedEbitda": 159860000}, {"date": "2004-12-31", "symbol": "CRI", "reportedCurrency": "USD", "cik": "0001060822", "fillingDate": "2005-03-16", "acceptedDate": "2005-03-16 16:29:43", "calendarYear": "2004", "period": "FY", "revenue": 823121000, "costOfRevenue": 525082000, "grossProfit": 298039000, "grossProfitRatio": 0.3620840678, "researchAndDevelopmentExpenses": 0, "generalAndAdministrativeExpenses": 0, "sellingAndMarketingExpenses": 0, "sellingGeneralAndAdministrativeExpenses": 208756000, "otherExpenses": -11742000, "operatingExpenses": 197014000, "costAndExpenses": 722096000, "interestIncome": 0, "interestExpense": 0, "depreciationAndAmortization": 21340000, "ebitda": 110623000, "ebitdaratio": 0.1343945787, "operatingIncome": 101025000, "operatingIncomeRatio": 0.1227340816, "totalOtherIncomeExpensesNet": 11742000, "incomeBeforeTax": 82508000, "incomeBeforeTaxRatio": 0.1002379966, "incomeTaxExpense": 32850000, "netIncome": 49658000, "netIncomeRatio": 0.0603289188, "eps": 0.88, "epsdiluted": 0.83, "weightedAverageShsOut": 56251168, "weightedAverageShsOutDil": 59855914, "link": "https://www.sec.gov/Archives/edgar/data/1060822/000104746905006776/0001047469-05-006776-index.html", "finalLink": "https://www.sec.gov/Archives/edgar/data/1060822/000104746905006776/a2153542z10-k.htm", "calculatedOtherExpenses": -11742000, "calculatedOperatingExpenses": 197014000, "calculatedNetInterest": 0, "calculatedOtherIncome": -18517000, "calculatedIncomeNonControlling": 0, "calculatedEbitda": 122365000}, {"date": "2003-12-31", "symbol": "CRI", "reportedCurrency": "USD", "cik": "0001060822", "fillingDate": "2004-03-19", "acceptedDate": "2004-03-19 16:41:11", "calendarYear": "2003", "period": "FY", "revenue": 703826000, "costOfRevenue": 448540000, "grossProfit": 255286000, "grossProfitRatio": 0.3627118066, "researchAndDevelopmentExpenses": 0, "generalAndAdministrativeExpenses": 0, "sellingAndMarketingExpenses": 0, "sellingGeneralAndAdministrativeExpenses": 188028000, "otherExpenses": -7382000, "operatingExpenses": 180646000, "costAndExpenses": 629186000, "interestIncome": -387000, "interestExpense": 26646000, "depreciationAndAmortization": 24281000, "ebitda": 100994000, "ebitdaratio": 0.1434928519, "operatingIncome": 74640000, "operatingIncomeRatio": 0.1060489382, "totalOtherIncomeExpensesNet": -2073000, "incomeBeforeTax": 38926000, "incomeBeforeTaxRatio": 0.0553062831, "incomeTaxExpense": 15648000, "netIncome": 23278000, "netIncomeRatio": 0.0330735153, "eps": 0.5, "epsdiluted": 0.46, "weightedAverageShsOut": 47222744, "weightedAverageShsOutDil": 50374984, "link": "https://www.sec.gov/Archives/edgar/data/1060822/000104746904008661/0001047469-04-008661-index.htm", "finalLink": "https://www.sec.gov/Archives/edgar/data/1060822/000104746904008661/a2131272z10-k.htm", "calculatedOtherExpenses": -7382000, "calculatedOperatingExpenses": 180646000, "calculatedNetInterest": -27033000, "calculatedOtherIncome": -8681000, "calculatedIncomeNonControlling": 0, "calculatedEbitda": 98921000}, {"date": "2002-12-31", "symbol": "CRI", "reportedCurrency": "USD", "cik": "0001060822", "fillingDate": "2002-12-28", "acceptedDate": "2002-12-27 19:00:00", "calendarYear": "2002", "period": "FY", "revenue": 579547000, "costOfRevenue": 352151000, "grossProfit": 227396000, "grossProfitRatio": 0.3923685223, "researchAndDevelopmentExpenses": 0, "generalAndAdministrativeExpenses": 0, "sellingAndMarketingExpenses": 0, "sellingGeneralAndAdministrativeExpenses": 174110000, "otherExpenses": -7279000, "operatingExpenses": 166831000, "costAndExpenses": 518982000, "interestIncome": 0, "interestExpense": 0, "depreciationAndAmortization": 20454000, "ebitda": 73740000, "ebitdaratio": 0.1272373078, "operatingIncome": 60565000, "operatingIncomeRatio": 0.104504035, "totalOtherIncomeExpensesNet": 7279000, "incomeBeforeTax": 32264000, "incomeBeforeTaxRatio": 0.0556710672, "incomeTaxExpense": 13011000, "netIncome": 19253000, "netIncomeRatio": 0.0332207742, "eps": 0.43, "epsdiluted": 0.41, "weightedAverageShsOut": 44906176, "weightedAverageShsOutDil": 47089800, "link": "", "finalLink": "", "calculatedOtherExpenses": -7279000, "calculatedOperatingExpenses": 166831000, "calculatedNetInterest": 0, "calculatedOtherIncome": -28301000, "calculatedIncomeNonControlling": 0, "calculatedEbitda": 81019000}, {"date": "2001-12-31", "symbol": "CRI", "reportedCurrency": "USD", "cik": "0001060822", "fillingDate": "2001-12-29", "acceptedDate": "2001-12-28 19:00:00", "calendarYear": "2001", "period": "FY", "revenue": 518507000, "costOfRevenue": 332215000, "grossProfit": 186292000, "grossProfitRatio": 0.3592854098, "researchAndDevelopmentExpenses": 0, "generalAndAdministrativeExpenses": 0, "sellingAndMarketingExpenses": 0, "sellingGeneralAndAdministrativeExpenses": 146882000, "otherExpenses": 7676000, "operatingExpenses": 154558000, "costAndExpenses": 486773000, "interestIncome": 0, "interestExpense": 0, "depreciationAndAmortization": 19163000, "ebitda": 50897000, "ebitdaratio": 0.0981606806, "operatingIncome": 31734000, "operatingIncomeRatio": 0.0612026453, "totalOtherIncomeExpensesNet": -22830000, "incomeBeforeTax": 8904000, "incomeBeforeTaxRatio": 0.0171723815, "incomeTaxExpense": 5414000, "netIncome": -4159000, "netIncomeRatio": -0.0080211068, "eps": -0.034, "epsdiluted": -0.0336, "weightedAverageShsOut": 122169760, "weightedAverageShsOutDil": 123679178, "link": "", "finalLink": "", "calculatedOtherExpenses": 7676000, "calculatedOperatingExpenses": 154558000, "calculatedNetInterest": 0, "calculatedOtherIncome": -22830000, "calculatedIncomeNonControlling": 7649000, "calculatedEbitda": 50897000}, {"date": "2000-12-30", "symbol": "CRI", "reportedCurrency": "USD", "cik": "0001060822", "fillingDate": "2001-03-29", "acceptedDate": "2001-03-29 00:00:00", "calendarYear": "2000", "period": "FY", "revenue": 471374000, "costOfRevenue": 293340000, "grossProfit": 178034000, "grossProfitRatio": 0.3776915995, "researchAndDevelopmentExpenses": 0, "generalAndAdministrativeExpenses": 0, "sellingAndMarketingExpenses": 0, "sellingGeneralAndAdministrativeExpenses": 137513000, "otherExpenses": 0, "operatingExpenses": 137513000, "costAndExpenses": 430853000, "interestIncome": 0, "interestExpense": 0, "depreciationAndAmortization": 17520000, "ebitda": 58041000, "ebitdaratio": 0.1231315261, "operatingIncome": 40521000, "operatingIncomeRatio": 0.0859635873, "totalOtherIncomeExpensesNet": -18679000, "incomeBeforeTax": 21842000, "incomeBeforeTaxRatio": 0.046336879, "incomeTaxExpense": 8835000, "netIncome": 12653000, "netIncomeRatio": 0.0268428042, "eps": 0.28, "epsdiluted": 0.26, "weightedAverageShsOut": 45121744, "weightedAverageShsOutDil": 48168366, "link": "https://www.sec.gov/Archives/edgar/data/1060822/000091205701505406/0000912057-01-505406-index.htm", "finalLink": "https://www.sec.gov/Archives/edgar/data/1060822/000091205701505406/a2043033z10-k405.txt", "calculatedOtherExpenses": 0, "calculatedOperatingExpenses": 137513000, "calculatedNetInterest": 0, "calculatedOtherIncome": -18679000, "calculatedIncomeNonControlling": 354000, "calculatedEbitda": 58041000}, {"date": "1999-12-31", "symbol": "CRI", "reportedCurrency": "USD", "cik": "0001060822", "fillingDate": "2000-03-31", "acceptedDate": "2000-03-31 00:00:00", "calendarYear": "1999", "period": "FY", "revenue": 414596000, "costOfRevenue": 271844000, "grossProfit": 142752000, "grossProfitRatio": 0.3443159124, "researchAndDevelopmentExpenses": 0, "generalAndAdministrativeExpenses": 0, "sellingAndMarketingExpenses": 0, "sellingGeneralAndAdministrativeExpenses": 120773000, "otherExpenses": 7124000, "operatingExpenses": 127897000, "costAndExpenses": 399741000, "interestIncome": 0, "interestExpense": 0, "depreciationAndAmortization": 18447000, "ebitda": 33302000, "ebitdaratio": 0.080323978, "operatingIncome": 14855000, "operatingIncomeRatio": 0.0358300611, "totalOtherIncomeExpensesNet": -20437000, "incomeBeforeTax": -5582000, "incomeBeforeTaxRatio": -0.0134637092, "incomeTaxExpense": -1782000, "netIncome": -3800000, "netIncomeRatio": -0.0091655491, "eps": -0.0842, "epsdiluted": -0.0789, "weightedAverageShsOut": 45121744, "weightedAverageShsOutDil": 48168366, "link": "https://www.sec.gov/Archives/edgar/data/1060822/000100547700002794/0001005477-00-002794-index.html", "finalLink": "https://www.sec.gov/Archives/edgar/data/1060822/000100547700002794/", "calculatedOtherExpenses": 7124000, "calculatedOperatingExpenses": 127897000, "calculatedNetInterest": 0, "calculatedOtherIncome": -20437000, "calculatedIncomeNonControlling": 0, "calculatedEbitda": 33302000}, {"date": "1998-12-31", "symbol": "CRI", "reportedCurrency": "USD", "cik": "0001060822", "fillingDate": "1999-04-01", "acceptedDate": "1999-04-01 00:00:00", "calendarYear": "1998", "period": "FY", "revenue": 408182000, "costOfRevenue": 257670000, "grossProfit": 150512000, "grossProfitRatio": 0.3687374749, "researchAndDevelopmentExpenses": 0, "generalAndAdministrativeExpenses": 0, "sellingAndMarketingExpenses": 0, "sellingGeneralAndAdministrativeExpenses": 123090000, "otherExpenses": 0, "operatingExpenses": 123090000, "costAndExpenses": 380760000, "interestIncome": 0, "interestExpense": 0, "depreciationAndAmortization": 17205000, "ebitda": 44627000, "ebitdaratio": 0.1093311317, "operatingIncome": 27422000, "operatingIncomeRatio": 0.0671808164, "totalOtherIncomeExpensesNet": -21215000, "incomeBeforeTax": 6207000, "incomeBeforeTaxRatio": 0.015206452, "incomeTaxExpense": 2697000, "netIncome": 3510000, "netIncomeRatio": 0.0085991053, "eps": 0.0778, "epsdiluted": 0.0729, "weightedAverageShsOut": 45121744, "weightedAverageShsOutDil": 48168366, "link": "https://www.sec.gov/Archives/edgar/data/1060822/000104746999013307/0001047469-99-013307-index.html", "finalLink": "https://www.sec.gov/Archives/edgar/data/1060822/", "calculatedOtherExpenses": 0, "calculatedOperatingExpenses": 123090000, "calculatedNetInterest": 0, "calculatedOtherIncome": -21215000, "calculatedIncomeNonControlling": 0, "calculatedEbitda": 44627000}]}