{"originalCurrency": "USD", "convertedCurrency": "USD", "report": [{"date": "2023-12-31", "symbol": "CRK", "reportedCurrency": "USD", "cik": "0000023194", "fillingDate": "2024-02-16", "acceptedDate": "2024-02-16 17:07:46", "calendarYear": "2023", "period": "FY", "revenue": 1565109000, "costOfRevenue": 1300645000, "grossProfit": 264464000, "grossProfitRatio": 0.1689748126, "researchAndDevelopmentExpenses": 0, "generalAndAdministrativeExpenses": 37992000, "sellingAndMarketingExpenses": 0, "sellingGeneralAndAdministrativeExpenses": 37992000, "otherExpenses": 1771000, "operatingExpenses": 37992000, "costAndExpenses": 1338637000, "interestIncome": 0, "interestExpense": 169018000, "depreciationAndAmortization": 607908000, "ebitda": 834380000, "ebitdaratio": 0.5331130292, "operatingIncome": 226472000, "operatingIncomeRatio": 0.144700465, "totalOtherIncomeExpensesNet": 20517000, "incomeBeforeTax": 246989000, "incomeBeforeTaxRatio": 0.1578094561, "incomeTaxExpense": 35095000, "netIncome": 211894000, "netIncomeRatio": 0.1353860977, "eps": 0.76, "epsdiluted": 0.76, "weightedAverageShsOut": 276806000, "weightedAverageShsOutDil": 276806000, "link": "https://www.sec.gov/Archives/edgar/data/23194/000095017024016532/0000950170-24-016532-index.htm", "finalLink": "https://www.sec.gov/Archives/edgar/data/23194/000095017024016532/crk-20231231.htm", "calculatedOtherExpenses": 0, "calculatedOperatingExpenses": 37992000, "calculatedNetInterest": -169018000, "calculatedOtherIncome": 189535000, "calculatedIncomeNonControlling": 0, "calculatedEbitda": 834380000}, {"date": "2022-12-31", "symbol": "CRK", "reportedCurrency": "USD", "cik": "0000023194", "fillingDate": "2023-02-17", "acceptedDate": "2023-02-17 15:41:58", "calendarYear": "2022", "period": "FY", "revenue": 3628057000, "costOfRevenue": 1299224000, "grossProfit": 2328833000, "grossProfitRatio": 0.6418953726, "researchAndDevelopmentExpenses": 0, "generalAndAdministrativeExpenses": 39405000, "sellingAndMarketingExpenses": 0, "sellingGeneralAndAdministrativeExpenses": 39405000, "otherExpenses": 8287000, "operatingExpenses": 47692000, "costAndExpenses": 1346916000, "interestIncome": 171092000, "interestExpense": 171092000, "depreciationAndAmortization": 490026000, "ebitda": 2771507000, "ebitdaratio": 0.7639094424, "operatingIncome": 2281481000, "operatingIncomeRatio": 0.6288437585, "totalOtherIncomeExpensesNet": -879538000, "incomeBeforeTax": 1401943000, "incomeBeforeTaxRatio": 0.3864170271, "incomeTaxExpense": 261061000, "netIncome": 1140882000, "netIncomeRatio": 0.3144608809, "eps": 4.75, "epsdiluted": 4.11, "weightedAverageShsOut": 236045000, "weightedAverageShsOutDil": 277465000, "link": "https://www.sec.gov/Archives/edgar/data/23194/000002319423000009/0000023194-23-000009-index.htm", "finalLink": "https://www.sec.gov/Archives/edgar/data/23194/000002319423000009/crk-20221231.htm", "calculatedOtherExpenses": 7947000, "calculatedOperatingExpenses": 47352000, "calculatedNetInterest": 0, "calculatedOtherIncome": -879538000, "calculatedIncomeNonControlling": 0, "calculatedEbitda": 2771507000}, {"date": "2021-12-31", "symbol": "CRK", "reportedCurrency": "USD", "cik": "0000023194", "fillingDate": "2022-02-17", "acceptedDate": "2022-02-17 15:41:05", "calendarYear": "2021", "period": "FY", "revenue": 1850730000, "costOfRevenue": 752936000, "grossProfit": 1097794000, "grossProfitRatio": 0.5931681012, "researchAndDevelopmentExpenses": 0, "generalAndAdministrativeExpenses": 34943000, "sellingAndMarketingExpenses": 0, "sellingGeneralAndAdministrativeExpenses": 34943000, "otherExpenses": 636000, "operatingExpenses": 34943000, "costAndExpenses": 787879000, "interestIncome": 216250000, "interestExpense": 218485000, "depreciationAndAmortization": 632101000, "ebitda": 1532875000, "ebitdaratio": 0.8282542564, "operatingIncome": 900774000, "operatingIncomeRatio": 0.4867128106, "totalOtherIncomeExpensesNet": -1131096000, "incomeBeforeTax": -230322000, "incomeBeforeTaxRatio": -0.1244492714, "incomeTaxExpense": 11403000, "netIncome": -241725000, "netIncomeRatio": -0.1306106239, "eps": -1.04, "epsdiluted": -1.04, "weightedAverageShsOut": 231633000, "weightedAverageShsOutDil": 231633000, "link": "https://www.sec.gov/Archives/edgar/data/23194/000002319422000011/0000023194-22-000011-index.htm", "finalLink": "https://www.sec.gov/Archives/edgar/data/23194/000002319422000011/crk-20211231.htm", "calculatedOtherExpenses": 162077000, "calculatedOperatingExpenses": 197020000, "calculatedNetInterest": -2235000, "calculatedOtherIncome": -1128861000, "calculatedIncomeNonControlling": 0, "calculatedEbitda": 1532875000}, {"date": "2020-12-31", "symbol": "CRK", "reportedCurrency": "USD", "cik": "0000023194", "fillingDate": "2021-02-17", "acceptedDate": "2021-02-17 16:19:15", "calendarYear": "2020", "period": "FY", "revenue": 858195000, "costOfRevenue": 663113000, "grossProfit": 195082000, "grossProfitRatio": 0.2273166355, "researchAndDevelopmentExpenses": 0, "generalAndAdministrativeExpenses": 32040000, "sellingAndMarketingExpenses": 0, "sellingGeneralAndAdministrativeExpenses": 32040000, "otherExpenses": 27000, "operatingExpenses": 32067000, "costAndExpenses": 695180000, "interestIncome": 237290000, "interestExpense": 234829000, "depreciationAndAmortization": 418175000, "ebitda": 581207000, "ebitdaratio": 0.6772435169, "operatingIncome": 163032000, "operatingIncomeRatio": 0.1899708108, "totalOtherIncomeExpensesNet": -224659000, "incomeBeforeTax": -61627000, "incomeBeforeTaxRatio": -0.0718100199, "incomeTaxExpense": -9210000, "netIncome": -52417000, "netIncomeRatio": -0.0610781932, "eps": -0.24, "epsdiluted": -0.24, "weightedAverageShsOut": 215194000, "weightedAverageShsOutDil": 215194000, "link": "https://www.sec.gov/Archives/edgar/data/23194/000002319421000015/0000023194-21-000015-index.htm", "finalLink": "https://www.sec.gov/Archives/edgar/data/23194/000002319421000015/crk-20201231.htm", "calculatedOtherExpenses": 10000, "calculatedOperatingExpenses": 32050000, "calculatedNetInterest": 2461000, "calculatedOtherIncome": -227120000, "calculatedIncomeNonControlling": 0, "calculatedEbitda": 581207000}, {"date": "2019-12-31", "symbol": "CRK", "reportedCurrency": "USD", "cik": "0000023194", "fillingDate": "2020-03-02", "acceptedDate": "2020-03-02 14:05:58", "calendarYear": "2019", "period": "FY", "revenue": 768689000, "costOfRevenue": 464293000, "grossProfit": 304396000, "grossProfitRatio": 0.3959936984, "researchAndDevelopmentExpenses": 0, "generalAndAdministrativeExpenses": 29244000, "sellingAndMarketingExpenses": 0, "sellingGeneralAndAdministrativeExpenses": 29244000, "otherExpenses": 241000, "operatingExpenses": 29485000, "costAndExpenses": 493778000, "interestIncome": 161541000, "interestExpense": 161541000, "depreciationAndAmortization": 277173000, "ebitda": 552059000, "ebitdaratio": 0.7181825159, "operatingIncome": 274886000, "operatingIncomeRatio": 0.3576036603, "totalOtherIncomeExpensesNet": -150194000, "incomeBeforeTax": 124692000, "incomeBeforeTaxRatio": 0.1622138472, "incomeTaxExpense": 27803000, "netIncome": 96889000, "netIncomeRatio": 0.1260444731, "eps": 0.52, "epsdiluted": 0.52, "weightedAverageShsOut": 142750000, "weightedAverageShsOutDil": 187378000, "link": "https://www.sec.gov/Archives/edgar/data/23194/000156459020008081/0001564590-20-008081-index.htm", "finalLink": "https://www.sec.gov/Archives/edgar/data/23194/000156459020008081/crk-10k_20191231.htm", "calculatedOtherExpenses": 266000, "calculatedOperatingExpenses": 29510000, "calculatedNetInterest": 0, "calculatedOtherIncome": -150194000, "calculatedIncomeNonControlling": 0, "calculatedEbitda": 552059000}, {"date": "2018-12-31", "symbol": "CRK", "reportedCurrency": "USD", "cik": "0000023194", "fillingDate": "2019-03-01", "acceptedDate": "2019-03-01 16:09:30", "calendarYear": "2018", "period": "FY", "revenue": 255331000, "costOfRevenue": 82909000, "grossProfit": 172422000, "grossProfitRatio": 0.6752881554, "researchAndDevelopmentExpenses": 0, "generalAndAdministrativeExpenses": 26137000, "sellingAndMarketingExpenses": 0, "sellingGeneralAndAdministrativeExpenses": 26137000, "otherExpenses": 146468000, "operatingExpenses": 172605000, "costAndExpenses": 255514000, "interestIncome": 0, "interestExpense": -146449000, "depreciationAndAmortization": 123557000, "ebitda": -116353000, "ebitdaratio": -0.4556947648, "operatingIncome": -183000, "operatingIncomeRatio": -0.0007167167, "totalOtherIncomeExpensesNet": -129166000, "incomeBeforeTax": -129349000, "incomeBeforeTaxRatio": -0.5065934023, "incomeTaxExpense": 17944000, "netIncome": -111405000, "netIncomeRatio": -0.4363159977, "eps": -0.78, "epsdiluted": -0.78, "weightedAverageShsOut": 142750000, "weightedAverageShsOutDil": 142750000, "link": "https://www.sec.gov/Archives/edgar/data/23194/000156459019005805/0001564590-19-005805-index.htm", "finalLink": "https://www.sec.gov/Archives/edgar/data/23194/000156459019005805/crk-10k_20181231.htm", "calculatedOtherExpenses": 146468000, "calculatedOperatingExpenses": 172605000, "calculatedNetInterest": 146449000, "calculatedOtherIncome": -275615000, "calculatedIncomeNonControlling": -35888000, "calculatedEbitda": 123374000}, {"date": "2017-12-31", "symbol": "CRK", "reportedCurrency": "USD", "cik": "0000023194", "fillingDate": "2018-02-27", "acceptedDate": "2018-02-26 18:26:29", "calendarYear": "2017", "period": "FY", "revenue": 255331000, "costOfRevenue": 184327000, "grossProfit": 71004000, "grossProfitRatio": 0.2780860922, "researchAndDevelopmentExpenses": 0, "generalAndAdministrativeExpenses": 26137000, "sellingAndMarketingExpenses": 0, "sellingGeneralAndAdministrativeExpenses": 26137000, "otherExpenses": 530000, "operatingExpenses": 26137000, "costAndExpenses": 210464000, "interestIncome": 0, "interestExpense": 146449000, "depreciationAndAmortization": 123557000, "ebitda": 168954000, "ebitdaratio": 0.6617057858, "operatingIncome": -183000, "operatingIncomeRatio": -0.0007167167, "totalOtherIncomeExpensesNet": -27767000, "incomeBeforeTax": -129349000, "incomeBeforeTaxRatio": -0.5065934023, "incomeTaxExpense": -17944000, "netIncome": -111405000, "netIncomeRatio": -0.4363159977, "eps": -7.61, "epsdiluted": -7.61, "weightedAverageShsOut": 14639290, "weightedAverageShsOutDil": 14644000, "link": "https://www.sec.gov/Archives/edgar/data/23194/000156459018003306/0001564590-18-003306-index.htm", "finalLink": "https://www.sec.gov/Archives/edgar/data/23194/000156459018003306/crk-10k_20171231.htm", "calculatedOtherExpenses": 45050000, "calculatedOperatingExpenses": 71187000, "calculatedNetInterest": -146449000, "calculatedOtherIncome": 17283000, "calculatedIncomeNonControlling": 0, "calculatedEbitda": 123374000}, {"date": "2016-12-31", "symbol": "CRK", "reportedCurrency": "USD", "cik": "0000023194", "fillingDate": "2017-02-24", "acceptedDate": "2017-02-24 17:30:04", "calendarYear": "2016", "period": "FY", "revenue": 175706000, "costOfRevenue": 209940000, "grossProfit": -34234000, "grossProfitRatio": -0.1948368297, "researchAndDevelopmentExpenses": 0, "generalAndAdministrativeExpenses": 23963000, "sellingAndMarketingExpenses": 0, "sellingGeneralAndAdministrativeExpenses": 23963000, "otherExpenses": 872000, "operatingExpenses": 108107000, "costAndExpenses": 318047000, "interestIncome": 0, "interestExpense": 128743000, "depreciationAndAmortization": 141487000, "ebitda": 18000, "ebitdaratio": 0.0001024439, "operatingIncome": -183790000, "operatingIncomeRatio": -1.0460086736, "totalOtherIncomeExpensesNet": 143119000, "incomeBeforeTax": -127965000, "incomeBeforeTaxRatio": -0.7282904397, "incomeTaxExpense": 7169000, "netIncome": -135134000, "netIncomeRatio": -0.7690915507, "eps": -11.52, "epsdiluted": -11.52, "weightedAverageShsOut": 11729000, "weightedAverageShsOutDil": 11729000, "link": "https://www.sec.gov/Archives/edgar/data/23194/000156459017002442/0001564590-17-002442-index.htm", "finalLink": "https://www.sec.gov/Archives/edgar/data/23194/000156459017002442/crk-10k_20161231.htm", "calculatedOtherExpenses": 125593000, "calculatedOperatingExpenses": 149556000, "calculatedNetInterest": -128743000, "calculatedOtherIncome": 184568000, "calculatedIncomeNonControlling": 0, "calculatedEbitda": -42303000}, {"date": "2015-12-31", "symbol": "CRK", "reportedCurrency": "USD", "cik": "0000023194", "fillingDate": "2016-02-26", "acceptedDate": "2016-02-26 17:55:30", "calendarYear": "2015", "period": "FY", "revenue": 252422000, "costOfRevenue": 410409000, "grossProfit": -157987000, "grossProfitRatio": -0.6258844316, "researchAndDevelopmentExpenses": 0, "generalAndAdministrativeExpenses": 23541000, "sellingAndMarketingExpenses": 0, "sellingGeneralAndAdministrativeExpenses": 23541000, "otherExpenses": 1275000, "operatingExpenses": 94235000, "costAndExpenses": 504644000, "interestIncome": 0, "interestExpense": 118592000, "depreciationAndAmortization": 321323000, "ebitda": 70376000, "ebitdaratio": 0.278802957, "operatingIncome": -1165654000, "operatingIncomeRatio": -4.617877998, "totalOtherIncomeExpensesNet": -830740000, "incomeBeforeTax": -1201554000, "incomeBeforeTaxRatio": -4.7601001497, "incomeTaxExpense": -154445000, "netIncome": -1047109000, "netIncomeRatio": -4.1482477756, "eps": -113.54, "epsdiluted": -113.53, "weightedAverageShsOut": 9222600, "weightedAverageShsOutDil": 9223000, "link": "https://www.sec.gov/Archives/edgar/data/23194/000156459016013592/0001564590-16-013592-index.htm", "finalLink": "https://www.sec.gov/Archives/edgar/data/23194/000156459016013592/crk-10k_20151231.htm", "calculatedOtherExpenses": 984126000, "calculatedOperatingExpenses": 1007667000, "calculatedNetInterest": -118592000, "calculatedOtherIncome": 82692000, "calculatedIncomeNonControlling": 0, "calculatedEbitda": -844331000}, {"date": "2014-12-31", "symbol": "CRK", "reportedCurrency": "USD", "cik": "0000023194", "fillingDate": "2015-02-25", "acceptedDate": "2015-02-24 19:44:59", "calendarYear": "2014", "period": "FY", "revenue": 555231000, "costOfRevenue": 475252000, "grossProfit": 79979000, "grossProfitRatio": 0.1440463519, "researchAndDevelopmentExpenses": 0, "generalAndAdministrativeExpenses": 32379000, "sellingAndMarketingExpenses": 0, "sellingGeneralAndAdministrativeExpenses": 32379000, "otherExpenses": 727000, "operatingExpenses": 51782000, "costAndExpenses": 527034000, "interestIncome": 0, "interestExpense": 58631000, "depreciationAndAmortization": 378275000, "ebitda": 407199000, "ebitdaratio": 0.7333866445, "operatingIncome": -32071000, "operatingIncomeRatio": -0.0577615443, "totalOtherIncomeExpensesNet": -51366000, "incomeBeforeTax": -81800000, "incomeBeforeTaxRatio": -0.1473260679, "incomeTaxExpense": -24689000, "netIncome": -57111000, "netIncomeRatio": -0.1028598907, "eps": -6.13, "epsdiluted": -6.13, "weightedAverageShsOut": 9309400, "weightedAverageShsOutDil": 9309400, "link": "https://www.sec.gov/Archives/edgar/data/23194/000156459015000911/0001564590-15-000911-index.htm", "finalLink": "https://www.sec.gov/Archives/edgar/data/23194/000156459015000911/crk-10k_20141231.htm", "calculatedOtherExpenses": 79671000, "calculatedOperatingExpenses": 112050000, "calculatedNetInterest": -58631000, "calculatedOtherIncome": 8902000, "calculatedIncomeNonControlling": 0, "calculatedEbitda": 346204000}, {"date": "2013-12-31", "symbol": "CRK", "reportedCurrency": "USD", "cik": "0000023194", "fillingDate": "2014-02-27", "acceptedDate": "2014-02-26 18:44:39", "calendarYear": "2013", "period": "FY", "revenue": 420290000, "costOfRevenue": 421747000, "grossProfit": -1457000, "grossProfitRatio": -0.003466654, "researchAndDevelopmentExpenses": 0, "generalAndAdministrativeExpenses": 34767000, "sellingAndMarketingExpenses": 0, "sellingGeneralAndAdministrativeExpenses": 34767000, "otherExpenses": 1059000, "operatingExpenses": 68190000, "costAndExpenses": 489937000, "interestIncome": 1059000, "interestExpense": 73242000, "depreciationAndAmortization": 337134000, "ebitda": 268546000, "ebitdaratio": 0.6389540555, "operatingIncome": -72332000, "operatingIncomeRatio": -0.1721002165, "totalOtherIncomeExpensesNet": -21050000, "incomeBeforeTax": -162880000, "incomeBeforeTaxRatio": -0.3875419353, "incomeTaxExpense": -56157000, "netIncome": 41029000, "netIncomeRatio": 0.0976206905, "eps": 4.25, "epsdiluted": 4.25, "weightedAverageShsOut": 9310600, "weightedAverageShsOutDil": 9310600, "link": "https://www.sec.gov/Archives/edgar/data/23194/000156459014000379/0001564590-14-000379-index.htm", "finalLink": "https://www.sec.gov/Archives/edgar/data/23194/000156459014000379/crk-10k_20131231.htm", "calculatedOtherExpenses": 36108000, "calculatedOperatingExpenses": 70875000, "calculatedNetInterest": -72183000, "calculatedOtherIncome": -18365000, "calculatedIncomeNonControlling": -147752000, "calculatedEbitda": 264802000}, {"date": "2012-12-31", "symbol": "CRK", "reportedCurrency": "USD", "cik": "0000023194", "fillingDate": "2013-02-28", "acceptedDate": "2013-02-28 14:01:11", "calendarYear": "2012", "period": "FY", "revenue": 456194000, "costOfRevenue": 467239000, "grossProfit": -11045000, "grossProfitRatio": -0.0242111909, "researchAndDevelopmentExpenses": 0, "generalAndAdministrativeExpenses": 33798000, "sellingAndMarketingExpenses": 0, "sellingGeneralAndAdministrativeExpenses": 33798000, "otherExpenses": 944000, "operatingExpenses": 95247000, "costAndExpenses": 562486000, "interestIncome": 0, "interestExpense": 64575000, "depreciationAndAmortization": 365286000, "ebitda": 259938000, "ebitdaratio": 0.56979706, "operatingIncome": -131660000, "operatingIncomeRatio": -0.2886052863, "totalOtherIncomeExpensesNet": 23453000, "incomeBeforeTax": -147414000, "incomeBeforeTaxRatio": -0.3231388401, "incomeTaxExpense": -47354000, "netIncome": -100060000, "netIncomeRatio": -0.2193365103, "eps": -10.78, "epsdiluted": -10.78, "weightedAverageShsOut": 9284400, "weightedAverageShsOutDil": 9284400, "link": "https://www.sec.gov/Archives/edgar/data/23194/000119312513083473/0001193125-13-083473-index.htm", "finalLink": "https://www.sec.gov/Archives/edgar/data/23194/000119312513083473/d445060d10k.htm", "calculatedOtherExpenses": 86817000, "calculatedOperatingExpenses": 120615000, "calculatedNetInterest": -64575000, "calculatedOtherIncome": 48821000, "calculatedIncomeNonControlling": 0, "calculatedEbitda": 233626000}, {"date": "2011-12-31", "symbol": "CRK", "reportedCurrency": "USD", "cik": "0000023194", "fillingDate": "2012-02-27", "acceptedDate": "2012-02-27 15:40:58", "calendarYear": "2011", "period": "FY", "revenue": 434367000, "costOfRevenue": 78713000, "grossProfit": 355654000, "grossProfitRatio": 0.8187868784, "researchAndDevelopmentExpenses": 0, "generalAndAdministrativeExpenses": 35172000, "sellingAndMarketingExpenses": 0, "sellingGeneralAndAdministrativeExpenses": 35172000, "otherExpenses": 300924000, "operatingExpenses": 336096000, "costAndExpenses": 414809000, "interestIncome": 790000, "interestExpense": 42688000, "depreciationAndAmortization": 290776000, "ebitda": 311124000, "ebitdaratio": 0.7162698824, "operatingIncome": -41316000, "operatingIncomeRatio": -0.095117723, "totalOtherIncomeExpensesNet": -25756000, "incomeBeforeTax": -48096000, "incomeBeforeTaxRatio": -0.1107266436, "incomeTaxExpense": -14624000, "netIncome": -33472000, "netIncomeRatio": -0.0770592609, "eps": -3.64, "epsdiluted": -3.64, "weightedAverageShsOut": 9199400, "weightedAverageShsOutDil": 9199400, "link": "https://www.sec.gov/Archives/edgar/data/23194/000119312512081407/0001193125-12-081407-index.htm", "finalLink": "https://www.sec.gov/Archives/edgar/data/23194/000119312512081407/d259684d10k.htm", "calculatedOtherExpenses": 361798000, "calculatedOperatingExpenses": 396970000, "calculatedNetInterest": -41898000, "calculatedOtherIncome": 35118000, "calculatedIncomeNonControlling": 0, "calculatedEbitda": 249460000}, {"date": "2010-12-31", "symbol": "CRK", "reportedCurrency": "USD", "cik": "0000023194", "fillingDate": "2011-02-22", "acceptedDate": "2011-02-22 15:29:01", "calendarYear": "2010", "period": "FY", "revenue": 349141000, "costOfRevenue": 80675000, "grossProfit": 268466000, "grossProfitRatio": 0.7689328953, "researchAndDevelopmentExpenses": 0, "generalAndAdministrativeExpenses": 37200000, "sellingAndMarketingExpenses": 0, "sellingGeneralAndAdministrativeExpenses": 37200000, "otherExpenses": 243046000, "operatingExpenses": 280246000, "costAndExpenses": 360921000, "interestIncome": 263000, "interestExpense": 29456000, "depreciationAndAmortization": 213809000, "ebitda": 202292000, "ebitdaratio": 0.5793991539, "operatingIncome": -12004000, "operatingIncomeRatio": -0.0343815249, "totalOtherIncomeExpensesNet": 16541000, "incomeBeforeTax": -24432000, "incomeBeforeTaxRatio": -0.069977459, "incomeTaxExpense": -4846000, "netIncome": -19586000, "netIncomeRatio": -0.0560976797, "eps": -2.15, "epsdiluted": -2.15, "weightedAverageShsOut": 9112200, "weightedAverageShsOutDil": 9112200, "link": "https://www.sec.gov/Archives/edgar/data/23194/000095012311016458/0000950123-11-016458-index.htm", "finalLink": "https://www.sec.gov/Archives/edgar/data/23194/000095012311016458/d78717e10vk.htm", "calculatedOtherExpenses": 243270000, "calculatedOperatingExpenses": 280470000, "calculatedNetInterest": -29193000, "calculatedOtherIncome": 16765000, "calculatedIncomeNonControlling": 0, "calculatedEbitda": 201805000}, {"date": "2009-12-31", "symbol": "CRK", "reportedCurrency": "USD", "cik": "0000023194", "fillingDate": "2010-02-26", "acceptedDate": "2010-02-26 16:06:42", "calendarYear": "2009", "period": "FY", "revenue": 291076000, "costOfRevenue": 69179000, "grossProfit": 221897000, "grossProfitRatio": 0.7623335486, "researchAndDevelopmentExpenses": 0, "generalAndAdministrativeExpenses": 39172000, "sellingAndMarketingExpenses": 0, "sellingGeneralAndAdministrativeExpenses": 39172000, "otherExpenses": 214145000, "operatingExpenses": 253317000, "costAndExpenses": 322496000, "interestIncome": 245000, "interestExpense": 16086000, "depreciationAndAmortization": 213238000, "ebitda": 182063000, "ebitdaratio": 0.6254826918, "operatingIncome": -31535000, "operatingIncomeRatio": -0.1083394028, "totalOtherIncomeExpensesNet": 18000, "incomeBeforeTax": -47243000, "incomeBeforeTaxRatio": -0.1623046902, "incomeTaxExpense": -10772000, "netIncome": -36471000, "netIncomeRatio": -0.1252971732, "eps": -4.05, "epsdiluted": -4.05, "weightedAverageShsOut": 9000800, "weightedAverageShsOutDil": 9000800, "link": "https://www.sec.gov/Archives/edgar/data/23194/000095012310018130/0000950123-10-018130-index.htm", "finalLink": "https://www.sec.gov/Archives/edgar/data/23194/000095012310018130/d71139e10vk.htm", "calculatedOtherExpenses": 214260000, "calculatedOperatingExpenses": 253432000, "calculatedNetInterest": -15841000, "calculatedOtherIncome": 133000, "calculatedIncomeNonControlling": 0, "calculatedEbitda": 181703000}, {"date": "2008-12-31", "symbol": "CRK", "reportedCurrency": "USD", "cik": "0000023194", "fillingDate": "2009-02-25", "acceptedDate": "2009-02-25 17:14:44", "calendarYear": "2008", "period": "FY", "revenue": 590309000, "costOfRevenue": 86730000, "grossProfit": 503579000, "grossProfitRatio": 0.8530769478, "researchAndDevelopmentExpenses": 0, "generalAndAdministrativeExpenses": 32266000, "sellingAndMarketingExpenses": 0, "sellingGeneralAndAdministrativeExpenses": 32266000, "otherExpenses": 187211000, "operatingExpenses": 219477000, "costAndExpenses": 306207000, "interestIncome": 1537000, "interestExpense": 25336000, "depreciationAndAmortization": 182179000, "ebitda": 441258000, "ebitdaratio": 0.7475034262, "operatingIncome": 283180000, "operatingIncomeRatio": 0.4797148612, "totalOtherIncomeExpensesNet": -136915000, "incomeBeforeTax": 96828000, "incomeBeforeTaxRatio": 0.1640293473, "incomeTaxExpense": 38611000, "netIncome": 251962000, "netIncomeRatio": 0.4268306938, "eps": 27.5, "epsdiluted": 27.3, "weightedAverageShsOut": 8904800, "weightedAverageShsOutDil": 8962600, "link": "https://www.sec.gov/Archives/edgar/data/23194/000095013409003729/0000950134-09-003729-index.htm", "finalLink": "https://www.sec.gov/Archives/edgar/data/23194/000095013409003729/d66286e10vk.htm", "calculatedOtherExpenses": 188133000, "calculatedOperatingExpenses": 220399000, "calculatedNetInterest": -23799000, "calculatedOtherIncome": -162553000, "calculatedIncomeNonControlling": -193745000, "calculatedEbitda": 465359000}, {"date": "2007-12-31", "symbol": "CRK", "reportedCurrency": "USD", "cik": "0000023194", "fillingDate": "2008-02-29", "acceptedDate": "2008-02-28 21:32:41", "calendarYear": "2007", "period": "FY", "revenue": 687073000, "costOfRevenue": 166711000, "grossProfit": 520362000, "grossProfitRatio": 0.7573605716, "researchAndDevelopmentExpenses": 0, "generalAndAdministrativeExpenses": 24017000, "sellingAndMarketingExpenses": 18665000, "sellingGeneralAndAdministrativeExpenses": 42682000, "otherExpenses": 243619000, "operatingExpenses": 286301000, "costAndExpenses": 453012000, "interestIncome": 1389000, "interestExpense": -21365000, "depreciationAndAmortization": 244777000, "ebitda": 479805000, "ebitdaratio": 0.6983319094, "operatingIncome": 233235000, "operatingIncomeRatio": 0.3394617457, "totalOtherIncomeExpensesNet": -967000, "incomeBeforeTax": 193983000, "incomeBeforeTaxRatio": 0.282332445, "incomeTaxExpense": 85177000, "netIncome": 68901000, "netIncomeRatio": 0.1002819206, "eps": 7.95, "epsdiluted": 7.7, "weightedAverageShsOut": 8683000, "weightedAverageShsOutDil": 8881000, "link": "https://www.sec.gov/Archives/edgar/data/23194/000095013408003749/0000950134-08-003749-index.htm", "finalLink": "https://www.sec.gov/Archives/edgar/data/23194/000095013408003749/d54071e10vk.htm", "calculatedOtherExpenses": 244445000, "calculatedOperatingExpenses": 287127000, "calculatedNetInterest": 22754000, "calculatedOtherIncome": -62006000, "calculatedIncomeNonControlling": 39905000, "calculatedEbitda": 478012000}, {"date": "2006-12-31", "symbol": "CRK", "reportedCurrency": "USD", "cik": "0000023194", "fillingDate": "2007-03-01", "acceptedDate": "2007-03-01 17:02:58", "calendarYear": "2006", "period": "FY", "revenue": 511928000, "costOfRevenue": 127435000, "grossProfit": 384493000, "grossProfitRatio": 0.7510685096, "researchAndDevelopmentExpenses": 0, "generalAndAdministrativeExpenses": 7006000, "sellingAndMarketingExpenses": 24763000, "sellingGeneralAndAdministrativeExpenses": 31769000, "otherExpenses": 153922000, "operatingExpenses": 185691000, "costAndExpenses": 313126000, "interestIncome": 1012000, "interestExpense": -29860000, "depreciationAndAmortization": 155571000, "ebitda": 363764000, "ebitdaratio": 0.7105764873, "operatingIncome": 188358000, "operatingIncomeRatio": 0.3679384601, "totalOtherIncomeExpensesNet": -9391000, "incomeBeforeTax": 173438000, "incomeBeforeTaxRatio": 0.3387937366, "incomeTaxExpense": 74339000, "netIncome": 70665000, "netIncomeRatio": 0.1380369896, "eps": 8.35, "epsdiluted": 8.05, "weightedAverageShsOut": 8444000, "weightedAverageShsOutDil": 8711200, "link": "https://www.sec.gov/Archives/edgar/data/23194/000095013407004595/0000950134-07-004595-index.htm", "finalLink": "https://www.sec.gov/Archives/edgar/data/23194/000095013407004595/d43050e10vk.htm", "calculatedOtherExpenses": 164366000, "calculatedOperatingExpenses": 196135000, "calculatedNetInterest": 30872000, "calculatedOtherIncome": -45792000, "calculatedIncomeNonControlling": 28434000, "calculatedEbitda": 343929000}, {"date": "2005-12-31", "symbol": "CRK", "reportedCurrency": "USD", "cik": "0000023194", "fillingDate": "2006-03-16", "acceptedDate": "2006-03-15 17:53:57", "calendarYear": "2005", "period": "FY", "revenue": 303336000, "costOfRevenue": 70691000, "grossProfit": 232645000, "grossProfitRatio": 0.766954796, "researchAndDevelopmentExpenses": 0, "generalAndAdministrativeExpenses": 9331000, "sellingAndMarketingExpenses": 7202000, "sellingGeneralAndAdministrativeExpenses": 16533000, "otherExpenses": 95535000, "operatingExpenses": 112068000, "costAndExpenses": 182759000, "interestIncome": 1604000, "interestExpense": -3775000, "depreciationAndAmortization": 63338000, "ebitda": 143068000, "ebitdaratio": 0.4716486009, "operatingIncome": 149374000, "operatingIncomeRatio": 0.4924374291, "totalOtherIncomeExpensesNet": -9015000, "incomeBeforeTax": 96294000, "incomeBeforeTaxRatio": 0.3174499565, "incomeTaxExpense": 35815000, "netIncome": 60479000, "netIncomeRatio": 0.1993795659, "eps": 7.7, "epsdiluted": 7.35, "weightedAverageShsOut": 7843200, "weightedAverageShsOutDil": 8230800, "link": "https://www.sec.gov/Archives/edgar/data/23194/000095013406005194/0000950134-06-005194-index.htm", "finalLink": "https://www.sec.gov/Archives/edgar/data/23194/000095013406005194/d33117e10vk.htm", "calculatedOtherExpenses": 66738000, "calculatedOperatingExpenses": 83271000, "calculatedNetInterest": 5379000, "calculatedOtherIncome": -58459000, "calculatedIncomeNonControlling": 0, "calculatedEbitda": 212712000}, {"date": "2004-12-31", "symbol": "CRK", "reportedCurrency": "USD", "cik": "0000023194", "fillingDate": "2005-03-18", "acceptedDate": "2005-03-18 16:15:25", "calendarYear": "2004", "period": "FY", "revenue": 261647000, "costOfRevenue": 67678000, "grossProfit": 193969000, "grossProfitRatio": 0.741338521, "researchAndDevelopmentExpenses": 0, "generalAndAdministrativeExpenses": 14569000, "sellingAndMarketingExpenses": 0, "sellingGeneralAndAdministrativeExpenses": 14569000, "otherExpenses": 63879000, "operatingExpenses": 78448000, "costAndExpenses": 146126000, "interestIncome": 1207000, "interestExpense": -21182000, "depreciationAndAmortization": 63879000, "ebitda": 224240000, "ebitdaratio": 0.8570325668, "operatingIncome": 93018000, "operatingIncomeRatio": 0.3555095224, "totalOtherIncomeExpensesNet": -44840000, "incomeBeforeTax": 73209000, "incomeBeforeTaxRatio": 0.2798006474, "incomeTaxExpense": 26342000, "netIncome": 46867000, "netIncomeRatio": 0.1791230169, "eps": 6.85, "epsdiluted": 6.45, "weightedAverageShsOut": 6837400, "weightedAverageShsOutDil": 7250400, "link": "https://www.sec.gov/Archives/edgar/data/23194/000095013405005460/0000950134-05-005460-index.htm", "finalLink": "https://www.sec.gov/Archives/edgar/data/23194/000095013405005460/d23400e10vk.htm", "calculatedOtherExpenses": 86382000, "calculatedOperatingExpenses": 100951000, "calculatedNetInterest": 22389000, "calculatedOtherIncome": -42198000, "calculatedIncomeNonControlling": 0, "calculatedEbitda": 156897000}, {"date": "2003-12-31", "symbol": "CRK", "reportedCurrency": "USD", "cik": "0000023194", "fillingDate": "2004-03-15", "acceptedDate": "2004-03-15 16:26:01", "calendarYear": "2003", "period": "FY", "revenue": 235102000, "costOfRevenue": 50156000, "grossProfit": 184946000, "grossProfitRatio": 0.7866628102, "researchAndDevelopmentExpenses": 0, "generalAndAdministrativeExpenses": 7006000, "sellingAndMarketingExpenses": 0, "sellingGeneralAndAdministrativeExpenses": 7006000, "otherExpenses": 61169000, "operatingExpenses": 68175000, "costAndExpenses": 118331000, "interestIncome": 73000, "interestExpense": -29860000, "depreciationAndAmortization": 61169000, "ebitda": 186233000, "ebitdaratio": 0.7921370299, "operatingIncome": 112513000, "operatingIncomeRatio": 0.4785710032, "totalOtherIncomeExpensesNet": -8293000, "incomeBeforeTax": 82949000, "incomeBeforeTaxRatio": 0.3528213286, "incomeTaxExpense": 29682000, "netIncome": 53942000, "netIncomeRatio": 0.2294408384, "eps": 8.35, "epsdiluted": 7.65, "weightedAverageShsOut": 6392800, "weightedAverageShsOutDil": 7055000, "link": "https://www.sec.gov/Archives/edgar/data/23194/000095013404003512/0000950134-04-003512-index.htm", "finalLink": "https://www.sec.gov/Archives/edgar/data/23194/000095013404003512/d13479e10vk.htm", "calculatedOtherExpenses": 65427000, "calculatedOperatingExpenses": 72433000, "calculatedNetInterest": 29933000, "calculatedOtherIncome": -59497000, "calculatedIncomeNonControlling": -675000, "calculatedEbitda": 173682000}, {"date": "2002-12-31", "symbol": "CRK", "reportedCurrency": "USD", "cik": "0000023194", "fillingDate": "2003-03-26", "acceptedDate": "2003-03-26 14:59:34", "calendarYear": "2002", "period": "FY", "revenue": 150174000, "costOfRevenue": 38978000, "grossProfit": 111196000, "grossProfitRatio": 0.7404477473, "researchAndDevelopmentExpenses": 0, "generalAndAdministrativeExpenses": 0, "sellingAndMarketingExpenses": 0, "sellingGeneralAndAdministrativeExpenses": 5113000, "otherExpenses": 54405000, "operatingExpenses": 59518000, "costAndExpenses": 98496000, "interestIncome": 62000, "interestExpense": 0, "depreciationAndAmortization": 54405000, "ebitda": 102708000, "ebitdaratio": 0.6839266451, "operatingIncome": 49352000, "operatingIncomeRatio": 0.3286321201, "totalOtherIncomeExpensesNet": 3375000, "incomeBeforeTax": 19350000, "incomeBeforeTaxRatio": 0.1288505334, "incomeTaxExpense": 6773000, "netIncome": 11505000, "netIncomeRatio": 0.0766111311, "eps": 1.7, "epsdiluted": 1.7, "weightedAverageShsOut": 5752800, "weightedAverageShsOutDil": 6780200, "link": "https://www.sec.gov/Archives/edgar/data/23194/000002319403000007/0000023194-03-000007-index.htm", "finalLink": "https://www.sec.gov/Archives/edgar/data/23194/000002319403000007/form_10k-2002.htm", "calculatedOtherExpenses": 56731000, "calculatedOperatingExpenses": 61844000, "calculatedNetInterest": 62000, "calculatedOtherIncome": -30064000, "calculatedIncomeNonControlling": 1072000, "calculatedEbitda": 103757000}, {"date": "2001-12-31", "symbol": "CRK", "reportedCurrency": "USD", "cik": "0000023194", "fillingDate": "2002-03-25", "acceptedDate": "2002-03-25 00:00:00", "calendarYear": "2001", "period": "FY", "revenue": 168400000, "costOfRevenue": 36632000, "grossProfit": 131768000, "grossProfitRatio": 0.7824703088, "researchAndDevelopmentExpenses": 0, "generalAndAdministrativeExpenses": 0, "sellingAndMarketingExpenses": 0, "sellingGeneralAndAdministrativeExpenses": 5751000, "otherExpenses": 49191000, "operatingExpenses": 54942000, "costAndExpenses": 91574000, "interestIncome": 0, "interestExpense": 0, "depreciationAndAmortization": 49191000, "ebitda": 126017000, "ebitdaratio": 0.7483194774, "operatingIncome": 76826000, "operatingIncomeRatio": 0.4562114014, "totalOtherIncomeExpensesNet": -20737000, "incomeBeforeTax": 56089000, "incomeBeforeTaxRatio": 0.3330700713, "incomeTaxExpense": 19631000, "netIncome": 36458000, "netIncomeRatio": 0.2164964371, "eps": 6, "epsdiluted": 5.3, "weightedAverageShsOut": 5806000, "weightedAverageShsOutDil": 6910400, "link": "https://www.sec.gov/Archives/edgar/data/23194/000002319402000007/0000023194-02-000007-index.htm", "finalLink": "https://www.sec.gov/Archives/edgar/data/23194/000002319402000007/form10k_2001.htm", "calculatedOtherExpenses": 49191000, "calculatedOperatingExpenses": 54942000, "calculatedNetInterest": 0, "calculatedOtherIncome": -20737000, "calculatedIncomeNonControlling": 0, "calculatedEbitda": 126017000}, {"date": "2000-12-31", "symbol": "CRK", "reportedCurrency": "USD", "cik": "0000023194", "fillingDate": "2001-03-09", "acceptedDate": "2001-03-09 00:00:00", "calendarYear": "2000", "period": "FY", "revenue": 169383000, "costOfRevenue": 32899000, "grossProfit": 136484000, "grossProfitRatio": 0.8057715355, "researchAndDevelopmentExpenses": 0, "generalAndAdministrativeExpenses": 0, "sellingAndMarketingExpenses": 0, "sellingGeneralAndAdministrativeExpenses": 3537000, "otherExpenses": 44958000, "operatingExpenses": 48495000, "costAndExpenses": 81394000, "interestIncome": 0, "interestExpense": 0, "depreciationAndAmortization": 44958000, "ebitda": 132628000, "ebitdaratio": 0.7830065591, "operatingIncome": 87989000, "operatingIncomeRatio": 0.5194677152, "totalOtherIncomeExpensesNet": 319000, "incomeBeforeTax": 63697000, "incomeBeforeTaxRatio": 0.3760530868, "incomeTaxExpense": 22294000, "netIncome": 41403000, "netIncomeRatio": 0.2444342112, "eps": 7.4, "epsdiluted": 6.05, "weightedAverageShsOut": 5258000, "weightedAverageShsOutDil": 6843800, "link": "https://www.sec.gov/Archives/edgar/data/23194/000002319401000004/0000023194-01-000004-index.htm", "finalLink": "https://www.sec.gov/Archives/edgar/data/23194/000002319401000004/0000023194-01-000004-0001.htm", "calculatedOtherExpenses": 44958000, "calculatedOperatingExpenses": 48495000, "calculatedNetInterest": 0, "calculatedOtherIncome": -24292000, "calculatedIncomeNonControlling": 0, "calculatedEbitda": 132947000}, {"date": "1999-12-31", "symbol": "CRK", "reportedCurrency": "USD", "cik": "0000023194", "fillingDate": "2000-02-28", "acceptedDate": "2000-02-28 00:00:00", "calendarYear": "1999", "period": "FY", "revenue": 90100000, "costOfRevenue": 25500000, "grossProfit": 64600000, "grossProfitRatio": 0.7169811321, "researchAndDevelopmentExpenses": 0, "generalAndAdministrativeExpenses": 0, "sellingAndMarketingExpenses": 0, "sellingGeneralAndAdministrativeExpenses": 2400000, "otherExpenses": 45200000, "operatingExpenses": 47600000, "costAndExpenses": 73100000, "interestIncome": 0, "interestExpense": 0, "depreciationAndAmortization": 45200000, "ebitda": 60200000, "ebitdaratio": 0.6681465039, "operatingIncome": 17000000, "operatingIncomeRatio": 0.1886792453, "totalOtherIncomeExpensesNet": 2000000, "incomeBeforeTax": -4300000, "incomeBeforeTaxRatio": -0.0477247503, "incomeTaxExpense": -1500000, "netIncome": -2800000, "netIncomeRatio": -0.0310765816, "eps": -0.57, "epsdiluted": -0.57, "weightedAverageShsOut": 4947368, "weightedAverageShsOutDil": 4947368, "link": "https://www.sec.gov/Archives/edgar/data/23194/000002319400000007/0000023194-00-000007-index.html", "finalLink": "https://www.sec.gov/Archives/edgar/data/23194/000002319400000007/", "calculatedOtherExpenses": 45200000, "calculatedOperatingExpenses": 47600000, "calculatedNetInterest": 0, "calculatedOtherIncome": -21300000, "calculatedIncomeNonControlling": 0, "calculatedEbitda": 62200000}, {"date": "1998-12-31", "symbol": "CRK", "reportedCurrency": "USD", "cik": "0000023194", "fillingDate": "1999-03-12", "acceptedDate": "1999-03-12 00:00:00", "calendarYear": "1998", "period": "FY", "revenue": 93000000, "costOfRevenue": 33000000, "grossProfit": 60000000, "grossProfitRatio": 0.6451612903, "researchAndDevelopmentExpenses": 0, "generalAndAdministrativeExpenses": 0, "sellingAndMarketingExpenses": 0, "sellingGeneralAndAdministrativeExpenses": 1600000, "otherExpenses": 51000000, "operatingExpenses": 52600000, "costAndExpenses": 85600000, "interestIncome": 0, "interestExpense": 0, "depreciationAndAmortization": 51000000, "ebitda": 92100000, "ebitdaratio": 0.9903225806, "operatingIncome": -9600000, "operatingIncomeRatio": -0.1032258065, "totalOtherIncomeExpensesNet": -33700000, "incomeBeforeTax": -26400000, "incomeBeforeTaxRatio": -0.2838709677, "incomeTaxExpense": -9200000, "netIncome": -17200000, "netIncomeRatio": -0.1849462366, "eps": -3.54, "epsdiluted": -3.54, "weightedAverageShsOut": 4855000, "weightedAverageShsOutDil": 4855000, "link": "https://www.sec.gov/Archives/edgar/data/23194/000002319499000003/0000023194-99-000003-index.html", "finalLink": "https://www.sec.gov/Archives/edgar/data/23194/", "calculatedOtherExpenses": 68000000, "calculatedOperatingExpenses": 69600000, "calculatedNetInterest": 0, "calculatedOtherIncome": -16800000, "calculatedIncomeNonControlling": 0, "calculatedEbitda": 41400000}, {"date": "1997-12-31", "symbol": "CRK", "reportedCurrency": "USD", "cik": "0000023194", "fillingDate": "1998-03-13", "acceptedDate": "1998-03-13 00:00:00", "calendarYear": "1997", "period": "FY", "revenue": 88600000, "costOfRevenue": 20700000, "grossProfit": 67900000, "grossProfitRatio": 0.7663656885, "researchAndDevelopmentExpenses": 0, "generalAndAdministrativeExpenses": 0, "sellingAndMarketingExpenses": 0, "sellingGeneralAndAdministrativeExpenses": 2700000, "otherExpenses": 26200000, "operatingExpenses": 28900000, "costAndExpenses": 49600000, "interestIncome": 0, "interestExpense": 0, "depreciationAndAmortization": 26200000, "ebitda": 64400000, "ebitdaratio": 0.7268623025, "operatingIncome": 39000000, "operatingIncomeRatio": 0.4401805869, "totalOtherIncomeExpensesNet": 800000, "incomeBeforeTax": 33800000, "incomeBeforeTaxRatio": 0.381489842, "incomeTaxExpense": 11600000, "netIncome": 22200000, "netIncomeRatio": 0.2505643341, "eps": 4.5, "epsdiluted": 4.25, "weightedAverageShsOut": 4837200, "weightedAverageShsOutDil": 5201600, "link": "https://www.sec.gov/Archives/edgar/data/23194/000002319498000002/0000023194-98-000002-index.html", "finalLink": "https://www.sec.gov/Archives/edgar/data/23194/", "calculatedOtherExpenses": 26200000, "calculatedOperatingExpenses": 28900000, "calculatedNetInterest": 0, "calculatedOtherIncome": -5200000, "calculatedIncomeNonControlling": 0, "calculatedEbitda": 65200000}, {"date": "1996-12-31", "symbol": "CRK", "reportedCurrency": "USD", "cik": "0000023194", "fillingDate": "1997-03-11", "acceptedDate": "1997-03-11 00:00:00", "calendarYear": "1996", "period": "FY", "revenue": 68900000, "costOfRevenue": 14000000, "grossProfit": 54900000, "grossProfitRatio": 0.7968069666, "researchAndDevelopmentExpenses": 0, "generalAndAdministrativeExpenses": 0, "sellingAndMarketingExpenses": 0, "sellingGeneralAndAdministrativeExpenses": 2200000, "otherExpenses": 18600000, "operatingExpenses": 20800000, "costAndExpenses": 34800000, "interestIncome": 0, "interestExpense": 0, "depreciationAndAmortization": 18600000, "ebitda": 49100000, "ebitdaratio": 0.7126269956, "operatingIncome": 35600000, "operatingIncomeRatio": 0.5166908563, "totalOtherIncomeExpensesNet": 3600000, "incomeBeforeTax": 39200000, "incomeBeforeTaxRatio": 0.5689404935, "incomeTaxExpense": 6100000, "netIncome": 28000000, "netIncomeRatio": 0.4063860668, "eps": 7.9, "epsdiluted": 6.55, "weightedAverageShsOut": 3274000, "weightedAverageShsOutDil": 4281600, "link": "https://www.sec.gov/Archives/edgar/data/23194/000002319497000007/0000023194-97-000007-index.html", "finalLink": "https://www.sec.gov/Archives/edgar/data/23194/", "calculatedOtherExpenses": 17100000, "calculatedOperatingExpenses": 19300000, "calculatedNetInterest": 0, "calculatedOtherIncome": 3600000, "calculatedIncomeNonControlling": 5100000, "calculatedEbitda": 54200000}, {"date": "1995-12-31", "symbol": "CRK", "reportedCurrency": "USD", "cik": "0000023194", "fillingDate": "1996-03-18", "acceptedDate": "1996-03-18 00:00:00", "calendarYear": "1995", "period": "FY", "revenue": 75400000, "costOfRevenue": 56200000, "grossProfit": 19200000, "grossProfitRatio": 0.2546419098, "researchAndDevelopmentExpenses": 0, "generalAndAdministrativeExpenses": 0, "sellingAndMarketingExpenses": 0, "sellingGeneralAndAdministrativeExpenses": 2000000, "otherExpenses": 9000000, "operatingExpenses": 11000000, "costAndExpenses": 67200000, "interestIncome": 0, "interestExpense": 0, "depreciationAndAmortization": 9000000, "ebitda": 75300000, "ebitdaratio": 0.9986737401, "operatingIncome": -21000000, "operatingIncomeRatio": -0.2785145889, "totalOtherIncomeExpensesNet": -58100000, "incomeBeforeTax": -79100000, "incomeBeforeTaxRatio": -1.049071618, "incomeTaxExpense": 34400000, "netIncome": -26200000, "netIncomeRatio": -0.3474801061, "eps": -10.44, "epsdiluted": -10.44, "weightedAverageShsOut": 2509150, "weightedAverageShsOutDil": 2509150, "link": "https://www.sec.gov/Archives/edgar/data/23194/000002319496000012/0000023194-96-000012-index.html", "finalLink": "https://www.sec.gov/Archives/edgar/data/23194/", "calculatedOtherExpenses": 38200000, "calculatedOperatingExpenses": 40200000, "calculatedNetInterest": 0, "calculatedOtherIncome": -58100000, "calculatedIncomeNonControlling": -87300000, "calculatedEbitda": -12000000}, {"date": "1994-12-31", "symbol": "CRK", "reportedCurrency": "USD", "cik": "0000023194", "fillingDate": "1994-12-31", "acceptedDate": "1994-12-30 19:00:00", "calendarYear": "1994", "period": "FY", "revenue": 32300000, "costOfRevenue": 21000000, "grossProfit": 11300000, "grossProfitRatio": 0.3498452012, "researchAndDevelopmentExpenses": 0, "generalAndAdministrativeExpenses": 0, "sellingAndMarketingExpenses": 0, "sellingGeneralAndAdministrativeExpenses": 1800000, "otherExpenses": 7000000, "operatingExpenses": 8800000, "costAndExpenses": 29800000, "interestIncome": 0, "interestExpense": 0, "depreciationAndAmortization": 7000000, "ebitda": 9100000, "ebitdaratio": 0.2817337461, "operatingIncome": 2500000, "operatingIncomeRatio": 0.0773993808, "totalOtherIncomeExpensesNet": 400000, "incomeBeforeTax": 2900000, "incomeBeforeTaxRatio": 0.0897832817, "incomeTaxExpense": 3200000, "netIncome": -700000, "netIncomeRatio": -0.0216718266, "eps": -0.28, "epsdiluted": -0.28, "weightedAverageShsOut": 2500000, "weightedAverageShsOutDil": 2500000, "link": "", "finalLink": "", "calculatedOtherExpenses": 7000000, "calculatedOperatingExpenses": 8800000, "calculatedNetInterest": 0, "calculatedOtherIncome": 400000, "calculatedIncomeNonControlling": 400000, "calculatedEbitda": 9500000}, {"date": "1993-12-31", "symbol": "CRK", "reportedCurrency": "USD", "cik": "0000023194", "fillingDate": "1993-12-31", "acceptedDate": "1993-12-30 19:00:00", "calendarYear": "1993", "period": "FY", "revenue": 22000000, "costOfRevenue": 8400000, "grossProfit": 13600000, "grossProfitRatio": 0.6181818182, "researchAndDevelopmentExpenses": 0, "generalAndAdministrativeExpenses": 0, "sellingAndMarketingExpenses": 0, "sellingGeneralAndAdministrativeExpenses": 1800000, "otherExpenses": 7100000, "operatingExpenses": 8900000, "costAndExpenses": 17300000, "interestIncome": 0, "interestExpense": 0, "depreciationAndAmortization": 7100000, "ebitda": 11400000, "ebitdaratio": 0.5181818182, "operatingIncome": 4700000, "operatingIncomeRatio": 0.2136363636, "totalOtherIncomeExpensesNet": 400000, "incomeBeforeTax": 5100000, "incomeBeforeTaxRatio": 0.2318181818, "incomeTaxExpense": 2200000, "netIncome": 2500000, "netIncomeRatio": 0.1136363636, "eps": 1.1, "epsdiluted": 1.05, "weightedAverageShsOut": 2272727, "weightedAverageShsOutDil": 2380952, "link": "", "finalLink": "", "calculatedOtherExpenses": 7100000, "calculatedOperatingExpenses": 8900000, "calculatedNetInterest": 0, "calculatedOtherIncome": 400000, "calculatedIncomeNonControlling": 400000, "calculatedEbitda": 11800000}, {"date": "1992-12-31", "symbol": "CRK", "reportedCurrency": "USD", "cik": "0000023194", "fillingDate": "1992-12-31", "acceptedDate": "1992-12-30 19:00:00", "calendarYear": "1992", "period": "FY", "revenue": 6500000, "costOfRevenue": 2800000, "grossProfit": 3700000, "grossProfitRatio": 0.5692307692, "researchAndDevelopmentExpenses": 0, "generalAndAdministrativeExpenses": 0, "sellingAndMarketingExpenses": 0, "sellingGeneralAndAdministrativeExpenses": 1500000, "otherExpenses": 2400000, "operatingExpenses": 3900000, "costAndExpenses": 6700000, "interestIncome": 0, "interestExpense": 0, "depreciationAndAmortization": 2400000, "ebitda": 2000000, "ebitdaratio": 0.3076923077, "operatingIncome": -200000, "operatingIncomeRatio": -0.0307692308, "totalOtherIncomeExpensesNet": 200000, "incomeBeforeTax": 0, "incomeBeforeTaxRatio": 0, "incomeTaxExpense": 400000, "netIncome": -600000, "netIncomeRatio": -0.0923076923, "eps": -0.39, "epsdiluted": -0.39, "weightedAverageShsOut": 1555556, "weightedAverageShsOutDil": 1555556, "link": "", "finalLink": "", "calculatedOtherExpenses": 2400000, "calculatedOperatingExpenses": 3900000, "calculatedNetInterest": 0, "calculatedOtherIncome": 200000, "calculatedIncomeNonControlling": 200000, "calculatedEbitda": 2200000}, {"date": "1991-12-31", "symbol": "CRK", "reportedCurrency": "USD", "cik": "0000023194", "fillingDate": "1991-12-31", "acceptedDate": "1991-12-30 19:00:00", "calendarYear": "1991", "period": "FY", "revenue": 3100000, "costOfRevenue": 1700000, "grossProfit": 1400000, "grossProfitRatio": 0.4516129032, "researchAndDevelopmentExpenses": 0, "generalAndAdministrativeExpenses": 0, "sellingAndMarketingExpenses": 0, "sellingGeneralAndAdministrativeExpenses": 2100000, "otherExpenses": 1800000, "operatingExpenses": 3900000, "costAndExpenses": 5600000, "interestIncome": 0, "interestExpense": 0, "depreciationAndAmortization": 1800000, "ebitda": -1800000, "ebitdaratio": -0.5806451613, "operatingIncome": -2500000, "operatingIncomeRatio": -0.8064516129, "totalOtherIncomeExpensesNet": -700000, "incomeBeforeTax": -3200000, "incomeBeforeTaxRatio": -1.0322580645, "incomeTaxExpense": -700000, "netIncome": -3600000, "netIncomeRatio": -1.1612903226, "eps": -2.55, "epsdiluted": -2.55, "weightedAverageShsOut": 1411765, "weightedAverageShsOutDil": 1411765, "link": "", "finalLink": "", "calculatedOtherExpenses": 1800000, "calculatedOperatingExpenses": 3900000, "calculatedNetInterest": 0, "calculatedOtherIncome": -700000, "calculatedIncomeNonControlling": 1100000, "calculatedEbitda": -700000}, {"date": "1990-12-31", "symbol": "CRK", "reportedCurrency": "USD", "cik": "0000023194", "fillingDate": "1990-12-31", "acceptedDate": "1990-12-30 19:00:00", "calendarYear": "1990", "period": "FY", "revenue": 3900000, "costOfRevenue": 1500000, "grossProfit": 2400000, "grossProfitRatio": 0.6153846154, "researchAndDevelopmentExpenses": 0, "generalAndAdministrativeExpenses": 0, "sellingAndMarketingExpenses": 0, "sellingGeneralAndAdministrativeExpenses": 1400000, "otherExpenses": 1000000, "operatingExpenses": 2400000, "costAndExpenses": 3900000, "interestIncome": 0, "interestExpense": 0, "depreciationAndAmortization": 1000000, "ebitda": 100000, "ebitdaratio": 0.0256410256, "operatingIncome": -900000, "operatingIncomeRatio": -0.2307692308, "totalOtherIncomeExpensesNet": 900000, "incomeBeforeTax": 0, "incomeBeforeTaxRatio": 0, "incomeTaxExpense": -100000, "netIncome": 100000, "netIncomeRatio": 0.0256410256, "eps": 0.1, "epsdiluted": 0.1, "weightedAverageShsOut": 1000000, "weightedAverageShsOutDil": 1000000, "link": "", "finalLink": "", "calculatedOtherExpenses": 1900000, "calculatedOperatingExpenses": 3300000, "calculatedNetInterest": 0, "calculatedOtherIncome": 900000, "calculatedIncomeNonControlling": 0, "calculatedEbitda": 100000}, {"date": "1989-12-31", "symbol": "CRK", "reportedCurrency": "USD", "cik": "0000023194", "fillingDate": "1989-12-31", "acceptedDate": "1989-12-30 19:00:00", "calendarYear": "1989", "period": "FY", "revenue": 7600000, "costOfRevenue": 1400000, "grossProfit": 6200000, "grossProfitRatio": 0.8157894737, "researchAndDevelopmentExpenses": 0, "generalAndAdministrativeExpenses": 0, "sellingAndMarketingExpenses": 0, "sellingGeneralAndAdministrativeExpenses": 1500000, "otherExpenses": 1700000, "operatingExpenses": 3200000, "costAndExpenses": 4600000, "interestIncome": 0, "interestExpense": 0, "depreciationAndAmortization": 1700000, "ebitda": 4200000, "ebitdaratio": 0.5526315789, "operatingIncome": 3000000, "operatingIncomeRatio": 0.3947368421, "totalOtherIncomeExpensesNet": 500000, "incomeBeforeTax": 3500000, "incomeBeforeTaxRatio": 0.4605263158, "incomeTaxExpense": 1900000, "netIncome": 1100000, "netIncomeRatio": 0.1447368421, "eps": 9.4, "epsdiluted": 9.4, "weightedAverageShsOut": 526200, "weightedAverageShsOutDil": 526200, "link": "", "finalLink": "", "calculatedOtherExpenses": 1700000, "calculatedOperatingExpenses": 3200000, "calculatedNetInterest": 0, "calculatedOtherIncome": 500000, "calculatedIncomeNonControlling": 500000, "calculatedEbitda": 4700000}, {"date": "1988-12-31", "symbol": "CRK", "reportedCurrency": "USD", "cik": "0000023194", "fillingDate": "1988-12-31", "acceptedDate": "1988-12-30 19:00:00", "calendarYear": "1988", "period": "FY", "revenue": 4900000, "costOfRevenue": 1000000, "grossProfit": 3900000, "grossProfitRatio": 0.7959183673, "researchAndDevelopmentExpenses": 0, "generalAndAdministrativeExpenses": 0, "sellingAndMarketingExpenses": 0, "sellingGeneralAndAdministrativeExpenses": 1200000, "otherExpenses": 1000000, "operatingExpenses": 2200000, "costAndExpenses": 3200000, "interestIncome": 0, "interestExpense": 0, "depreciationAndAmortization": 1000000, "ebitda": 2700000, "ebitdaratio": 0.5510204082, "operatingIncome": 1700000, "operatingIncomeRatio": 0.3469387755, "totalOtherIncomeExpensesNet": 0, "incomeBeforeTax": 0, "incomeBeforeTaxRatio": 0, "incomeTaxExpense": 1500000, "netIncome": 200000, "netIncomeRatio": 0.0408163265, "eps": 1.6, "epsdiluted": 1.6, "weightedAverageShsOut": 246600, "weightedAverageShsOutDil": 246600, "link": "", "finalLink": "", "calculatedOtherExpenses": 1000000, "calculatedOperatingExpenses": 2200000, "calculatedNetInterest": 0, "calculatedOtherIncome": -1700000, "calculatedIncomeNonControlling": -1700000, "calculatedEbitda": 2700000}, {"date": "1987-12-31", "symbol": "CRK", "reportedCurrency": "USD", "cik": "0000023194", "fillingDate": "1987-12-31", "acceptedDate": "1987-12-30 19:00:00", "calendarYear": "1987", "period": "FY", "revenue": 400000, "costOfRevenue": 100000, "grossProfit": 300000, "grossProfitRatio": 0.75, "researchAndDevelopmentExpenses": 0, "generalAndAdministrativeExpenses": 0, "sellingAndMarketingExpenses": 0, "sellingGeneralAndAdministrativeExpenses": 500000, "otherExpenses": 0, "operatingExpenses": 500000, "costAndExpenses": 600000, "interestIncome": 0, "interestExpense": 0, "depreciationAndAmortization": 0, "ebitda": -200000, "ebitdaratio": -0.5, "operatingIncome": -200000, "operatingIncomeRatio": -0.5, "totalOtherIncomeExpensesNet": 0, "incomeBeforeTax": 0, "incomeBeforeTaxRatio": 0, "incomeTaxExpense": 500000, "netIncome": -500000, "netIncomeRatio": -1.25, "eps": -1.47, "epsdiluted": -1.47, "weightedAverageShsOut": 339200, "weightedAverageShsOutDil": 339200, "link": "", "finalLink": "", "calculatedOtherExpenses": 0, "calculatedOperatingExpenses": 500000, "calculatedNetInterest": 0, "calculatedOtherIncome": 200000, "calculatedIncomeNonControlling": 0, "calculatedEbitda": -200000}, {"date": "1986-12-31", "symbol": "CRK", "reportedCurrency": "USD", "cik": "0000023194", "fillingDate": "1986-12-31", "acceptedDate": "1986-12-30 19:00:00", "calendarYear": "1986", "period": "FY", "revenue": 400000, "costOfRevenue": 0, "grossProfit": 400000, "grossProfitRatio": 1, "researchAndDevelopmentExpenses": 0, "generalAndAdministrativeExpenses": 0, "sellingAndMarketingExpenses": 0, "sellingGeneralAndAdministrativeExpenses": 400000, "otherExpenses": 0, "operatingExpenses": 400000, "costAndExpenses": 400000, "interestIncome": 0, "interestExpense": 0, "depreciationAndAmortization": 0, "ebitda": -200000, "ebitdaratio": -0.5, "operatingIncome": -200000, "operatingIncomeRatio": -0.5, "totalOtherIncomeExpensesNet": 0, "incomeBeforeTax": 0, "incomeBeforeTaxRatio": 0, "incomeTaxExpense": 200000, "netIncome": -200000, "netIncomeRatio": -0.5, "eps": -0.59, "epsdiluted": -0.59, "weightedAverageShsOut": 339200, "weightedAverageShsOutDil": 339200, "link": "", "finalLink": "", "calculatedOtherExpenses": 200000, "calculatedOperatingExpenses": 600000, "calculatedNetInterest": 0, "calculatedOtherIncome": 200000, "calculatedIncomeNonControlling": 0, "calculatedEbitda": -200000}]}