{"originalCurrency": "USD", "convertedCurrency": "USD", "report": [{"date": "2023-12-30", "symbol": "CRL", "reportedCurrency": "USD", "cik": "0001100682", "fillingDate": "2024-02-14", "acceptedDate": "2024-02-14 09:19:45", "calendarYear": "2023", "period": "FY", "revenue": 4129409000, "costOfRevenue": 2626853000, "grossProfit": 1502556000, "grossProfitRatio": 0.3638670812, "researchAndDevelopmentExpenses": 0, "generalAndAdministrativeExpenses": 0, "sellingAndMarketingExpenses": 0, "sellingGeneralAndAdministrativeExpenses": 747855000, "otherExpenses": 95537000, "operatingExpenses": 885295000, "costAndExpenses": 3512148000, "interestIncome": 5196000, "interestExpense": 136710000, "depreciationAndAmortization": 314124000, "ebitda": 1032118000, "ebitdaratio": 0.2499432728, "operatingIncome": 617261000, "operatingIncomeRatio": 0.1494792596, "totalOtherIncomeExpensesNet": 95537000, "incomeBeforeTax": 581284000, "incomeBeforeTaxRatio": 0.1407668749, "incomeTaxExpense": 100914000, "netIncome": 474624000, "netIncomeRatio": 0.1149375128, "eps": 9.27, "epsdiluted": 9.22, "weightedAverageShsOut": 51227000, "weightedAverageShsOutDil": 51451000, "link": "https://www.sec.gov/Archives/edgar/data/1100682/000110068224000007/0001100682-24-000007-index.htm", "finalLink": "https://www.sec.gov/Archives/edgar/data/1100682/000110068224000007/crl-20231230.htm", "calculatedOtherExpenses": 137440000, "calculatedOperatingExpenses": 885295000, "calculatedNetInterest": -131514000, "calculatedOtherIncome": 95537000, "calculatedIncomeNonControlling": 5746000, "calculatedEbitda": 931385000}, {"date": "2022-12-31", "symbol": "CRL", "reportedCurrency": "USD", "cik": "0001100682", "fillingDate": "2023-02-22", "acceptedDate": "2023-02-22 09:17:29", "calendarYear": "2022", "period": "FY", "revenue": 3976060000, "costOfRevenue": 2513409000, "grossProfit": 1462651000, "grossProfitRatio": 0.3678644185, "researchAndDevelopmentExpenses": 0, "generalAndAdministrativeExpenses": 0, "sellingAndMarketingExpenses": 0, "sellingGeneralAndAdministrativeExpenses": 665098000, "otherExpenses": 146578000, "operatingExpenses": 811676000, "costAndExpenses": 3325085000, "interestIncome": 780000, "interestExpense": 59291000, "depreciationAndAmortization": 335173000, "ebitda": 986148000, "ebitdaratio": 0.2480214081, "operatingIncome": 650975000, "operatingIncomeRatio": 0.163723636, "totalOtherIncomeExpensesNet": -27988000, "incomeBeforeTax": 622987000, "incomeBeforeTaxRatio": 0.1566845068, "incomeTaxExpense": 130379000, "netIncome": 486226000, "netIncomeRatio": 0.1222883961, "eps": 9.57, "epsdiluted": 9.48, "weightedAverageShsOut": 50812000, "weightedAverageShsOutDil": 51301000, "link": "https://www.sec.gov/Archives/edgar/data/1100682/000110068223000006/0001100682-23-000006-index.htm", "finalLink": "https://www.sec.gov/Archives/edgar/data/1100682/000110068223000006/crl-20221231.htm", "calculatedOtherExpenses": 146578000, "calculatedOperatingExpenses": 811676000, "calculatedNetInterest": -58511000, "calculatedOtherIncome": 30523000, "calculatedIncomeNonControlling": 6382000, "calculatedEbitda": 986148000}, {"date": "2021-12-25", "symbol": "CRL", "reportedCurrency": "USD", "cik": "0001100682", "fillingDate": "2022-02-16", "acceptedDate": "2022-02-16 16:14:01", "calendarYear": "2021", "period": "FY", "revenue": 3540160000, "costOfRevenue": 2205522000, "grossProfit": 1334638000, "grossProfitRatio": 0.3769993447, "researchAndDevelopmentExpenses": 0, "generalAndAdministrativeExpenses": 0, "sellingAndMarketingExpenses": 0, "sellingGeneralAndAdministrativeExpenses": 619919000, "otherExpenses": 124857000, "operatingExpenses": 744776000, "costAndExpenses": 2950298000, "interestIncome": 652000, "interestExpense": 73910000, "depreciationAndAmortization": 230298000, "ebitda": 820160000, "ebitdaratio": 0.2316731447, "operatingIncome": 589862000, "operatingIncomeRatio": 0.1666201528, "totalOtherIncomeExpensesNet": -109152000, "incomeBeforeTax": 480710000, "incomeBeforeTaxRatio": 0.135787648, "incomeTaxExpense": 81873000, "netIncome": 390982000, "netIncomeRatio": 0.1104419009, "eps": 7.77, "epsdiluted": 7.6, "weightedAverageShsOut": 50293000, "weightedAverageShsOutDil": 51425000, "link": "https://www.sec.gov/Archives/edgar/data/1100682/000110068222000007/0001100682-22-000007-index.htm", "finalLink": "https://www.sec.gov/Archives/edgar/data/1100682/000110068222000007/crl-20211225.htm", "calculatedOtherExpenses": 124857000, "calculatedOperatingExpenses": 744776000, "calculatedNetInterest": -73258000, "calculatedOtherIncome": -35894000, "calculatedIncomeNonControlling": 7855000, "calculatedEbitda": 820160000}, {"date": "2020-12-26", "symbol": "CRL", "reportedCurrency": "USD", "cik": "0001100682", "fillingDate": "2021-02-17", "acceptedDate": "2021-02-17 16:28:20", "calendarYear": "2020", "period": "FY", "revenue": 2923933000, "costOfRevenue": 1850392000, "grossProfit": 1073541000, "grossProfitRatio": 0.3671564978, "researchAndDevelopmentExpenses": 0, "generalAndAdministrativeExpenses": 0, "sellingAndMarketingExpenses": 0, "sellingGeneralAndAdministrativeExpenses": 528935000, "otherExpenses": 111877000, "operatingExpenses": 640812000, "costAndExpenses": 2491204000, "interestIncome": 834000, "interestExpense": 86433000, "depreciationAndAmortization": 335742000, "ebitda": 768471000, "ebitdaratio": 0.2628210017, "operatingIncome": 432729000, "operatingIncomeRatio": 0.1479955252, "totalOtherIncomeExpensesNet": 14385000, "incomeBeforeTax": 447114000, "incomeBeforeTaxRatio": 0.1529152686, "incomeTaxExpense": 81808000, "netIncome": 364304000, "netIncomeRatio": 0.1245938262, "eps": 7.35, "epsdiluted": 7.2, "weightedAverageShsOut": 49550000, "weightedAverageShsOutDil": 50611000, "link": "https://www.sec.gov/Archives/edgar/data/1100682/000110068221000005/0001100682-21-000005-index.htm", "finalLink": "https://www.sec.gov/Archives/edgar/data/1100682/000110068221000005/crl-20201226.htm", "calculatedOtherExpenses": 111877000, "calculatedOperatingExpenses": 640812000, "calculatedNetInterest": -85599000, "calculatedOtherIncome": 99984000, "calculatedIncomeNonControlling": 1002000, "calculatedEbitda": 768471000}, {"date": "2019-12-28", "symbol": "CRL", "reportedCurrency": "USD", "cik": "0001100682", "fillingDate": "2020-02-11", "acceptedDate": "2020-02-11 17:22:27", "calendarYear": "2019", "period": "FY", "revenue": 2621226000, "costOfRevenue": 1662915000, "grossProfit": 958311000, "grossProfitRatio": 0.3655964804, "researchAndDevelopmentExpenses": 0, "generalAndAdministrativeExpenses": 0, "sellingAndMarketingExpenses": 0, "sellingGeneralAndAdministrativeExpenses": 517622000, "otherExpenses": 89538000, "operatingExpenses": 607160000, "costAndExpenses": 2270075000, "interestIncome": 1522000, "interestExpense": 60882000, "depreciationAndAmortization": 211910000, "ebitda": 563061000, "ebitdaratio": 0.2148082615, "operatingIncome": 351151000, "operatingIncomeRatio": 0.1339644121, "totalOtherIncomeExpensesNet": -47067000, "incomeBeforeTax": 304084000, "incomeBeforeTaxRatio": 0.1160083106, "incomeTaxExpense": 50023000, "netIncome": 252019000, "netIncomeRatio": 0.0961454678, "eps": 5.17, "epsdiluted": 5.07, "weightedAverageShsOut": 48730000, "weightedAverageShsOutDil": 49693000, "link": "https://www.sec.gov/Archives/edgar/data/1100682/000110068220000005/0001100682-20-000005-index.htm", "finalLink": "https://www.sec.gov/Archives/edgar/data/1100682/000110068220000005/crl1228201910-k.htm", "calculatedOtherExpenses": 89538000, "calculatedOperatingExpenses": 607160000, "calculatedNetInterest": -59360000, "calculatedOtherIncome": 12293000, "calculatedIncomeNonControlling": 2042000, "calculatedEbitda": 563061000}, {"date": "2018-12-29", "symbol": "CRL", "reportedCurrency": "USD", "cik": "0001100682", "fillingDate": "2019-02-13", "acceptedDate": "2019-02-13 16:29:24", "calendarYear": "2018", "period": "FY", "revenue": 2266096000, "costOfRevenue": 1426029000, "grossProfit": 840067000, "grossProfitRatio": 0.3707111261, "researchAndDevelopmentExpenses": 0, "generalAndAdministrativeExpenses": 0, "sellingAndMarketingExpenses": 0, "sellingGeneralAndAdministrativeExpenses": 443854000, "otherExpenses": 13258000, "operatingExpenses": 508684000, "costAndExpenses": 1934713000, "interestIncome": 812000, "interestExpense": 63772000, "depreciationAndAmortization": 64830000, "ebitda": 410283000, "ebitdaratio": 0.1810527886, "operatingIncome": 331383000, "operatingIncomeRatio": 0.1462351992, "totalOtherIncomeExpensesNet": 13258000, "incomeBeforeTax": 281681000, "incomeBeforeTaxRatio": 0.1243023243, "incomeTaxExpense": 54463000, "netIncome": 226373000, "netIncomeRatio": 0.0998955914, "eps": 4.72, "epsdiluted": 4.62, "weightedAverageShsOut": 47947000, "weightedAverageShsOutDil": 49018000, "link": "https://www.sec.gov/Archives/edgar/data/1100682/000110068219000004/0001100682-19-000004-index.htm", "finalLink": "https://www.sec.gov/Archives/edgar/data/1100682/000110068219000004/crl1229201810-k.htm", "calculatedOtherExpenses": 64830000, "calculatedOperatingExpenses": 508684000, "calculatedNetInterest": -62960000, "calculatedOtherIncome": 13258000, "calculatedIncomeNonControlling": 845000, "calculatedEbitda": 396213000}, {"date": "2017-12-30", "symbol": "CRL", "reportedCurrency": "USD", "cik": "0001100682", "fillingDate": "2018-02-13", "acceptedDate": "2018-02-13 16:13:46", "calendarYear": "2017", "period": "FY", "revenue": 1857601000, "costOfRevenue": 1155287000, "grossProfit": 702314000, "grossProfitRatio": 0.3780758085, "researchAndDevelopmentExpenses": 0, "generalAndAdministrativeExpenses": 0, "sellingAndMarketingExpenses": 0, "sellingGeneralAndAdministrativeExpenses": 373446000, "otherExpenses": 38544000, "operatingExpenses": 414816000, "costAndExpenses": 1570103000, "interestIncome": 690000, "interestExpense": 29777000, "depreciationAndAmortization": 41370000, "ebitda": 368102000, "ebitdaratio": 0.1981598847, "operatingIncome": 287498000, "operatingIncomeRatio": 0.1547684352, "totalOtherIncomeExpensesNet": 38544000, "incomeBeforeTax": 296955000, "incomeBeforeTaxRatio": 0.1598594101, "incomeTaxExpense": 171369000, "netIncome": 123355000, "netIncomeRatio": 0.0664055413, "eps": 2.6, "epsdiluted": 2.54, "weightedAverageShsOut": 47481000, "weightedAverageShsOutDil": 48564000, "link": "https://www.sec.gov/Archives/edgar/data/1100682/000110068218000005/0001100682-18-000005-index.htm", "finalLink": "https://www.sec.gov/Archives/edgar/data/1100682/000110068218000005/crl1230201710-k.htm", "calculatedOtherExpenses": 41370000, "calculatedOperatingExpenses": 414816000, "calculatedNetInterest": -29087000, "calculatedOtherIncome": 38544000, "calculatedIncomeNonControlling": 2231000, "calculatedEbitda": 328868000}, {"date": "2016-12-31", "symbol": "CRL", "reportedCurrency": "USD", "cik": "0001100682", "fillingDate": "2017-02-14", "acceptedDate": "2017-02-14 14:29:24", "calendarYear": "2016", "period": "FY", "revenue": 1681432000, "costOfRevenue": 1034766000, "grossProfit": 646666000, "grossProfitRatio": 0.3845924188, "researchAndDevelopmentExpenses": 0, "generalAndAdministrativeExpenses": 0, "sellingAndMarketingExpenses": 0, "sellingGeneralAndAdministrativeExpenses": 367548000, "otherExpenses": 11897000, "operatingExpenses": 409247000, "costAndExpenses": 1444013000, "interestIncome": 1314000, "interestExpense": 27709000, "depreciationAndAmortization": 41699000, "ebitda": 292329000, "ebitdaratio": 0.1738571646, "operatingIncome": 237419000, "operatingIncomeRatio": 0.1412004767, "totalOtherIncomeExpensesNet": 11897000, "incomeBeforeTax": 222921000, "incomeBeforeTaxRatio": 0.1325780644, "incomeTaxExpense": 66835000, "netIncome": 154765000, "netIncomeRatio": 0.0920435676, "eps": 3.29, "epsdiluted": 3.23, "weightedAverageShsOut": 47014000, "weightedAverageShsOutDil": 47958000, "link": "https://www.sec.gov/Archives/edgar/data/1100682/000110068217000003/0001100682-17-000003-index.htm", "finalLink": "https://www.sec.gov/Archives/edgar/data/1100682/000110068217000003/crl1231201610-k.htm", "calculatedOtherExpenses": 41699000, "calculatedOperatingExpenses": 409247000, "calculatedNetInterest": -26395000, "calculatedOtherIncome": 11897000, "calculatedIncomeNonControlling": 1321000, "calculatedEbitda": 279118000}, {"date": "2015-12-26", "symbol": "CRL", "reportedCurrency": "USD", "cik": "0001100682", "fillingDate": "2016-02-12", "acceptedDate": "2016-02-12 16:39:04", "calendarYear": "2015", "period": "FY", "revenue": 1363302000, "costOfRevenue": 832210000, "grossProfit": 531092000, "grossProfitRatio": 0.3895629875, "researchAndDevelopmentExpenses": 0, "generalAndAdministrativeExpenses": 0, "sellingAndMarketingExpenses": 0, "sellingGeneralAndAdministrativeExpenses": 300414000, "otherExpenses": 3008000, "operatingExpenses": 324643000, "costAndExpenses": 1156853000, "interestIncome": 1043000, "interestExpense": 15072000, "depreciationAndAmortization": 24229000, "ebitda": 230678000, "ebitdaratio": 0.1692053558, "operatingIncome": 206449000, "operatingIncomeRatio": 0.1514330647, "totalOtherIncomeExpensesNet": 3008000, "incomeBeforeTax": 195428000, "incomeBeforeTaxRatio": 0.1433490158, "incomeTaxExpense": 43391000, "netIncome": 149313000, "netIncomeRatio": 0.1095230551, "eps": 3.21, "epsdiluted": 3.13, "weightedAverageShsOut": 46496000, "weightedAverageShsOutDil": 47634000, "link": "https://www.sec.gov/Archives/edgar/data/1100682/000110068216000006/0001100682-16-000006-index.htm", "finalLink": "https://www.sec.gov/Archives/edgar/data/1100682/000110068216000006/crl1226201510k.htm", "calculatedOtherExpenses": 24229000, "calculatedOperatingExpenses": 324643000, "calculatedNetInterest": -14029000, "calculatedOtherIncome": 3008000, "calculatedIncomeNonControlling": 2724000, "calculatedEbitda": 230678000}, {"date": "2014-12-27", "symbol": "CRL", "reportedCurrency": "USD", "cik": "0001100682", "fillingDate": "2015-02-17", "acceptedDate": "2015-02-17 15:31:14", "calendarYear": "2014", "period": "FY", "revenue": 1297662000, "costOfRevenue": 825002000, "grossProfit": 472660000, "grossProfitRatio": 0.3642396865, "researchAndDevelopmentExpenses": 0, "generalAndAdministrativeExpenses": 0, "sellingAndMarketingExpenses": 0, "sellingGeneralAndAdministrativeExpenses": 269033000, "otherExpenses": 10721000, "operatingExpenses": 294990000, "costAndExpenses": 1119992000, "interestIncome": 1154000, "interestExpense": 11950000, "depreciationAndAmortization": 25957000, "ebitda": 203627000, "ebitdaratio": 0.1569183655, "operatingIncome": 177670000, "operatingIncomeRatio": 0.136915468, "totalOtherIncomeExpensesNet": 10721000, "incomeBeforeTax": 177595000, "incomeBeforeTaxRatio": 0.1368576717, "incomeTaxExpense": 47671000, "netIncome": 126698000, "netIncomeRatio": 0.0976355939, "eps": 2.72, "epsdiluted": 2.66, "weightedAverageShsOut": 46627000, "weightedAverageShsOutDil": 47558000, "link": "https://www.sec.gov/Archives/edgar/data/1100682/000162828015000785/0001628280-15-000785-index.htm", "finalLink": "https://www.sec.gov/Archives/edgar/data/1100682/000162828015000785/crl1227201410k.htm", "calculatedOtherExpenses": 25957000, "calculatedOperatingExpenses": 294990000, "calculatedNetInterest": -10796000, "calculatedOtherIncome": 10721000, "calculatedIncomeNonControlling": 3226000, "calculatedEbitda": 203627000}, {"date": "2013-12-28", "symbol": "CRL", "reportedCurrency": "USD", "cik": "0001100682", "fillingDate": "2014-02-25", "acceptedDate": "2014-02-25 17:22:46", "calendarYear": "2013", "period": "FY", "revenue": 1165528000, "costOfRevenue": 770626000, "grossProfit": 394902000, "grossProfitRatio": 0.3388181151, "researchAndDevelopmentExpenses": 0, "generalAndAdministrativeExpenses": 0, "sellingAndMarketingExpenses": 0, "sellingGeneralAndAdministrativeExpenses": 225695000, "otherExpenses": 7165000, "operatingExpenses": 243501000, "costAndExpenses": 1014127000, "interestIncome": 730000, "interestExpense": 20969000, "depreciationAndAmortization": 17806000, "ebitda": 169207000, "ebitdaratio": 0.1451762635, "operatingIncome": 151401000, "operatingIncomeRatio": 0.1298990672, "totalOtherIncomeExpensesNet": 7165000, "incomeBeforeTax": 138327000, "incomeBeforeTaxRatio": 0.1186818335, "incomeTaxExpense": 32911000, "netIncome": 102828000, "netIncomeRatio": 0.0882243927, "eps": 2.15, "epsdiluted": 2.12, "weightedAverageShsOut": 47740000, "weightedAverageShsOutDil": 48489000, "link": "https://www.sec.gov/Archives/edgar/data/1100682/000144530514000599/0001445305-14-000599-index.htm", "finalLink": "https://www.sec.gov/Archives/edgar/data/1100682/000144530514000599/crl1228201310k.htm", "calculatedOtherExpenses": 17806000, "calculatedOperatingExpenses": 243501000, "calculatedNetInterest": -20239000, "calculatedOtherIncome": 7165000, "calculatedIncomeNonControlling": 2588000, "calculatedEbitda": 169207000}, {"date": "2012-12-29", "symbol": "CRL", "reportedCurrency": "USD", "cik": "0001100682", "fillingDate": "2013-02-27", "acceptedDate": "2013-02-27 16:05:42", "calendarYear": "2012", "period": "FY", "revenue": 1129530000, "costOfRevenue": 737449000, "grossProfit": 392081000, "grossProfitRatio": 0.3471187131, "researchAndDevelopmentExpenses": 0, "generalAndAdministrativeExpenses": 0, "sellingAndMarketingExpenses": 0, "sellingGeneralAndAdministrativeExpenses": 208248000, "otherExpenses": -3266000, "operatingExpenses": 226316000, "costAndExpenses": 963765000, "interestIncome": 589000, "interestExpense": 33342000, "depreciationAndAmortization": 18068000, "ebitda": 183833000, "ebitdaratio": 0.162751764, "operatingIncome": 165765000, "operatingIncomeRatio": 0.1467557303, "totalOtherIncomeExpensesNet": -3266000, "incomeBeforeTax": 129746000, "incomeBeforeTaxRatio": 0.1148672457, "incomeTaxExpense": 27628000, "netIncome": 97295000, "netIncomeRatio": 0.0861375971, "eps": 2.03, "epsdiluted": 2.01, "weightedAverageShsOut": 47912000, "weightedAverageShsOutDil": 48406000, "link": "https://www.sec.gov/Archives/edgar/data/1100682/000144530513000358/0001445305-13-000358-index.htm", "finalLink": "https://www.sec.gov/Archives/edgar/data/1100682/000144530513000358/crl1229201210k.htm", "calculatedOtherExpenses": 18068000, "calculatedOperatingExpenses": 226316000, "calculatedNetInterest": -32753000, "calculatedOtherIncome": -3266000, "calculatedIncomeNonControlling": 4823000, "calculatedEbitda": 183833000}, {"date": "2011-12-31", "symbol": "CRL", "reportedCurrency": "USD", "cik": "0001100682", "fillingDate": "2012-02-27", "acceptedDate": "2012-02-27 13:57:33", "calendarYear": "2011", "period": "FY", "revenue": 1142647000, "costOfRevenue": 740405000, "grossProfit": 402242000, "grossProfitRatio": 0.3520264789, "researchAndDevelopmentExpenses": 0, "generalAndAdministrativeExpenses": 0, "sellingAndMarketingExpenses": 0, "sellingGeneralAndAdministrativeExpenses": 206140000, "otherExpenses": 21796000, "operatingExpenses": 227936000, "costAndExpenses": 968341000, "interestIncome": 1353000, "interestExpense": 41233000, "depreciationAndAmortization": 21796000, "ebitda": 196102000, "ebitdaratio": 0.1716208068, "operatingIncome": 174306000, "operatingIncomeRatio": 0.1525457994, "totalOtherIncomeExpensesNet": -411000, "incomeBeforeTax": 132662000, "incomeBeforeTaxRatio": 0.116100598, "incomeTaxExpense": 17140000, "netIncome": 109566000, "netIncomeRatio": 0.0958878814, "eps": 2.16, "epsdiluted": 2.14, "weightedAverageShsOut": 50823063, "weightedAverageShsOutDil": 51318242, "link": "https://www.sec.gov/Archives/edgar/data/1100682/000151851912000030/0001518519-12-000030-index.htm", "finalLink": "https://www.sec.gov/Archives/edgar/data/1100682/000151851912000030/crl1231201110k.htm", "calculatedOtherExpenses": 21796000, "calculatedOperatingExpenses": 227936000, "calculatedNetInterest": -39880000, "calculatedOtherIncome": -1764000, "calculatedIncomeNonControlling": 5956000, "calculatedEbitda": 196102000}, {"date": "2010-12-25", "symbol": "CRL", "reportedCurrency": "USD", "cik": "0001100682", "fillingDate": "2011-02-23", "acceptedDate": "2011-02-23 12:29:34", "calendarYear": "2010", "period": "FY", "revenue": 1133416000, "costOfRevenue": 748656000, "grossProfit": 384760000, "grossProfitRatio": 0.3394693564, "researchAndDevelopmentExpenses": 0, "generalAndAdministrativeExpenses": 0, "sellingAndMarketingExpenses": 0, "sellingGeneralAndAdministrativeExpenses": 262489000, "otherExpenses": 24405000, "operatingExpenses": 286894000, "costAndExpenses": 1035550000, "interestIncome": 1186000, "interestExpense": 34093000, "depreciationAndAmortization": 24405000, "ebitda": 122271000, "ebitdaratio": 0.1078783077, "operatingIncome": -298512000, "operatingIncomeRatio": -0.2633737304, "totalOtherIncomeExpensesNet": -397855000, "incomeBeforeTax": -334082000, "incomeBeforeTaxRatio": -0.2947567354, "incomeTaxExpense": 23000, "netIncome": -336669000, "netIncomeRatio": -0.297039216, "eps": -5.38, "epsdiluted": -5.38, "weightedAverageShsOut": 62561294, "weightedAverageShsOutDil": 62561294, "link": "https://www.sec.gov/Archives/edgar/data/1100682/000104746911001182/0001047469-11-001182-index.htm", "finalLink": "https://www.sec.gov/Archives/edgar/data/1100682/000104746911001182/a2202149z10-k.htm", "calculatedOtherExpenses": 420783000, "calculatedOperatingExpenses": 683272000, "calculatedNetInterest": -32907000, "calculatedOtherIncome": -2663000, "calculatedIncomeNonControlling": 2564000, "calculatedEbitda": -274107000}, {"date": "2009-12-26", "symbol": "CRL", "reportedCurrency": "USD", "cik": "0001100682", "fillingDate": "2010-02-19", "acceptedDate": "2010-02-19 14:26:24", "calendarYear": "2009", "period": "FY", "revenue": 1202551000, "costOfRevenue": 773183000, "grossProfit": 429368000, "grossProfitRatio": 0.3570476429, "researchAndDevelopmentExpenses": 0, "generalAndAdministrativeExpenses": 0, "sellingAndMarketingExpenses": 0, "sellingGeneralAndAdministrativeExpenses": 233995000, "otherExpenses": 28447000, "operatingExpenses": 262442000, "costAndExpenses": 1035625000, "interestIncome": 1777000, "interestExpense": 21682000, "depreciationAndAmortization": 28447000, "ebitda": 193287000, "ebitdaratio": 0.1607308131, "operatingIncome": 166926000, "operatingIncomeRatio": 0.1388099133, "totalOtherIncomeExpensesNet": 2086000, "incomeBeforeTax": 149107000, "incomeBeforeTaxRatio": 0.1239922465, "incomeTaxExpense": 39725000, "netIncome": 114441000, "netIncomeRatio": 0.0951651947, "eps": 1.75, "epsdiluted": 1.74, "weightedAverageShsOut": 65366319, "weightedAverageShsOutDil": 65635895, "link": "https://www.sec.gov/Archives/edgar/data/1100682/000104746910001012/0001047469-10-001012-index.htm", "finalLink": "https://www.sec.gov/Archives/edgar/data/1100682/000104746910001012/a2196578z10-k.htm", "calculatedOtherExpenses": 28447000, "calculatedOperatingExpenses": 262442000, "calculatedNetInterest": -19905000, "calculatedOtherIncome": 2086000, "calculatedIncomeNonControlling": -5059000, "calculatedEbitda": 195373000}, {"date": "2008-12-27", "symbol": "CRL", "reportedCurrency": "USD", "cik": "0001100682", "fillingDate": "2009-02-23", "acceptedDate": "2009-02-23 17:11:30", "calendarYear": "2008", "period": "FY", "revenue": 1343493000, "costOfRevenue": 832784000, "grossProfit": 510709000, "grossProfitRatio": 0.3801352147, "researchAndDevelopmentExpenses": 0, "generalAndAdministrativeExpenses": 0, "sellingAndMarketingExpenses": 0, "sellingGeneralAndAdministrativeExpenses": 230159000, "otherExpenses": 30312000, "operatingExpenses": 260471000, "costAndExpenses": 1093255000, "interestIncome": 8691000, "interestExpense": 14009000, "depreciationAndAmortization": 30312000, "ebitda": 986480000, "ebitdaratio": 0.7342650836, "operatingIncome": -449762000, "operatingIncomeRatio": -0.3347706315, "totalOtherIncomeExpensesNet": -705930000, "incomeBeforeTax": -461010000, "incomeBeforeTaxRatio": -0.3431428374, "incomeTaxExpense": 61944000, "netIncome": -521843000, "netIncomeRatio": -0.3884225671, "eps": -7.76, "epsdiluted": -7.76, "weightedAverageShsOut": 67273748, "weightedAverageShsOutDil": 67273748, "link": "https://www.sec.gov/Archives/edgar/data/1100682/000104746909001689/0001047469-09-001689-index.htm", "finalLink": "https://www.sec.gov/Archives/edgar/data/1100682/000104746909001689/a2190829z10-k.htm", "calculatedOtherExpenses": 730312000, "calculatedOperatingExpenses": 960471000, "calculatedNetInterest": -5318000, "calculatedOtherIncome": -5930000, "calculatedIncomeNonControlling": -1111000, "calculatedEbitda": -419450000}, {"date": "2007-12-29", "symbol": "CRL", "reportedCurrency": "USD", "cik": "0001100682", "fillingDate": "2008-02-20", "acceptedDate": "2008-02-20 15:34:09", "calendarYear": "2007", "period": "FY", "revenue": 1230626000, "costOfRevenue": 752435000, "grossProfit": 478191000, "grossProfitRatio": 0.388575408, "researchAndDevelopmentExpenses": 0, "generalAndAdministrativeExpenses": 0, "sellingAndMarketingExpenses": 0, "sellingGeneralAndAdministrativeExpenses": 217491000, "otherExpenses": 33509000, "operatingExpenses": 251000000, "costAndExpenses": 1003435000, "interestIncome": 9683000, "interestExpense": 14833000, "depreciationAndAmortization": 88916000, "ebitda": 317555000, "ebitdaratio": 0.2580434673, "operatingIncome": 227191000, "operatingIncomeRatio": 0.184614172, "totalOtherIncomeExpensesNet": -1448000, "incomeBeforeTax": 217422000, "incomeBeforeTaxRatio": 0.1766759357, "incomeTaxExpense": 59400000, "netIncome": 154406000, "netIncomeRatio": 0.1254694765, "eps": 2.31, "epsdiluted": 2.25, "weightedAverageShsOut": 66960515, "weightedAverageShsOutDil": 68735936, "link": "https://www.sec.gov/Archives/edgar/data/1100682/000104746908001507/0001047469-08-001507-index.htm", "finalLink": "https://www.sec.gov/Archives/edgar/data/1100682/000104746908001507/a2182759z10-k.htm", "calculatedOtherExpenses": 33509000, "calculatedOperatingExpenses": 251000000, "calculatedNetInterest": -5150000, "calculatedOtherIncome": -4619000, "calculatedIncomeNonControlling": 3616000, "calculatedEbitda": 316107000}, {"date": "2006-12-30", "symbol": "CRL", "reportedCurrency": "USD", "cik": "0001100682", "fillingDate": "2007-02-27", "acceptedDate": "2007-02-27 15:51:34", "calendarYear": "2006", "period": "FY", "revenue": 1058385000, "costOfRevenue": 651778000, "grossProfit": 406607000, "grossProfitRatio": 0.3841768355, "researchAndDevelopmentExpenses": 0, "generalAndAdministrativeExpenses": 0, "sellingAndMarketingExpenses": 0, "sellingGeneralAndAdministrativeExpenses": 180795000, "otherExpenses": 37639000, "operatingExpenses": 218434000, "costAndExpenses": 870212000, "interestIncome": 6836000, "interestExpense": 193237000, "depreciationAndAmortization": 85130000, "ebitda": 272322000, "ebitdaratio": 0.2572995649, "operatingIncome": 188173000, "operatingIncomeRatio": 0.1777925802, "totalOtherIncomeExpensesNet": 981000, "incomeBeforeTax": 176564000, "incomeBeforeTaxRatio": 0.1668239818, "incomeTaxExpense": 49738000, "netIncome": -55783000, "netIncomeRatio": -0.0527057734, "eps": -0.81, "epsdiluted": -0.8, "weightedAverageShsOut": 68867901, "weightedAverageShsOutDil": 69728750, "link": "https://www.sec.gov/Archives/edgar/data/1100682/000110465907014407/0001104659-07-014407-index.htm", "finalLink": "https://www.sec.gov/Archives/edgar/data/1100682/000110465907014407/a07-5140_110k.htm", "calculatedOtherExpenses": 37639000, "calculatedOperatingExpenses": 218434000, "calculatedNetInterest": -186401000, "calculatedOtherIncome": 174792000, "calculatedIncomeNonControlling": 182609000, "calculatedEbitda": 273303000}, {"date": "2005-12-31", "symbol": "CRL", "reportedCurrency": "USD", "cik": "0001100682", "fillingDate": "2006-03-14", "acceptedDate": "2006-03-14 14:20:50", "calendarYear": "2005", "period": "FY", "revenue": 1122228000, "costOfRevenue": 693493000, "grossProfit": 428735000, "grossProfitRatio": 0.3820391222, "researchAndDevelopmentExpenses": 0, "generalAndAdministrativeExpenses": 0, "sellingAndMarketingExpenses": 0, "sellingGeneralAndAdministrativeExpenses": 189544000, "otherExpenses": 58172000, "operatingExpenses": 247716000, "costAndExpenses": 941209000, "interestIncome": 3929000, "interestExpense": 22618000, "depreciationAndAmortization": 104637000, "ebitda": 285830000, "ebitdaratio": 0.2546986887, "operatingIncome": 181019000, "operatingIncomeRatio": 0.1613032289, "totalOtherIncomeExpensesNet": -174000, "incomeBeforeTax": 160413000, "incomeBeforeTaxRatio": 0.1429415413, "incomeTaxExpense": 16576000, "netIncome": 141999000, "netIncomeRatio": 0.1265331109, "eps": 2.04, "epsdiluted": 1.96, "weightedAverageShsOut": 69607353, "weightedAverageShsOutDil": 72448469, "link": "https://www.sec.gov/Archives/edgar/data/1100682/000110465906016438/0001104659-06-016438-index.htm", "finalLink": "https://www.sec.gov/Archives/edgar/data/1100682/000110465906016438/a06-2532_110k.htm", "calculatedOtherExpenses": 58172000, "calculatedOperatingExpenses": 247716000, "calculatedNetInterest": -18689000, "calculatedOtherIncome": -1917000, "calculatedIncomeNonControlling": 1838000, "calculatedEbitda": 285656000}, {"date": "2004-12-25", "symbol": "CRL", "reportedCurrency": "USD", "cik": "0001100682", "fillingDate": "2005-03-09", "acceptedDate": "2005-03-09 17:10:57", "calendarYear": "2004", "period": "FY", "revenue": 766917000, "costOfRevenue": 468351000, "grossProfit": 298566000, "grossProfitRatio": 0.3893067959, "researchAndDevelopmentExpenses": 0, "generalAndAdministrativeExpenses": 0, "sellingAndMarketingExpenses": 0, "sellingGeneralAndAdministrativeExpenses": 121448000, "otherExpenses": 16795000, "operatingExpenses": 138243000, "costAndExpenses": 606594000, "interestIncome": 3285000, "interestExpense": 8652000, "depreciationAndAmortization": 48176000, "ebitda": 207776000, "ebitdaratio": 0.2709237114, "operatingIncome": 160323000, "operatingIncomeRatio": 0.2090486976, "totalOtherIncomeExpensesNet": 723000, "incomeBeforeTax": 152525000, "incomeBeforeTaxRatio": 0.1988807133, "incomeTaxExpense": 61156000, "netIncome": 89792000, "netIncomeRatio": 0.1170817703, "eps": 1.81, "epsdiluted": 1.67, "weightedAverageShsOut": 49601021, "weightedAverageShsOutDil": 56045848, "link": "https://www.sec.gov/Archives/edgar/data/1100682/000104746905005909/0001047469-05-005909-index.htm", "finalLink": "https://www.sec.gov/Archives/edgar/data/1100682/000104746905005909/a2152761z10-k.htm", "calculatedOtherExpenses": 16795000, "calculatedOperatingExpenses": 138243000, "calculatedNetInterest": -5367000, "calculatedOtherIncome": -2431000, "calculatedIncomeNonControlling": 1577000, "calculatedEbitda": 208499000}, {"date": "2003-12-27", "symbol": "CRL", "reportedCurrency": "USD", "cik": "0001100682", "fillingDate": "2004-03-10", "acceptedDate": "2004-03-10 11:39:02", "calendarYear": "2003", "period": "FY", "revenue": 613723000, "costOfRevenue": 380058000, "grossProfit": 233665000, "grossProfitRatio": 0.3807336535, "researchAndDevelopmentExpenses": 0, "generalAndAdministrativeExpenses": 0, "sellingAndMarketingExpenses": 0, "sellingGeneralAndAdministrativeExpenses": 90236000, "otherExpenses": 4876000, "operatingExpenses": 95112000, "costAndExpenses": 475170000, "interestIncome": 0, "interestExpense": 6556000, "depreciationAndAmortization": 31121000, "ebitda": 168891000, "ebitdaratio": 0.2751909249, "operatingIncome": 138553000, "operatingIncomeRatio": 0.2257582004, "totalOtherIncomeExpensesNet": 783000, "incomeBeforeTax": 132630000, "incomeBeforeTaxRatio": 0.2161072666, "incomeTaxExpense": 51063000, "netIncome": 80151000, "netIncomeRatio": 0.1305980059, "eps": 1.76, "epsdiluted": 1.64, "weightedAverageShsOut": 45540341, "weightedAverageShsOutDil": 48872561, "link": "https://www.sec.gov/Archives/edgar/data/1100682/000104746904007257/0001047469-04-007257-index.htm", "finalLink": "https://www.sec.gov/Archives/edgar/data/1100682/000104746904007257/a2130185z10-k.htm", "calculatedOtherExpenses": 4876000, "calculatedOperatingExpenses": 95112000, "calculatedNetInterest": -6556000, "calculatedOtherIncome": 633000, "calculatedIncomeNonControlling": 1416000, "calculatedEbitda": 169674000}, {"date": "2002-12-28", "symbol": "CRL", "reportedCurrency": "USD", "cik": "0001100682", "fillingDate": "2003-03-20", "acceptedDate": "2003-03-20 17:15:13", "calendarYear": "2002", "period": "FY", "revenue": 554629000, "costOfRevenue": 345646000, "grossProfit": 208983000, "grossProfitRatio": 0.3767978234, "researchAndDevelopmentExpenses": 0, "generalAndAdministrativeExpenses": 0, "sellingAndMarketingExpenses": 0, "sellingGeneralAndAdministrativeExpenses": 83303000, "otherExpenses": 3414000, "operatingExpenses": 86717000, "costAndExpenses": 432363000, "interestIncome": 2120000, "interestExpense": 27340000, "depreciationAndAmortization": 25727000, "ebitda": 146771000, "ebitdaratio": 0.2646291485, "operatingIncome": 122266000, "operatingIncomeRatio": 0.2204464606, "totalOtherIncomeExpensesNet": 1538000, "incomeBeforeTax": 114403000, "incomeBeforeTaxRatio": 0.2062694161, "incomeTaxExpense": 43572000, "netIncome": 50132000, "netIncomeRatio": 0.0903883497, "eps": 1.12, "epsdiluted": 1.06, "weightedAverageShsOut": 44760714, "weightedAverageShsOutDil": 47294340, "link": "https://www.sec.gov/Archives/edgar/data/1100682/000104746903009461/0001047469-03-009461-index.htm", "finalLink": "https://www.sec.gov/Archives/edgar/data/1100682/000104746903009461/a2105667z10-k.htm", "calculatedOtherExpenses": 3414000, "calculatedOperatingExpenses": 86717000, "calculatedNetInterest": -25220000, "calculatedOtherIncome": 17357000, "calculatedIncomeNonControlling": 20699000, "calculatedEbitda": 147993000}, {"date": "2001-12-29", "symbol": "CRL", "reportedCurrency": "USD", "cik": "0001100682", "fillingDate": "2002-03-27", "acceptedDate": "2002-03-27 00:00:00", "calendarYear": "2001", "period": "FY", "revenue": 465630000, "costOfRevenue": 298379000, "grossProfit": 167251000, "grossProfitRatio": 0.3591929214, "researchAndDevelopmentExpenses": 0, "generalAndAdministrativeExpenses": 0, "sellingAndMarketingExpenses": 0, "sellingGeneralAndAdministrativeExpenses": 68315000, "otherExpenses": 8653000, "operatingExpenses": 76968000, "costAndExpenses": 375347000, "interestIncome": 1493000, "interestExpense": 27281000, "depreciationAndAmortization": 28578000, "ebitda": 118361000, "ebitdaratio": 0.2541953912, "operatingIncome": 90283000, "operatingIncomeRatio": 0.1938942938, "totalOtherIncomeExpensesNet": 972000, "incomeBeforeTax": 69479000, "incomeBeforeTaxRatio": 0.149215042, "incomeTaxExpense": 27095000, "netIncome": 35407000, "netIncomeRatio": 0.0760410626, "eps": 0.86, "epsdiluted": 0.8, "weightedAverageShsOut": 41170930, "weightedAverageShsOutDil": 44258750, "link": "https://www.sec.gov/Archives/edgar/data/1100682/000091205702011938/0000912057-02-011938-index.htm", "finalLink": "https://www.sec.gov/Archives/edgar/data/1100682/000091205702011938/a2073028z10-k.htm", "calculatedOtherExpenses": 8653000, "calculatedOperatingExpenses": 76968000, "calculatedNetInterest": -25788000, "calculatedOtherIncome": 4984000, "calculatedIncomeNonControlling": 6977000, "calculatedEbitda": 118861000}, {"date": "2000-12-31", "symbol": "CRL", "reportedCurrency": "USD", "cik": "0001100682", "fillingDate": "2001-03-30", "acceptedDate": "2001-03-30 00:00:00", "calendarYear": "2000", "period": "FY", "revenue": 306585000, "costOfRevenue": 171450000, "grossProfit": 135135000, "grossProfitRatio": 0.440774989, "researchAndDevelopmentExpenses": 0, "generalAndAdministrativeExpenses": 0, "sellingAndMarketingExpenses": 0, "sellingGeneralAndAdministrativeExpenses": 51204000, "otherExpenses": 18870000, "operatingExpenses": 70074000, "costAndExpenses": 241524000, "interestIncome": 0, "interestExpense": 67352000, "depreciationAndAmortization": 18870000, "ebitda": 82835000, "ebitdaratio": 0.2701860822, "operatingIncome": 65061000, "operatingIncomeRatio": 0.2122119477, "totalOtherIncomeExpensesNet": 1096000, "incomeBeforeTax": 25714000, "incomeBeforeTaxRatio": 0.0838723356, "incomeTaxExpense": 7837000, "netIncome": -11224000, "netIncomeRatio": -0.0366097493, "eps": -0.4, "epsdiluted": -0.35, "weightedAverageShsOut": 28060000, "weightedAverageShsOutDil": 32068571, "link": "https://www.sec.gov/Archives/edgar/data/1100682/000091205701505683/0000912057-01-505683-index.htm", "finalLink": "https://www.sec.gov/Archives/edgar/data/1100682/000091205701505683/a2041062z10-k.txt", "calculatedOtherExpenses": 18870000, "calculatedOperatingExpenses": 70074000, "calculatedNetInterest": -67352000, "calculatedOtherIncome": 28005000, "calculatedIncomeNonControlling": 29101000, "calculatedEbitda": 83931000}, {"date": "1999-12-25", "symbol": "CRL", "reportedCurrency": "USD", "cik": "0001100682", "fillingDate": "2000-05-08", "acceptedDate": "2000-05-08 00:00:00", "calendarYear": "1999", "period": "FY", "revenue": 219276000, "costOfRevenue": 120905000, "grossProfit": 98371000, "grossProfitRatio": 0.4486172677, "researchAndDevelopmentExpenses": 0, "generalAndAdministrativeExpenses": 0, "sellingAndMarketingExpenses": 0, "sellingGeneralAndAdministrativeExpenses": 39765000, "otherExpenses": 15643000, "operatingExpenses": 55408000, "costAndExpenses": 176313000, "interestIncome": 0, "interestExpense": 8281000, "depreciationAndAmortization": 15643000, "ebitda": 56609000, "ebitdaratio": 0.2581632281, "operatingIncome": 42963000, "operatingIncomeRatio": 0.1959311553, "totalOtherIncomeExpensesNet": 1997000, "incomeBeforeTax": 32685000, "incomeBeforeTaxRatio": 0.1490587205, "incomeTaxExpense": 15561000, "netIncome": 17124000, "netIncomeRatio": 0.0780933618, "eps": 0.86, "epsdiluted": 0.86, "weightedAverageShsOut": 19820369, "weightedAverageShsOutDil": 19820369, "link": "https://www.sec.gov/Archives/edgar/data/1100682/000091205700022358/0000912057-00-022358-index.html", "finalLink": "https://www.sec.gov/Archives/edgar/data/1100682/000091205700022358/", "calculatedOtherExpenses": 15643000, "calculatedOperatingExpenses": 55408000, "calculatedNetInterest": -8281000, "calculatedOtherIncome": -1997000, "calculatedIncomeNonControlling": 0, "calculatedEbitda": 58606000}, {"date": "1998-12-31", "symbol": "CRL", "reportedCurrency": "USD", "cik": "0001100682", "fillingDate": "1998-12-31", "acceptedDate": "1998-12-31 00:00:00", "calendarYear": "1998", "period": "FY", "revenue": 193301000, "costOfRevenue": 122547000, "grossProfit": 70754000, "grossProfitRatio": 0.3660301809, "researchAndDevelopmentExpenses": 0, "generalAndAdministrativeExpenses": 0, "sellingAndMarketingExpenses": 0, "sellingGeneralAndAdministrativeExpenses": 34142000, "otherExpenses": 1287000, "operatingExpenses": 35429000, "costAndExpenses": 157976000, "interestIncome": 0, "interestExpense": -2118000, "depreciationAndAmortization": 10895000, "ebitda": 46278000, "ebitdaratio": 0.2394090046, "operatingIncome": 35325000, "operatingIncomeRatio": 0.1827460799, "totalOtherIncomeExpensesNet": -58000, "incomeBeforeTax": 35832000, "incomeBeforeTaxRatio": 0.1853689324, "incomeTaxExpense": 14123000, "netIncome": 23378000, "netIncomeRatio": 0.120940916, "eps": 2.27, "epsdiluted": 2.27, "weightedAverageShsOut": 10285715, "weightedAverageShsOutDil": 10285715, "link": null, "finalLink": null, "calculatedOtherExpenses": 1287000, "calculatedOperatingExpenses": 35429000, "calculatedNetInterest": 2118000, "calculatedOtherIncome": -1611000, "calculatedIncomeNonControlling": -1669000, "calculatedEbitda": 46220000}]}