{"originalCurrency": "USD", "convertedCurrency": "USD", "report": [{"date": "2023-12-31", "symbol": "CRNX", "reportedCurrency": "USD", "cik": "0001658247", "fillingDate": "2023-12-31", "acceptedDate": "2023-12-29 19:00:00", "calendarYear": "2023", "period": "FY", "revenue": 4013000, "costOfRevenue": 1098000, "grossProfit": 2915000, "grossProfitRatio": 0.726389235, "researchAndDevelopmentExpenses": 167429000, "generalAndAdministrativeExpenses": 58094000, "sellingAndMarketingExpenses": 0, "sellingGeneralAndAdministrativeExpenses": 58094000, "otherExpenses": -159000, "operatingExpenses": 225523000, "costAndExpenses": 226621000, "interestIncome": 13436000, "interestExpense": 0, "depreciationAndAmortization": 1098000, "ebitda": -221510000, "ebitdaratio": -55.198106155, "operatingIncome": -222608000, "operatingIncomeRatio": -55.47171692, "totalOtherIncomeExpensesNet": 8079000, "incomeBeforeTax": -214529000, "incomeBeforeTaxRatio": -53.458509843, "incomeTaxExpense": 0, "netIncome": -214529000, "netIncomeRatio": -53.458509843, "eps": -3.69, "epsdiluted": -3.69, "weightedAverageShsOut": 58071000, "weightedAverageShsOutDil": 58071000, "link": null, "finalLink": null, "calculatedOtherExpenses": 0, "calculatedOperatingExpenses": 225523000, "calculatedNetInterest": 13436000, "calculatedOtherIncome": -5357000, "calculatedIncomeNonControlling": 0, "calculatedEbitda": -221510000}, {"date": "2022-12-31", "symbol": "CRNX", "reportedCurrency": "USD", "cik": "0001658247", "fillingDate": "2023-02-28", "acceptedDate": "2023-02-28 16:26:50", "calendarYear": "2022", "period": "FY", "revenue": 4737000, "costOfRevenue": 1389000, "grossProfit": 3348000, "grossProfitRatio": 0.7067764408, "researchAndDevelopmentExpenses": 130225000, "generalAndAdministrativeExpenses": 42394000, "sellingAndMarketingExpenses": 0, "sellingGeneralAndAdministrativeExpenses": 42394000, "otherExpenses": 4974000, "operatingExpenses": 172619000, "costAndExpenses": 172619000, "interestIncome": 4317000, "interestExpense": 4317000, "depreciationAndAmortization": 983000, "ebitda": -167882000, "ebitdaratio": -35.4405742031, "operatingIncome": -167882000, "operatingIncomeRatio": -35.4405742031, "totalOtherIncomeExpensesNet": 3964000, "incomeBeforeTax": -163918000, "incomeBeforeTaxRatio": -34.6037576525, "incomeTaxExpense": -3964000, "netIncome": -159954000, "netIncomeRatio": -33.766941102, "eps": -3.08, "epsdiluted": -3.08, "weightedAverageShsOut": 51982000, "weightedAverageShsOutDil": 51982000, "link": "https://www.sec.gov/Archives/edgar/data/1658247/000095017023005132/0000950170-23-005132-index.htm", "finalLink": "https://www.sec.gov/Archives/edgar/data/1658247/000095017023005132/crnx-20221231.htm", "calculatedOtherExpenses": -1389000, "calculatedOperatingExpenses": 171230000, "calculatedNetInterest": 0, "calculatedOtherIncome": 3964000, "calculatedIncomeNonControlling": 0, "calculatedEbitda": -166899000}, {"date": "2021-12-31", "symbol": "CRNX", "reportedCurrency": "USD", "cik": "0001658247", "fillingDate": "2022-03-30", "acceptedDate": "2022-03-30 16:12:51", "calendarYear": "2021", "period": "FY", "revenue": 1078000, "costOfRevenue": 1262000, "grossProfit": -184000, "grossProfitRatio": -0.1706864564, "researchAndDevelopmentExpenses": 84255000, "generalAndAdministrativeExpenses": 24525000, "sellingAndMarketingExpenses": 0, "sellingGeneralAndAdministrativeExpenses": 24525000, "otherExpenses": 61000, "operatingExpenses": 108780000, "costAndExpenses": 108780000, "interestIncome": 157000, "interestExpense": 0, "depreciationAndAmortization": 922000, "ebitda": -107702000, "ebitdaratio": -99.9090909091, "operatingIncome": -107702000, "operatingIncomeRatio": -99.9090909091, "totalOtherIncomeExpensesNet": 61000, "incomeBeforeTax": -107641000, "incomeBeforeTaxRatio": -99.8525046382, "incomeTaxExpense": -922000, "netIncome": -106719000, "netIncomeRatio": -98.9972170686, "eps": -2.78, "epsdiluted": -2.78, "weightedAverageShsOut": 38436000, "weightedAverageShsOutDil": 38436000, "link": "https://www.sec.gov/Archives/edgar/data/1658247/000095017022005050/0000950170-22-005050-index.htm", "finalLink": "https://www.sec.gov/Archives/edgar/data/1658247/000095017022005050/crnx-20211231.htm", "calculatedOtherExpenses": -1262000, "calculatedOperatingExpenses": 107518000, "calculatedNetInterest": 157000, "calculatedOtherIncome": -96000, "calculatedIncomeNonControlling": 0, "calculatedEbitda": -106780000}, {"date": "2020-12-31", "symbol": "CRNX", "reportedCurrency": "USD", "cik": "0001658247", "fillingDate": "2021-03-30", "acceptedDate": "2021-03-30 17:12:59", "calendarYear": "2020", "period": "FY", "revenue": 71000, "costOfRevenue": 56998000, "grossProfit": -56927000, "grossProfitRatio": -801.7887323944, "researchAndDevelopmentExpenses": 56998000, "generalAndAdministrativeExpenses": 18026000, "sellingAndMarketingExpenses": 0, "sellingGeneralAndAdministrativeExpenses": 18026000, "otherExpenses": -71000, "operatingExpenses": 74953000, "costAndExpenses": 74953000, "interestIncome": 991000, "interestExpense": 0, "depreciationAndAmortization": 948000, "ebitda": -74953000, "ebitdaratio": -1055.676056338, "operatingIncome": -74953000, "operatingIncomeRatio": -1055.676056338, "totalOtherIncomeExpensesNet": 1141000, "incomeBeforeTax": -73812000, "incomeBeforeTaxRatio": -1039.6056338028, "incomeTaxExpense": -948000, "netIncome": -72864000, "netIncomeRatio": -1026.2535211268, "eps": -2.39, "epsdiluted": -2.39, "weightedAverageShsOut": 30448000, "weightedAverageShsOutDil": 30448000, "link": "https://www.sec.gov/Archives/edgar/data/1658247/000156459021016719/0001564590-21-016719-index.htm", "finalLink": "https://www.sec.gov/Archives/edgar/data/1658247/000156459021016719/crnx-10k_20201231.htm", "calculatedOtherExpenses": -56998000, "calculatedOperatingExpenses": 18026000, "calculatedNetInterest": 991000, "calculatedOtherIncome": 150000, "calculatedIncomeNonControlling": 0, "calculatedEbitda": -74005000}, {"date": "2019-12-31", "symbol": "CRNX", "reportedCurrency": "USD", "cik": "0001658247", "fillingDate": "2020-03-09", "acceptedDate": "2020-03-09 16:11:48", "calendarYear": "2019", "period": "FY", "revenue": 1193000, "costOfRevenue": 1113000, "grossProfit": 80000, "grossProfitRatio": 0.0670578374, "researchAndDevelopmentExpenses": 41506000, "generalAndAdministrativeExpenses": 13519000, "sellingAndMarketingExpenses": 0, "sellingGeneralAndAdministrativeExpenses": 13519000, "otherExpenses": -1193000, "operatingExpenses": 53832000, "costAndExpenses": 53832000, "interestIncome": 3460000, "interestExpense": 0, "depreciationAndAmortization": 887000, "ebitda": -53832000, "ebitdaratio": -45.1232187762, "operatingIncome": -53832000, "operatingIncomeRatio": -45.1232187762, "totalOtherIncomeExpensesNet": 3410000, "incomeBeforeTax": -50422000, "incomeBeforeTaxRatio": -42.2648784577, "incomeTaxExpense": -887000, "netIncome": -49535000, "netIncomeRatio": -41.5213746857, "eps": -2.05, "epsdiluted": -2.05, "weightedAverageShsOut": 24175000, "weightedAverageShsOutDil": 24175000, "link": "https://www.sec.gov/Archives/edgar/data/1658247/000156459020009365/0001564590-20-009365-index.htm", "finalLink": "https://www.sec.gov/Archives/edgar/data/1658247/000156459020009365/crnx-10k_20191231.htm", "calculatedOtherExpenses": -1113000, "calculatedOperatingExpenses": 53912000, "calculatedNetInterest": 3460000, "calculatedOtherIncome": -50000, "calculatedIncomeNonControlling": 0, "calculatedEbitda": -52945000}, {"date": "2018-12-31", "symbol": "CRNX", "reportedCurrency": "USD", "cik": "0001658247", "fillingDate": "2019-03-13", "acceptedDate": "2019-03-13 16:06:43", "calendarYear": "2018", "period": "FY", "revenue": 2428000, "costOfRevenue": 0, "grossProfit": 2428000, "grossProfitRatio": 1, "researchAndDevelopmentExpenses": 24479000, "generalAndAdministrativeExpenses": 6659000, "sellingAndMarketingExpenses": 0, "sellingGeneralAndAdministrativeExpenses": 6659000, "otherExpenses": 1595000, "operatingExpenses": 28710000, "costAndExpenses": 28710000, "interestIncome": 1748000, "interestExpense": 0, "depreciationAndAmortization": 471000, "ebitda": -28710000, "ebitdaratio": -11.8245469522, "operatingIncome": -28710000, "operatingIncomeRatio": -11.8245469522, "totalOtherIncomeExpensesNet": 1595000, "incomeBeforeTax": -27115000, "incomeBeforeTaxRatio": -11.1676276771, "incomeTaxExpense": 1595000, "netIncome": -27115000, "netIncomeRatio": -11.1676276771, "eps": -2.23, "epsdiluted": -2.23, "weightedAverageShsOut": 12142000, "weightedAverageShsOutDil": 12142000, "link": "https://www.sec.gov/Archives/edgar/data/1658247/000156459019007561/0001564590-19-007561-index.htm", "finalLink": "https://www.sec.gov/Archives/edgar/data/1658247/000156459019007561/crnx-10k_20181231.htm", "calculatedOtherExpenses": 0, "calculatedOperatingExpenses": 31138000, "calculatedNetInterest": 1748000, "calculatedOtherIncome": -153000, "calculatedIncomeNonControlling": -1595000, "calculatedEbitda": -28239000}, {"date": "2017-12-31", "symbol": "CRNX", "reportedCurrency": "USD", "cik": "0001658247", "fillingDate": "2017-12-31", "acceptedDate": "2017-12-30 19:00:00", "calendarYear": "2017", "period": "FY", "revenue": 2045000, "costOfRevenue": 0, "grossProfit": 2045000, "grossProfitRatio": 1, "researchAndDevelopmentExpenses": 9233000, "generalAndAdministrativeExpenses": 1939000, "sellingAndMarketingExpenses": 0, "sellingGeneralAndAdministrativeExpenses": 1939000, "otherExpenses": -48000, "operatingExpenses": 9127000, "costAndExpenses": 9127000, "interestIncome": 26000, "interestExpense": 8000, "depreciationAndAmortization": 128000, "ebitda": -9021000, "ebitdaratio": -4.4112469438, "operatingIncome": -9127000, "operatingIncomeRatio": -4.4630806846, "totalOtherIncomeExpensesNet": -48000, "incomeBeforeTax": -9157000, "incomeBeforeTaxRatio": -4.4777506112, "incomeTaxExpense": -40000, "netIncome": -9157000, "netIncomeRatio": -4.4777506112, "eps": -0.66, "epsdiluted": -0.66, "weightedAverageShsOut": 13878156, "weightedAverageShsOutDil": 13878156, "link": "", "finalLink": "", "calculatedOtherExpenses": 0, "calculatedOperatingExpenses": 11172000, "calculatedNetInterest": 18000, "calculatedOtherIncome": -48000, "calculatedIncomeNonControlling": 40000, "calculatedEbitda": -8999000}, {"date": "2016-12-31", "symbol": "CRNX", "reportedCurrency": "USD", "cik": "0001658247", "fillingDate": "2016-12-31", "acceptedDate": "2016-12-30 19:00:00", "calendarYear": "2016", "period": "FY", "revenue": 589000, "costOfRevenue": 0, "grossProfit": 589000, "grossProfitRatio": 1, "researchAndDevelopmentExpenses": 5100000, "generalAndAdministrativeExpenses": 1533000, "sellingAndMarketingExpenses": 0, "sellingGeneralAndAdministrativeExpenses": 1533000, "otherExpenses": -1000, "operatingExpenses": 6044000, "costAndExpenses": 6044000, "interestIncome": 37000, "interestExpense": 11000, "depreciationAndAmortization": 92000, "ebitda": -5916000, "ebitdaratio": -10.0441426146, "operatingIncome": -6044000, "operatingIncomeRatio": -10.2614601019, "totalOtherIncomeExpensesNet": -1000, "incomeBeforeTax": -6019000, "incomeBeforeTaxRatio": -10.2190152801, "incomeTaxExpense": 10000, "netIncome": -6019000, "netIncomeRatio": -10.2190152801, "eps": -0.43, "epsdiluted": -0.43, "weightedAverageShsOut": 13878156, "weightedAverageShsOutDil": 13878156, "link": "", "finalLink": "", "calculatedOtherExpenses": 0, "calculatedOperatingExpenses": 6633000, "calculatedNetInterest": 26000, "calculatedOtherIncome": -1000, "calculatedIncomeNonControlling": -10000, "calculatedEbitda": -5952000}]}