{"originalCurrency": "USD", "convertedCurrency": "USD", "report": [{"date": "2023-12-31", "symbol": "CROX", "reportedCurrency": "USD", "cik": "0001334036", "fillingDate": "2024-02-15", "acceptedDate": "2024-02-15 15:51:10", "calendarYear": "2023", "period": "FY", "revenue": 3962347000, "costOfRevenue": 1784752000, "grossProfit": 2177595000, "grossProfitRatio": 0.5495720087, "researchAndDevelopmentExpenses": 21400000, "generalAndAdministrativeExpenses": 792325000, "sellingAndMarketingExpenses": 317400000, "sellingGeneralAndAdministrativeExpenses": 1109725000, "otherExpenses": -326000, "operatingExpenses": 1131125000, "costAndExpenses": 2915877000, "interestIncome": 2406000, "interestExpense": 161351000, "depreciationAndAmortization": 54304000, "ebitda": 1100774000, "ebitdaratio": 0.2778085816, "operatingIncome": 1046470000, "operatingIncomeRatio": 0.264103573, "totalOtherIncomeExpensesNet": -170198000, "incomeBeforeTax": 876272000, "incomeBeforeTaxRatio": 0.2211497378, "incomeTaxExpense": 83706000, "netIncome": 792566000, "netIncomeRatio": 0.2000243795, "eps": 12.91, "epsdiluted": 12.79, "weightedAverageShsOut": 61386000, "weightedAverageShsOutDil": 61952000, "link": "https://www.sec.gov/Archives/edgar/data/1334036/000133403624000025/0001334036-24-000025-index.htm", "finalLink": "https://www.sec.gov/Archives/edgar/data/1334036/000133403624000025/crox-20231231.htm", "calculatedOtherExpenses": 0, "calculatedOperatingExpenses": 1131125000, "calculatedNetInterest": -158945000, "calculatedOtherIncome": -11253000, "calculatedIncomeNonControlling": 0, "calculatedEbitda": 1100774000}, {"date": "2022-12-31", "symbol": "CROX", "reportedCurrency": "USD", "cik": "0001334036", "fillingDate": "2023-02-16", "acceptedDate": "2023-02-16 14:31:26", "calendarYear": "2022", "period": "FY", "revenue": 3554985000, "costOfRevenue": 1694703000, "grossProfit": 1860282000, "grossProfitRatio": 0.5232882839, "researchAndDevelopmentExpenses": 0, "generalAndAdministrativeExpenses": 748726000, "sellingAndMarketingExpenses": 260800000, "sellingGeneralAndAdministrativeExpenses": 1009526000, "otherExpenses": -338000, "operatingExpenses": 1009526000, "costAndExpenses": 2704229000, "interestIncome": 1020000, "interestExpense": 136158000, "depreciationAndAmortization": 39911000, "ebitda": 890667000, "ebitdaratio": 0.2505402976, "operatingIncome": 850756000, "operatingIncomeRatio": 0.2393135273, "totalOtherIncomeExpensesNet": -132248000, "incomeBeforeTax": 718508000, "incomeBeforeTaxRatio": 0.2021128078, "incomeTaxExpense": 178349000, "netIncome": 540159000, "netIncomeRatio": 0.151944101, "eps": 8.82, "epsdiluted": 8.71, "weightedAverageShsOut": 61220000, "weightedAverageShsOutDil": 62006000, "link": "https://www.sec.gov/Archives/edgar/data/1334036/000133403623000015/0001334036-23-000015-index.htm", "finalLink": "https://www.sec.gov/Archives/edgar/data/1334036/000133403623000015/crox-20221231.htm", "calculatedOtherExpenses": 0, "calculatedOperatingExpenses": 1009526000, "calculatedNetInterest": -135138000, "calculatedOtherIncome": 2890000, "calculatedIncomeNonControlling": 0, "calculatedEbitda": 890667000}, {"date": "2021-12-31", "symbol": "CROX", "reportedCurrency": "USD", "cik": "0001334036", "fillingDate": "2022-02-16", "acceptedDate": "2022-02-16 12:45:12", "calendarYear": "2021", "period": "FY", "revenue": 2313416000, "costOfRevenue": 893196000, "grossProfit": 1420220000, "grossProfitRatio": 0.613906016, "researchAndDevelopmentExpenses": 13700000, "generalAndAdministrativeExpenses": 564456000, "sellingAndMarketingExpenses": 172700000, "sellingGeneralAndAdministrativeExpenses": 737156000, "otherExpenses": 1797000, "operatingExpenses": 737156000, "costAndExpenses": 1630352000, "interestIncome": 775000, "interestExpense": 21647000, "depreciationAndAmortization": 34548000, "ebitda": 717612000, "ebitdaratio": 0.3101958316, "operatingIncome": 683064000, "operatingIncomeRatio": 0.2952620713, "totalOtherIncomeExpensesNet": -19215000, "incomeBeforeTax": 663849000, "incomeBeforeTaxRatio": 0.2869561722, "incomeTaxExpense": -61845000, "netIncome": 725694000, "netIncomeRatio": 0.3136893667, "eps": 11.62, "epsdiluted": 11.39, "weightedAverageShsOut": 62464000, "weightedAverageShsOutDil": 63718000, "link": "https://www.sec.gov/Archives/edgar/data/1334036/000133403622000011/0001334036-22-000011-index.htm", "finalLink": "https://www.sec.gov/Archives/edgar/data/1334036/000133403622000011/crox-20211231.htm", "calculatedOtherExpenses": -13700000, "calculatedOperatingExpenses": 737156000, "calculatedNetInterest": -20872000, "calculatedOtherIncome": 1657000, "calculatedIncomeNonControlling": 0, "calculatedEbitda": 717612000}, {"date": "2020-12-31", "symbol": "CROX", "reportedCurrency": "USD", "cik": "0001334036", "fillingDate": "2021-02-23", "acceptedDate": "2021-02-23 12:12:29", "calendarYear": "2020", "period": "FY", "revenue": 1385951000, "costOfRevenue": 636003000, "grossProfit": 749948000, "grossProfitRatio": 0.5411071531, "researchAndDevelopmentExpenses": 10200000, "generalAndAdministrativeExpenses": 535804090, "sellingAndMarketingExpenses": 19910, "sellingGeneralAndAdministrativeExpenses": 535824000, "otherExpenses": 510000, "operatingExpenses": 535824000, "costAndExpenses": 1171827000, "interestIncome": 215000, "interestExpense": 6742000, "depreciationAndAmortization": 28344000, "ebitda": 242468000, "ebitdaratio": 0.1749470219, "operatingIncome": 214124000, "operatingIncomeRatio": 0.1544960825, "totalOtherIncomeExpensesNet": -7145000, "incomeBeforeTax": 206979000, "incomeBeforeTaxRatio": 0.1493407776, "incomeTaxExpense": -105882000, "netIncome": 312861000, "netIncomeRatio": 0.2257374178, "eps": 4.64, "epsdiluted": 4.56, "weightedAverageShsOut": 67386000, "weightedAverageShsOutDil": 68544000, "link": "https://www.sec.gov/Archives/edgar/data/1334036/000133403621000035/0001334036-21-000035-index.htm", "finalLink": "https://www.sec.gov/Archives/edgar/data/1334036/000133403621000035/crox-20201231.htm", "calculatedOtherExpenses": -10200000, "calculatedOperatingExpenses": 535824000, "calculatedNetInterest": -6527000, "calculatedOtherIncome": -618000, "calculatedIncomeNonControlling": 0, "calculatedEbitda": 242468000}, {"date": "2019-12-31", "symbol": "CROX", "reportedCurrency": "USD", "cik": "0001334036", "fillingDate": "2020-02-27", "acceptedDate": "2020-02-27 12:34:05", "calendarYear": "2019", "period": "FY", "revenue": 1230593000, "costOfRevenue": 613537000, "grossProfit": 617056000, "grossProfitRatio": 0.5014297985, "researchAndDevelopmentExpenses": 11800000, "generalAndAdministrativeExpenses": 488389190, "sellingAndMarketingExpenses": 17810, "sellingGeneralAndAdministrativeExpenses": 488407000, "otherExpenses": 31000, "operatingExpenses": 488407000, "costAndExpenses": 1101944000, "interestIncome": 601000, "interestExpense": 8636000, "depreciationAndAmortization": 24845000, "ebitda": 153494000, "ebitdaratio": 0.124731735, "operatingIncome": 128649000, "operatingIncomeRatio": 0.1045422816, "totalOtherIncomeExpensesNet": -9327000, "incomeBeforeTax": 119322000, "incomeBeforeTaxRatio": 0.0969630089, "incomeTaxExpense": -175000, "netIncome": 119497000, "netIncomeRatio": 0.0971052168, "eps": 1.7, "epsdiluted": 1.67, "weightedAverageShsOut": 70357000, "weightedAverageShsOutDil": 71771000, "link": "https://www.sec.gov/Archives/edgar/data/1334036/000133403620000010/0001334036-20-000010-index.htm", "finalLink": "https://www.sec.gov/Archives/edgar/data/1334036/000133403620000010/crox-20191231.htm", "calculatedOtherExpenses": -11800000, "calculatedOperatingExpenses": 488407000, "calculatedNetInterest": -8035000, "calculatedOtherIncome": -1292000, "calculatedIncomeNonControlling": 0, "calculatedEbitda": 153494000}, {"date": "2018-12-31", "symbol": "CROX", "reportedCurrency": "USD", "cik": "0001334036", "fillingDate": "2019-02-28", "acceptedDate": "2019-02-28 13:08:57", "calendarYear": "2018", "period": "FY", "revenue": 1088205000, "costOfRevenue": 528051000, "grossProfit": 560154000, "grossProfitRatio": 0.5147504376, "researchAndDevelopmentExpenses": 14100000, "generalAndAdministrativeExpenses": 497192290, "sellingAndMarketingExpenses": 17710, "sellingGeneralAndAdministrativeExpenses": 497210000, "otherExpenses": 569000, "operatingExpenses": 497210000, "costAndExpenses": 1025261000, "interestIncome": 1281000, "interestExpense": 955000, "depreciationAndAmortization": 31100000, "ebitda": 94044000, "ebitdaratio": 0.0864212166, "operatingIncome": 62944000, "operatingIncomeRatio": 0.0578420426, "totalOtherIncomeExpensesNet": 2213000, "incomeBeforeTax": 65157000, "incomeBeforeTaxRatio": 0.0598756668, "incomeTaxExpense": 14720000, "netIncome": 50437000, "netIncomeRatio": 0.0463488038, "eps": 0.74, "epsdiluted": 0.74, "weightedAverageShsOut": 68421000, "weightedAverageShsOutDil": 68421000, "link": "https://www.sec.gov/Archives/edgar/data/1334036/000133403619000012/0001334036-19-000012-index.htm", "finalLink": "https://www.sec.gov/Archives/edgar/data/1334036/000133403619000012/crox12311810-k.htm", "calculatedOtherExpenses": -14100000, "calculatedOperatingExpenses": 497210000, "calculatedNetInterest": 326000, "calculatedOtherIncome": 1887000, "calculatedIncomeNonControlling": 0, "calculatedEbitda": 94044000}, {"date": "2017-12-31", "symbol": "CROX", "reportedCurrency": "USD", "cik": "0001334036", "fillingDate": "2018-02-28", "acceptedDate": "2018-02-28 12:21:54", "calendarYear": "2017", "period": "FY", "revenue": 1023513000, "costOfRevenue": 506292000, "grossProfit": 517221000, "grossProfitRatio": 0.5053389649, "researchAndDevelopmentExpenses": 13400000, "generalAndAdministrativeExpenses": 494601000, "sellingAndMarketingExpenses": 17310, "sellingGeneralAndAdministrativeExpenses": 499885000, "otherExpenses": 280000, "operatingExpenses": 499885000, "costAndExpenses": 1006177000, "interestIncome": 870000, "interestExpense": 869000, "depreciationAndAmortization": 33130000, "ebitda": 51616000, "ebitdaratio": 0.0504302339, "operatingIncome": 17336000, "operatingIncomeRatio": 0.0169377429, "totalOtherIncomeExpensesNet": 843000, "incomeBeforeTax": 18180000, "incomeBeforeTaxRatio": 0.0177623538, "incomeTaxExpense": 7942000, "netIncome": 10238000, "netIncomeRatio": 0.0100028041, "eps": -0.07, "epsdiluted": -0.07, "weightedAverageShsOut": 72255000, "weightedAverageShsOutDil": 72255000, "link": "https://www.sec.gov/Archives/edgar/data/1334036/000162828018002437/0001628280-18-002437-index.htm", "finalLink": "https://www.sec.gov/Archives/edgar/data/1334036/000162828018002437/crox201712311710-k.htm", "calculatedOtherExpenses": -13400000, "calculatedOperatingExpenses": 499885000, "calculatedNetInterest": 1000, "calculatedOtherIncome": 843000, "calculatedIncomeNonControlling": 0, "calculatedEbitda": 50466000}, {"date": "2016-12-31", "symbol": "CROX", "reportedCurrency": "USD", "cik": "0001334036", "fillingDate": "2017-03-01", "acceptedDate": "2017-03-01 17:07:16", "calendarYear": "2016", "period": "FY", "revenue": 1036273000, "costOfRevenue": 536109000, "grossProfit": 500164000, "grossProfitRatio": 0.4826565972, "researchAndDevelopmentExpenses": 11900000, "generalAndAdministrativeExpenses": 503174000, "sellingAndMarketingExpenses": 18530, "sellingGeneralAndAdministrativeExpenses": 503174000, "otherExpenses": 1539000, "operatingExpenses": 503174000, "costAndExpenses": 1039283000, "interestIncome": 692000, "interestExpense": 836000, "depreciationAndAmortization": 34043000, "ebitda": -779000, "ebitdaratio": -0.0007517324, "operatingIncome": -6154000, "operatingIncomeRatio": -0.0059385895, "totalOtherIncomeExpensesNet": -4059000, "incomeBeforeTax": -7213000, "incomeBeforeTaxRatio": -0.006960521, "incomeTaxExpense": 9281000, "netIncome": -16494000, "netIncomeRatio": -0.0159166552, "eps": -0.22, "epsdiluted": -0.22, "weightedAverageShsOut": 73371000, "weightedAverageShsOutDil": 73809302, "link": "https://www.sec.gov/Archives/edgar/data/1334036/000162828017002068/0001628280-17-002068-index.htm", "finalLink": "https://www.sec.gov/Archives/edgar/data/1334036/000162828017002068/crox-20161231x10k.htm", "calculatedOtherExpenses": -8756000, "calculatedOperatingExpenses": 506318000, "calculatedNetInterest": -144000, "calculatedOtherIncome": -915000, "calculatedIncomeNonControlling": 0, "calculatedEbitda": 27889000}, {"date": "2015-12-31", "symbol": "CROX", "reportedCurrency": "USD", "cik": "0001334036", "fillingDate": "2016-02-29", "acceptedDate": "2016-02-29 17:51:52", "calendarYear": "2015", "period": "FY", "revenue": 1090630000, "costOfRevenue": 579825000, "grossProfit": 510805000, "grossProfitRatio": 0.4683577382, "researchAndDevelopmentExpenses": 14000000, "generalAndAdministrativeExpenses": 559095000, "sellingAndMarketingExpenses": 20920, "sellingGeneralAndAdministrativeExpenses": 559095000, "otherExpenses": 914000, "operatingExpenses": 559095000, "costAndExpenses": 1138920000, "interestIncome": 967000, "interestExpense": 969000, "depreciationAndAmortization": 35993000, "ebitda": -46409000, "ebitdaratio": -0.0425524697, "operatingIncome": -72324000, "operatingIncomeRatio": -0.0663139653, "totalOtherIncomeExpensesNet": -26452000, "incomeBeforeTax": -74744000, "incomeBeforeTaxRatio": -0.0685328663, "incomeTaxExpense": 8452000, "netIncome": -83196000, "netIncomeRatio": -0.0762825156, "eps": -1.1, "epsdiluted": -1.1, "weightedAverageShsOut": 75390000, "weightedAverageShsOutDil": 75390000, "link": "https://www.sec.gov/Archives/edgar/data/1334036/000104746916010591/0001047469-16-010591-index.htm", "finalLink": "https://www.sec.gov/Archives/edgar/data/1334036/000104746916010591/a2227543z10-k.htm", "calculatedOtherExpenses": 10034000, "calculatedOperatingExpenses": 583129000, "calculatedNetInterest": -2000, "calculatedOtherIncome": -2418000, "calculatedIncomeNonControlling": 0, "calculatedEbitda": -36331000}, {"date": "2014-12-31", "symbol": "CROX", "reportedCurrency": "USD", "cik": "0001334036", "fillingDate": "2015-03-02", "acceptedDate": "2015-03-02 17:25:35", "calendarYear": "2014", "period": "FY", "revenue": 1198223000, "costOfRevenue": 607878000, "grossProfit": 590345000, "grossProfitRatio": 0.4926837492, "researchAndDevelopmentExpenses": 16700000, "generalAndAdministrativeExpenses": 565712000, "sellingAndMarketingExpenses": 2014000, "sellingGeneralAndAdministrativeExpenses": 565712000, "otherExpenses": 204000, "operatingExpenses": 565712000, "costAndExpenses": 1173590000, "interestIncome": 1664000, "interestExpense": 806000, "depreciationAndAmortization": 37413000, "ebitda": 26501000, "ebitdaratio": 0.0221169181, "operatingIncome": -4726000, "operatingIncomeRatio": -0.003944174, "totalOtherIncomeExpensesNet": -34040000, "incomeBeforeTax": -8549000, "incomeBeforeTaxRatio": -0.007134732, "incomeTaxExpense": -3623000, "netIncome": -4926000, "netIncomeRatio": -0.0041110878, "eps": -0.0579, "epsdiluted": -0.0572, "weightedAverageShsOut": 85140201, "weightedAverageShsOutDil": 86190909, "link": "https://www.sec.gov/Archives/edgar/data/1334036/000104746915001519/0001047469-15-001519-index.htm", "finalLink": "https://www.sec.gov/Archives/edgar/data/1334036/000104746915001519/a2223339z10-k.htm", "calculatedOtherExpenses": 12659000, "calculatedOperatingExpenses": 595071000, "calculatedNetInterest": 858000, "calculatedOtherIncome": -4681000, "calculatedIncomeNonControlling": 0, "calculatedEbitda": 32687000}, {"date": "2013-12-31", "symbol": "CROX", "reportedCurrency": "USD", "cik": "0001334036", "fillingDate": "2014-02-25", "acceptedDate": "2014-02-25 17:17:35", "calendarYear": "2013", "period": "FY", "revenue": 1192680000, "costOfRevenue": 569482000, "grossProfit": 623198000, "grossProfitRatio": 0.5225190328, "researchAndDevelopmentExpenses": 15400000, "generalAndAdministrativeExpenses": 549154000, "sellingAndMarketingExpenses": 47600000, "sellingGeneralAndAdministrativeExpenses": 549154000, "otherExpenses": 126000, "operatingExpenses": 549154000, "costAndExpenses": 1118636000, "interestIncome": 2432000, "interestExpense": 1016000, "depreciationAndAmortization": 41506000, "ebitda": 76602000, "ebitdaratio": 0.0642267834, "operatingIncome": 63095000, "operatingIncomeRatio": 0.0529018681, "totalOtherIncomeExpensesNet": -15501000, "incomeBeforeTax": 59959000, "incomeBeforeTaxRatio": 0.0502724956, "incomeTaxExpense": 49539000, "netIncome": 10420000, "netIncomeRatio": 0.0087366268, "eps": 0.12, "epsdiluted": 0.12, "weightedAverageShsOut": 86833333, "weightedAverageShsOutDil": 86833333, "link": "https://www.sec.gov/Archives/edgar/data/1334036/000104746914001323/0001047469-14-001323-index.htm", "finalLink": "https://www.sec.gov/Archives/edgar/data/1334036/000104746914001323/a2218528z10-k.htm", "calculatedOtherExpenses": -4451000, "calculatedOperatingExpenses": 560103000, "calculatedNetInterest": 1416000, "calculatedOtherIncome": -4552000, "calculatedIncomeNonControlling": 0, "calculatedEbitda": 104601000}, {"date": "2012-12-31", "symbol": "CROX", "reportedCurrency": "USD", "cik": "0001334036", "fillingDate": "2013-02-25", "acceptedDate": "2013-02-25 08:34:44", "calendarYear": "2012", "period": "FY", "revenue": 1123301000, "costOfRevenue": 515324000, "grossProfit": 607977000, "grossProfitRatio": 0.5412413948, "researchAndDevelopmentExpenses": 12000000, "generalAndAdministrativeExpenses": 460393000, "sellingAndMarketingExpenses": 39800000, "sellingGeneralAndAdministrativeExpenses": 460393000, "otherExpenses": 2711000, "operatingExpenses": 460393000, "costAndExpenses": 975717000, "interestIncome": 0, "interestExpense": 837000, "depreciationAndAmortization": 36694000, "ebitda": 186989000, "ebitdaratio": 0.1664638418, "operatingIncome": 146174000, "operatingIncomeRatio": 0.1301289681, "totalOtherIncomeExpensesNet": -1199000, "incomeBeforeTax": 145548000, "incomeBeforeTaxRatio": 0.129571682, "incomeTaxExpense": 14205000, "netIncome": 131343000, "netIncomeRatio": 0.1169259175, "eps": 1.46, "epsdiluted": 1.44, "weightedAverageShsOut": 89960959, "weightedAverageShsOutDil": 91210417, "link": "https://www.sec.gov/Archives/edgar/data/1334036/000119312513072829/0001193125-13-072829-index.htm", "finalLink": "https://www.sec.gov/Archives/edgar/data/1334036/000119312513072829/d445683d10k.htm", "calculatedOtherExpenses": -10590000, "calculatedOperatingExpenses": 461803000, "calculatedNetInterest": -837000, "calculatedOtherIncome": 211000, "calculatedIncomeNonControlling": 0, "calculatedEbitda": 182868000}, {"date": "2011-12-31", "symbol": "CROX", "reportedCurrency": "USD", "cik": "0001334036", "fillingDate": "2012-02-23", "acceptedDate": "2012-02-23 16:46:11", "calendarYear": "2011", "period": "FY", "revenue": 1000903000, "costOfRevenue": 464493000, "grossProfit": 536410000, "grossProfitRatio": 0.5359260588, "researchAndDevelopmentExpenses": 0, "generalAndAdministrativeExpenses": 404803000, "sellingAndMarketingExpenses": 0, "sellingGeneralAndAdministrativeExpenses": 404803000, "otherExpenses": -5426000, "operatingExpenses": 404803000, "costAndExpenses": 869296000, "interestIncome": 0, "interestExpense": 853000, "depreciationAndAmortization": 37263000, "ebitda": 131607000, "ebitdaratio": 0.1314882661, "operatingIncome": 136505000, "operatingIncomeRatio": 0.1363818472, "totalOtherIncomeExpensesNet": 5936000, "incomeBeforeTax": 136690000, "incomeBeforeTaxRatio": 0.1365666803, "incomeTaxExpense": 23902000, "netIncome": 112788000, "netIncomeRatio": 0.1126862443, "eps": 1.27, "epsdiluted": 1.24, "weightedAverageShsOut": 88809449, "weightedAverageShsOutDil": 90958065, "link": "https://www.sec.gov/Archives/edgar/data/1334036/000119312512075455/0001193125-12-075455-index.htm", "finalLink": "https://www.sec.gov/Archives/edgar/data/1334036/000119312512075455/d280890d10k.htm", "calculatedOtherExpenses": -4898000, "calculatedOperatingExpenses": 399905000, "calculatedNetInterest": -853000, "calculatedOtherIncome": 1038000, "calculatedIncomeNonControlling": 0, "calculatedEbitda": 173768000}, {"date": "2010-12-31", "symbol": "CROX", "reportedCurrency": "USD", "cik": "0001334036", "fillingDate": "2011-02-25", "acceptedDate": "2011-02-25 16:05:35", "calendarYear": "2010", "period": "FY", "revenue": 789695000, "costOfRevenue": 365931000, "grossProfit": 423764000, "grossProfitRatio": 0.5366173016, "researchAndDevelopmentExpenses": 0, "generalAndAdministrativeExpenses": 342121000, "sellingAndMarketingExpenses": 840000, "sellingGeneralAndAdministrativeExpenses": 342961000, "otherExpenses": -2072000, "operatingExpenses": 340049000, "costAndExpenses": 705980000, "interestIncome": 0, "interestExpense": 657000, "depreciationAndAmortization": 37059000, "ebitda": 83715000, "ebitdaratio": 0.1060092821, "operatingIncome": 81035000, "operatingIncomeRatio": 0.1026155668, "totalOtherIncomeExpensesNet": -2266000, "incomeBeforeTax": 80792000, "incomeBeforeTaxRatio": 0.102307853, "incomeTaxExpense": 13066000, "netIncome": 67726000, "netIncomeRatio": 0.0857622247, "eps": 0.78, "epsdiluted": 0.76, "weightedAverageShsOut": 85482055, "weightedAverageShsOutDil": 87595618, "link": "https://www.sec.gov/Archives/edgar/data/1334036/000104746911001395/0001047469-11-001395-index.htm", "finalLink": "https://www.sec.gov/Archives/edgar/data/1334036/000104746911001395/a2202205z10-k.htm", "calculatedOtherExpenses": -232000, "calculatedOperatingExpenses": 342729000, "calculatedNetInterest": -657000, "calculatedOtherIncome": 414000, "calculatedIncomeNonControlling": 0, "calculatedEbitda": 118094000}, {"date": "2009-12-31", "symbol": "CROX", "reportedCurrency": "USD", "cik": "0001334036", "fillingDate": "2010-02-25", "acceptedDate": "2010-02-25 16:39:46", "calendarYear": "2009", "period": "FY", "revenue": 645767000, "costOfRevenue": 337720000, "grossProfit": 308047000, "grossProfitRatio": 0.4770249951, "researchAndDevelopmentExpenses": 0, "generalAndAdministrativeExpenses": 311592000, "sellingAndMarketingExpenses": 0, "sellingGeneralAndAdministrativeExpenses": 311592000, "otherExpenses": 6845000, "operatingExpenses": 318437000, "costAndExpenses": 656157000, "interestIncome": 0, "interestExpense": 1495000, "depreciationAndAmortization": 36671000, "ebitda": 19195000, "ebitdaratio": 0.0297243433, "operatingIncome": -51184000, "operatingIncomeRatio": -0.079260786, "totalOtherIncomeExpensesNet": -29650000, "incomeBeforeTax": -48621000, "incomeBeforeTaxRatio": -0.0752918622, "incomeTaxExpense": -6543000, "netIncome": -42078000, "netIncomeRatio": -0.0651597248, "eps": -0.49, "epsdiluted": -0.49, "weightedAverageShsOut": 85112461, "weightedAverageShsOutDil": 85112461, "link": "https://www.sec.gov/Archives/edgar/data/1334036/000104746910001357/0001047469-10-001357-index.htm", "finalLink": "https://www.sec.gov/Archives/edgar/data/1334036/000104746910001357/a2196634z10-k.htm", "calculatedOtherExpenses": 47639000, "calculatedOperatingExpenses": 359231000, "calculatedNetInterest": -1495000, "calculatedOtherIncome": 4058000, "calculatedIncomeNonControlling": 0, "calculatedEbitda": -14513000}, {"date": "2008-12-31", "symbol": "CROX", "reportedCurrency": "USD", "cik": "0001334036", "fillingDate": "2009-03-17", "acceptedDate": "2009-03-17 17:01:03", "calendarYear": "2008", "period": "FY", "revenue": 721589000, "costOfRevenue": 486722000, "grossProfit": 234867000, "grossProfitRatio": 0.3254858375, "researchAndDevelopmentExpenses": 0, "generalAndAdministrativeExpenses": 368800000, "sellingAndMarketingExpenses": 0, "sellingGeneralAndAdministrativeExpenses": 368800000, "otherExpenses": 44883000, "operatingExpenses": 413683000, "costAndExpenses": 900405000, "interestIncome": 0, "interestExpense": 1793000, "depreciationAndAmortization": 37450000, "ebitda": -87582000, "ebitdaratio": -0.1213738014, "operatingIncome": -188282000, "operatingIncomeRatio": -0.2609269265, "totalOtherIncomeExpensesNet": -53784000, "incomeBeforeTax": -189510000, "incomeBeforeTaxRatio": -0.2626287263, "incomeTaxExpense": -4434000, "netIncome": -185076000, "netIncomeRatio": -0.2564839542, "eps": -2.24, "epsdiluted": -2.24, "weightedAverageShsOut": 82767540, "weightedAverageShsOutDil": 82767540, "link": "https://www.sec.gov/Archives/edgar/data/1334036/000104746909002818/0001047469-09-002818-index.htm", "finalLink": "https://www.sec.gov/Archives/edgar/data/1334036/000104746909002818/a2190961z10-k.htm", "calculatedOtherExpenses": 54349000, "calculatedOperatingExpenses": 423149000, "calculatedNetInterest": -1793000, "calculatedOtherIncome": 565000, "calculatedIncomeNonControlling": 0, "calculatedEbitda": -150832000}, {"date": "2007-12-31", "symbol": "CROX", "reportedCurrency": "USD", "cik": "0001334036", "fillingDate": "2008-02-29", "acceptedDate": "2008-02-29 16:55:06", "calendarYear": "2007", "period": "FY", "revenue": 847350000, "costOfRevenue": 349701000, "grossProfit": 497649000, "grossProfitRatio": 0.5873004072, "researchAndDevelopmentExpenses": 0, "generalAndAdministrativeExpenses": 259882000, "sellingAndMarketingExpenses": 0, "sellingGeneralAndAdministrativeExpenses": 259882000, "otherExpenses": 0, "operatingExpenses": 259882000, "costAndExpenses": 609583000, "interestIncome": 0, "interestExpense": 438000, "depreciationAndAmortization": 20949000, "ebitda": 255719000, "ebitdaratio": 0.3017867469, "operatingIncome": 237767000, "operatingIncomeRatio": 0.2806006963, "totalOtherIncomeExpensesNet": 2997000, "incomeBeforeTax": 240326000, "incomeBeforeTaxRatio": 0.2836206998, "incomeTaxExpense": 72098000, "netIncome": 168228000, "netIncomeRatio": 0.1985342539, "eps": 2.08, "epsdiluted": 2, "weightedAverageShsOut": 80759077, "weightedAverageShsOutDil": 84194883, "link": "https://www.sec.gov/Archives/edgar/data/1334036/000104746908002093/0001047469-08-002093-index.htm", "finalLink": "https://www.sec.gov/Archives/edgar/data/1334036/000104746908002093/a2183219z10-k.htm", "calculatedOtherExpenses": 0, "calculatedOperatingExpenses": 259882000, "calculatedNetInterest": -438000, "calculatedOtherIncome": 2997000, "calculatedIncomeNonControlling": 0, "calculatedEbitda": 258716000}, {"date": "2006-12-31", "symbol": "CROX", "reportedCurrency": "USD", "cik": "0001334036", "fillingDate": "2007-04-02", "acceptedDate": "2007-04-02 17:28:31", "calendarYear": "2006", "period": "FY", "revenue": 354728000, "costOfRevenue": 154158000, "grossProfit": 200570000, "grossProfitRatio": 0.565419138, "researchAndDevelopmentExpenses": 0, "generalAndAdministrativeExpenses": 105224000, "sellingAndMarketingExpenses": 0, "sellingGeneralAndAdministrativeExpenses": 105224000, "otherExpenses": 0, "operatingExpenses": 105224000, "costAndExpenses": 259382000, "interestIncome": 0, "interestExpense": 567000, "depreciationAndAmortization": 8053000, "ebitda": 101552000, "ebitdaratio": 0.2862813198, "operatingIncome": 95346000, "operatingIncomeRatio": 0.2687862249, "totalOtherIncomeExpensesNet": 1847000, "incomeBeforeTax": 96626000, "incomeBeforeTaxRatio": 0.2723946235, "incomeTaxExpense": 32209000, "netIncome": 64417000, "netIncomeRatio": 0.181595476, "eps": 0.44, "epsdiluted": 0.41, "weightedAverageShsOut": 149196800, "weightedAverageShsOutDil": 160341024, "link": "https://www.sec.gov/Archives/edgar/data/1334036/000110465907025001/0001104659-07-025001-index.htm", "finalLink": "https://www.sec.gov/Archives/edgar/data/1334036/000110465907025001/a07-7262_110k.htm", "calculatedOtherExpenses": 0, "calculatedOperatingExpenses": 105224000, "calculatedNetInterest": -567000, "calculatedOtherIncome": 1847000, "calculatedIncomeNonControlling": 0, "calculatedEbitda": 103399000}, {"date": "2005-12-31", "symbol": "CROX", "reportedCurrency": "USD", "cik": "0001334036", "fillingDate": "2006-03-31", "acceptedDate": "2006-03-31 17:18:22", "calendarYear": "2005", "period": "FY", "revenue": 108581000, "costOfRevenue": 47773000, "grossProfit": 60808000, "grossProfitRatio": 0.5600243136, "researchAndDevelopmentExpenses": 0, "generalAndAdministrativeExpenses": 33916000, "sellingAndMarketingExpenses": 0, "sellingGeneralAndAdministrativeExpenses": 33916000, "otherExpenses": 0, "operatingExpenses": 33916000, "costAndExpenses": 81689000, "interestIncome": 0, "interestExpense": 47000, "depreciationAndAmortization": 3334000, "ebitda": 30218000, "ebitdaratio": 0.2782991499, "operatingIncome": 26892000, "operatingIncomeRatio": 0.2476676398, "totalOtherIncomeExpensesNet": 8000, "incomeBeforeTax": 26289000, "incomeBeforeTaxRatio": 0.242114182, "incomeTaxExpense": 9317000, "netIncome": 16972000, "netIncomeRatio": 0.1563072729, "eps": 0.26, "epsdiluted": 0.26, "weightedAverageShsOut": 50987154, "weightedAverageShsOutDil": 67140000, "link": "https://www.sec.gov/Archives/edgar/data/1334036/000104746906004382/0001047469-06-004382-index.htm", "finalLink": "https://www.sec.gov/Archives/edgar/data/1334036/000104746906004382/a2168966z10-k.htm", "calculatedOtherExpenses": 0, "calculatedOperatingExpenses": 33916000, "calculatedNetInterest": -47000, "calculatedOtherIncome": -556000, "calculatedIncomeNonControlling": 0, "calculatedEbitda": 30226000}, {"date": "2004-12-31", "symbol": "CROX", "reportedCurrency": "USD", "cik": "0001334036", "fillingDate": "2004-12-31", "acceptedDate": "2004-12-30 19:00:00", "calendarYear": "2004", "period": "FY", "revenue": 13520000, "costOfRevenue": 7162000, "grossProfit": 6358000, "grossProfitRatio": 0.4702662722, "researchAndDevelopmentExpenses": 0, "generalAndAdministrativeExpenses": 7929000, "sellingAndMarketingExpenses": 0, "sellingGeneralAndAdministrativeExpenses": 7929000, "otherExpenses": 0, "operatingExpenses": 7929000, "costAndExpenses": 15091000, "interestIncome": 0, "interestExpense": 0, "depreciationAndAmortization": 700000, "ebitda": -852000, "ebitdaratio": -0.0630177515, "operatingIncome": -1571000, "operatingIncomeRatio": -0.1161982249, "totalOtherIncomeExpensesNet": -19000, "incomeBeforeTax": -1637000, "incomeBeforeTaxRatio": -0.1210798817, "incomeTaxExpense": -143000, "netIncome": -1494000, "netIncomeRatio": -0.1105029586, "eps": -0.0303, "epsdiluted": -0.0303, "weightedAverageShsOut": 49283906, "weightedAverageShsOutDil": 49283906, "link": "", "finalLink": "", "calculatedOtherExpenses": 0, "calculatedOperatingExpenses": 7929000, "calculatedNetInterest": 0, "calculatedOtherIncome": -66000, "calculatedIncomeNonControlling": 0, "calculatedEbitda": -871000}, {"date": "2003-12-31", "symbol": "CROX", "reportedCurrency": "USD", "cik": "0001334036", "fillingDate": "2003-12-31", "acceptedDate": "2003-12-30 19:00:00", "calendarYear": "2003", "period": "FY", "revenue": 1165000, "costOfRevenue": 891000, "grossProfit": 274000, "grossProfitRatio": 0.235193133, "researchAndDevelopmentExpenses": 0, "generalAndAdministrativeExpenses": 1471000, "sellingAndMarketingExpenses": 0, "sellingGeneralAndAdministrativeExpenses": 1471000, "otherExpenses": 0, "operatingExpenses": 1471000, "costAndExpenses": 2362000, "interestIncome": 0, "interestExpense": 0, "depreciationAndAmortization": 75000, "ebitda": -1122000, "ebitdaratio": -0.9630901288, "operatingIncome": -1197000, "operatingIncomeRatio": -1.0274678112, "totalOtherIncomeExpensesNet": -3000, "incomeBeforeTax": -1200000, "incomeBeforeTaxRatio": -1.0300429185, "incomeTaxExpense": 0, "netIncome": -1200000, "netIncomeRatio": -1.0300429185, "eps": -0.0144, "epsdiluted": -0.0144, "weightedAverageShsOut": 83421540, "weightedAverageShsOutDil": 83421540, "link": "", "finalLink": "", "calculatedOtherExpenses": 0, "calculatedOperatingExpenses": 1471000, "calculatedNetInterest": 0, "calculatedOtherIncome": -3000, "calculatedIncomeNonControlling": 0, "calculatedEbitda": -1122000}, {"date": "2002-12-31", "symbol": "CROX", "reportedCurrency": "USD", "cik": "0001334036", "fillingDate": "2002-12-31", "acceptedDate": "2002-12-30 19:00:00", "calendarYear": "2002", "period": "FY", "revenue": 24000, "costOfRevenue": 16000, "grossProfit": 8000, "grossProfitRatio": 0.3333333333, "researchAndDevelopmentExpenses": 0, "generalAndAdministrativeExpenses": 453000, "sellingAndMarketingExpenses": 0, "sellingGeneralAndAdministrativeExpenses": 453000, "otherExpenses": 0, "operatingExpenses": 453000, "costAndExpenses": 469000, "interestIncome": 0, "interestExpense": 0, "depreciationAndAmortization": 0, "ebitda": -445000, "ebitdaratio": -18.5416666667, "operatingIncome": -445000, "operatingIncomeRatio": -18.5416666667, "totalOtherIncomeExpensesNet": 0, "incomeBeforeTax": -445000, "incomeBeforeTaxRatio": -18.5416666667, "incomeTaxExpense": 0, "netIncome": -445000, "netIncomeRatio": -18.5416666667, "eps": -0.0268, "epsdiluted": -0.0268, "weightedAverageShsOut": 16577420, "weightedAverageShsOutDil": 16577420, "link": "", "finalLink": "", "calculatedOtherExpenses": 0, "calculatedOperatingExpenses": 453000, "calculatedNetInterest": 0, "calculatedOtherIncome": 0, "calculatedIncomeNonControlling": 0, "calculatedEbitda": -445000}]}