{"originalCurrency": "USD", "convertedCurrency": "USD", "report": [{"date": "2023-06-30", "symbol": "CRS", "reportedCurrency": "USD", "cik": "0000017843", "fillingDate": "2023-08-11", "acceptedDate": "2023-08-11 09:08:19", "calendarYear": "2023", "period": "FY", "revenue": 2550300000, "costOfRevenue": 2213000000, "grossProfit": 337300000, "grossProfitRatio": 0.1322589499, "researchAndDevelopmentExpenses": 24400000, "generalAndAdministrativeExpenses": 0, "sellingAndMarketingExpenses": 0, "sellingGeneralAndAdministrativeExpenses": 204200000, "otherExpenses": -6500000, "operatingExpenses": 204200000, "costAndExpenses": 2417200000, "interestIncome": 600000, "interestExpense": 54100000, "depreciationAndAmortization": 131000000, "ebitda": 257600000, "ebitdaratio": 0.1010077246, "operatingIncome": 133100000, "operatingIncomeRatio": 0.0521899384, "totalOtherIncomeExpensesNet": -6500000, "incomeBeforeTax": 72500000, "incomeBeforeTaxRatio": 0.0284280281, "incomeTaxExpense": 16100000, "netIncome": 56400000, "netIncomeRatio": 0.0221150453, "eps": 1.15, "epsdiluted": 1.14, "weightedAverageShsOut": 48800000, "weightedAverageShsOutDil": 49200000, "link": "https://www.sec.gov/Archives/edgar/data/17843/000001784323000021/0000017843-23-000021-index.htm", "finalLink": "https://www.sec.gov/Archives/edgar/data/17843/000001784323000021/crs-20230630.htm", "calculatedOtherExpenses": -24400000, "calculatedOperatingExpenses": 204200000, "calculatedNetInterest": -53500000, "calculatedOtherIncome": -7100000, "calculatedIncomeNonControlling": 0, "calculatedEbitda": 264100000}, {"date": "2022-06-30", "symbol": "CRS", "reportedCurrency": "USD", "cik": "0000017843", "fillingDate": "2022-08-15", "acceptedDate": "2022-08-15 17:26:03", "calendarYear": "2022", "period": "FY", "revenue": 1836300000, "costOfRevenue": 1686500000, "grossProfit": 149800000, "grossProfitRatio": 0.0815770844, "researchAndDevelopmentExpenses": 20400000, "generalAndAdministrativeExpenses": 0, "sellingAndMarketingExpenses": 0, "sellingGeneralAndAdministrativeExpenses": 174700000, "otherExpenses": 12700000, "operatingExpenses": 174700000, "costAndExpenses": 1861200000, "interestIncome": 100000, "interestExpense": 44900000, "depreciationAndAmortization": 131400000, "ebitda": 119200000, "ebitdaratio": 0.0649131406, "operatingIncome": -12200000, "operatingIncomeRatio": -0.0066437946, "totalOtherIncomeExpensesNet": -50900000, "incomeBeforeTax": -63100000, "incomeBeforeTaxRatio": -0.0343625769, "incomeTaxExpense": -14000000, "netIncome": -49100000, "netIncomeRatio": -0.0267385503, "eps": -1.01, "epsdiluted": -1.01, "weightedAverageShsOut": 48500000, "weightedAverageShsOutDil": 48500000, "link": "https://www.sec.gov/Archives/edgar/data/17843/000001784322000019/0000017843-22-000019-index.htm", "finalLink": "https://www.sec.gov/Archives/edgar/data/17843/000001784322000019/crs-20220630.htm", "calculatedOtherExpenses": -33100000, "calculatedOperatingExpenses": 162000000, "calculatedNetInterest": -44800000, "calculatedOtherIncome": -6100000, "calculatedIncomeNonControlling": 0, "calculatedEbitda": 119200000}, {"date": "2021-06-30", "symbol": "CRS", "reportedCurrency": "USD", "cik": "0000017843", "fillingDate": "2021-08-19", "acceptedDate": "2021-08-19 16:21:44", "calendarYear": "2021", "period": "FY", "revenue": 1475600000, "costOfRevenue": 1474600000, "grossProfit": 1000000, "grossProfitRatio": 0.0006776904, "researchAndDevelopmentExpenses": 19700000, "generalAndAdministrativeExpenses": 0, "sellingAndMarketingExpenses": 0, "sellingGeneralAndAdministrativeExpenses": 180200000, "otherExpenses": -8400000, "operatingExpenses": 180200000, "costAndExpenses": 1654800000, "interestIncome": 32700000, "interestExpense": 32700000, "depreciationAndAmortization": 115200000, "ebitda": -64000000, "ebitdaratio": -0.0433721876, "operatingIncome": -179200000, "operatingIncomeRatio": -0.1214421252, "totalOtherIncomeExpensesNet": -118700000, "incomeBeforeTax": -297900000, "incomeBeforeTaxRatio": -0.2018839794, "incomeTaxExpense": -68300000, "netIncome": -229600000, "netIncomeRatio": -0.155597723, "eps": -4.75, "epsdiluted": -4.75, "weightedAverageShsOut": 48300000, "weightedAverageShsOutDil": 48300000, "link": "https://www.sec.gov/Archives/edgar/data/17843/000001784321000030/0000017843-21-000030-index.htm", "finalLink": "https://www.sec.gov/Archives/edgar/data/17843/000001784321000030/crs-20210630.htm", "calculatedOtherExpenses": -19700000, "calculatedOperatingExpenses": 180200000, "calculatedNetInterest": 0, "calculatedOtherIncome": -118700000, "calculatedIncomeNonControlling": 0, "calculatedEbitda": -64000000}, {"date": "2020-06-30", "symbol": "CRS", "reportedCurrency": "USD", "cik": "0000017843", "fillingDate": "2020-09-04", "acceptedDate": "2020-09-04 16:56:11", "calendarYear": "2020", "period": "FY", "revenue": 2181100000, "costOfRevenue": 1822400000, "grossProfit": 358700000, "grossProfitRatio": 0.1644583009, "researchAndDevelopmentExpenses": 28000000, "generalAndAdministrativeExpenses": 0, "sellingAndMarketingExpenses": 0, "sellingGeneralAndAdministrativeExpenses": 201000000, "otherExpenses": 600000, "operatingExpenses": 201000000, "costAndExpenses": 2023400000, "interestIncome": 100000, "interestExpense": 19800000, "depreciationAndAmortization": 123900000, "ebitda": 282200000, "ebitdaratio": 0.1293842557, "operatingIncome": 158300000, "operatingIncomeRatio": 0.0725780569, "totalOtherIncomeExpensesNet": -152200000, "incomeBeforeTax": 6100000, "incomeBeforeTaxRatio": 0.0027967539, "incomeTaxExpense": 4600000, "netIncome": 1500000, "netIncomeRatio": 0.0006877264, "eps": 0.0229, "epsdiluted": 0.0228, "weightedAverageShsOut": 48100000, "weightedAverageShsOutDil": 48200000, "link": "https://www.sec.gov/Archives/edgar/data/17843/000001784320000071/0000017843-20-000071-index.htm", "finalLink": "https://www.sec.gov/Archives/edgar/data/17843/000001784320000071/crs630202010k.htm", "calculatedOtherExpenses": -28600000, "calculatedOperatingExpenses": 200400000, "calculatedNetInterest": -19700000, "calculatedOtherIncome": -132500000, "calculatedIncomeNonControlling": 0, "calculatedEbitda": 282200000}, {"date": "2019-06-30", "symbol": "CRS", "reportedCurrency": "USD", "cik": "0000017843", "fillingDate": "2019-08-29", "acceptedDate": "2019-08-29 15:18:28", "calendarYear": "2019", "period": "FY", "revenue": 2380200000, "costOfRevenue": 1935400000, "grossProfit": 444800000, "grossProfitRatio": 0.1868750525, "researchAndDevelopmentExpenses": 23300000, "generalAndAdministrativeExpenses": 0, "sellingAndMarketingExpenses": 0, "sellingGeneralAndAdministrativeExpenses": 203400000, "otherExpenses": 600000, "operatingExpenses": 203400000, "costAndExpenses": 2138800000, "interestIncome": 100000, "interestExpense": 26000000, "depreciationAndAmortization": 122100000, "ebitda": 363500000, "ebitdaratio": 0.152718259, "operatingIncome": 241400000, "operatingIncomeRatio": 0.1014200487, "totalOtherIncomeExpensesNet": -25400000, "incomeBeforeTax": 216000000, "incomeBeforeTaxRatio": 0.0907486766, "incomeTaxExpense": 49000000, "netIncome": 167000000, "netIncomeRatio": 0.0701621712, "eps": 3.46, "epsdiluted": 3.43, "weightedAverageShsOut": 47700000, "weightedAverageShsOutDil": 48100000, "link": "https://www.sec.gov/Archives/edgar/data/17843/000001784319000058/0000017843-19-000058-index.htm", "finalLink": "https://www.sec.gov/Archives/edgar/data/17843/000001784319000058/crs630201910k.htm", "calculatedOtherExpenses": -23300000, "calculatedOperatingExpenses": 203400000, "calculatedNetInterest": -25900000, "calculatedOtherIncome": 500000, "calculatedIncomeNonControlling": 0, "calculatedEbitda": 363500000}, {"date": "2018-06-30", "symbol": "CRS", "reportedCurrency": "USD", "cik": "0000017843", "fillingDate": "2018-08-14", "acceptedDate": "2018-08-14 16:03:45", "calendarYear": "2018", "period": "FY", "revenue": 2157700000, "costOfRevenue": 1775500000, "grossProfit": 382200000, "grossProfitRatio": 0.1771330583, "researchAndDevelopmentExpenses": 19300000, "generalAndAdministrativeExpenses": 195100000, "sellingAndMarketingExpenses": 0, "sellingGeneralAndAdministrativeExpenses": 195100000, "otherExpenses": 1400000, "operatingExpenses": 195100000, "costAndExpenses": 1970600000, "interestIncome": 300000, "interestExpense": 28300000, "depreciationAndAmortization": 116600000, "ebitda": 305100000, "ebitdaratio": 0.1414005654, "operatingIncome": 187100000, "operatingIncomeRatio": 0.0867127033, "totalOtherIncomeExpensesNet": 1400000, "incomeBeforeTax": 160200000, "incomeBeforeTaxRatio": 0.0742457246, "incomeTaxExpense": -28300000, "netIncome": 188500000, "netIncomeRatio": 0.0873615424, "eps": 3.99, "epsdiluted": 3.96, "weightedAverageShsOut": 47200000, "weightedAverageShsOutDil": 47600000, "link": "https://www.sec.gov/Archives/edgar/data/17843/000001784318000047/0000017843-18-000047-index.htm", "finalLink": "https://www.sec.gov/Archives/edgar/data/17843/000001784318000047/crs630201810k.htm", "calculatedOtherExpenses": -19300000, "calculatedOperatingExpenses": 195100000, "calculatedNetInterest": -28000000, "calculatedOtherIncome": 1100000, "calculatedIncomeNonControlling": 0, "calculatedEbitda": 303700000}, {"date": "2017-06-30", "symbol": "CRS", "reportedCurrency": "USD", "cik": "0000017843", "fillingDate": "2017-08-11", "acceptedDate": "2017-08-11 14:23:29", "calendarYear": "2017", "period": "FY", "revenue": 1797600000, "costOfRevenue": 1513300000, "grossProfit": 284300000, "grossProfitRatio": 0.1581553182, "researchAndDevelopmentExpenses": 16900000, "generalAndAdministrativeExpenses": 183900000, "sellingAndMarketingExpenses": 0, "sellingGeneralAndAdministrativeExpenses": 183900000, "otherExpenses": 2800000, "operatingExpenses": 183900000, "costAndExpenses": 1697200000, "interestIncome": 300000, "interestExpense": 29800000, "depreciationAndAmortization": 117800000, "ebitda": 221000000, "ebitdaratio": 0.1229417, "operatingIncome": 97200000, "operatingIncomeRatio": 0.0540720961, "totalOtherIncomeExpensesNet": -400000, "incomeBeforeTax": 70200000, "incomeBeforeTaxRatio": 0.0390520694, "incomeTaxExpense": 23200000, "netIncome": 47000000, "netIncomeRatio": 0.0261459724, "eps": 0.99, "epsdiluted": 0.99, "weightedAverageShsOut": 47000000, "weightedAverageShsOutDil": 47100000, "link": "https://www.sec.gov/Archives/edgar/data/17843/000001784317000050/0000017843-17-000050-index.htm", "finalLink": "https://www.sec.gov/Archives/edgar/data/17843/000001784317000050/crs630201710k.htm", "calculatedOtherExpenses": -13700000, "calculatedOperatingExpenses": 187100000, "calculatedNetInterest": -29500000, "calculatedOtherIncome": 2500000, "calculatedIncomeNonControlling": 0, "calculatedEbitda": 215000000}, {"date": "2016-06-30", "symbol": "CRS", "reportedCurrency": "USD", "cik": "0000017843", "fillingDate": "2016-08-18", "acceptedDate": "2016-08-18 17:08:18", "calendarYear": "2016", "period": "FY", "revenue": 1813400000, "costOfRevenue": 1557500000, "grossProfit": 255900000, "grossProfitRatio": 0.1411161354, "researchAndDevelopmentExpenses": 16300000, "generalAndAdministrativeExpenses": 173800000, "sellingAndMarketingExpenses": 0, "sellingGeneralAndAdministrativeExpenses": 173800000, "otherExpenses": -2100000, "operatingExpenses": 173800000, "costAndExpenses": 1731300000, "interestIncome": 200000, "interestExpense": 28000000, "depreciationAndAmortization": 119300000, "ebitda": 199300000, "ebitdaratio": 0.1099040476, "operatingIncome": 51600000, "operatingIncomeRatio": 0.0284548362, "totalOtherIncomeExpensesNet": -32600000, "incomeBeforeTax": 21500000, "incomeBeforeTaxRatio": 0.0118561818, "incomeTaxExpense": 10200000, "netIncome": 11300000, "netIncomeRatio": 0.0062313886, "eps": 0.23, "epsdiluted": 0.23, "weightedAverageShsOut": 48100000, "weightedAverageShsOutDil": 48200000, "link": "https://www.sec.gov/Archives/edgar/data/17843/000001784316000094/0000017843-16-000094-index.htm", "finalLink": "https://www.sec.gov/Archives/edgar/data/17843/000001784316000094/crs630201610k.htm", "calculatedOtherExpenses": 14200000, "calculatedOperatingExpenses": 204300000, "calculatedNetInterest": -27800000, "calculatedOtherIncome": -2300000, "calculatedIncomeNonControlling": 0, "calculatedEbitda": 170900000}, {"date": "2015-06-30", "symbol": "CRS", "reportedCurrency": "USD", "cik": "0000017843", "fillingDate": "2015-08-25", "acceptedDate": "2015-08-25 15:19:28", "calendarYear": "2015", "period": "FY", "revenue": 2226700000, "costOfRevenue": 1908400000, "grossProfit": 318300000, "grossProfitRatio": 0.1429469619, "researchAndDevelopmentExpenses": 18700000, "generalAndAdministrativeExpenses": 177700000, "sellingAndMarketingExpenses": 0, "sellingGeneralAndAdministrativeExpenses": 177700000, "otherExpenses": 5300000, "operatingExpenses": 177700000, "costAndExpenses": 2086100000, "interestIncome": 100000, "interestExpense": 27700000, "depreciationAndAmortization": 122300000, "ebitda": 268200000, "ebitdaratio": 0.1204472987, "operatingIncome": 111500000, "operatingIncomeRatio": 0.0500741007, "totalOtherIncomeExpensesNet": -23800000, "incomeBeforeTax": 89100000, "incomeBeforeTaxRatio": 0.040014371, "incomeTaxExpense": 30400000, "netIncome": 58700000, "netIncomeRatio": 0.0263618808, "eps": 1.11, "epsdiluted": 1.11, "weightedAverageShsOut": 52600000, "weightedAverageShsOutDil": 52700000, "link": "https://www.sec.gov/Archives/edgar/data/17843/000001784315000026/0000017843-15-000026-index.htm", "finalLink": "https://www.sec.gov/Archives/edgar/data/17843/000001784315000026/crs630201510k.htm", "calculatedOtherExpenses": 10400000, "calculatedOperatingExpenses": 206800000, "calculatedNetInterest": -27600000, "calculatedOtherIncome": 5200000, "calculatedIncomeNonControlling": 0, "calculatedEbitda": 233800000}, {"date": "2014-06-30", "symbol": "CRS", "reportedCurrency": "USD", "cik": "0000017843", "fillingDate": "2014-08-26", "acceptedDate": "2014-08-26 16:56:38", "calendarYear": "2014", "period": "FY", "revenue": 2173000000, "costOfRevenue": 1774100000, "grossProfit": 398900000, "grossProfitRatio": 0.1835710999, "researchAndDevelopmentExpenses": 18500000, "generalAndAdministrativeExpenses": 186900000, "sellingAndMarketingExpenses": 0, "sellingGeneralAndAdministrativeExpenses": 186900000, "otherExpenses": 1400000, "operatingExpenses": 186900000, "costAndExpenses": 1961000000, "interestIncome": 200000, "interestExpense": 17000000, "depreciationAndAmortization": 111900000, "ebitda": 325300000, "ebitdaratio": 0.1497008744, "operatingIncome": 212000000, "operatingIncomeRatio": 0.0975609756, "totalOtherIncomeExpensesNet": 1400000, "incomeBeforeTax": 196400000, "incomeBeforeTaxRatio": 0.0903819604, "incomeTaxExpense": 63600000, "netIncome": 132800000, "netIncomeRatio": 0.0611136677, "eps": 2.48, "epsdiluted": 2.47, "weightedAverageShsOut": 53300000, "weightedAverageShsOutDil": 53600000, "link": "https://www.sec.gov/Archives/edgar/data/17843/000110465914063147/0001104659-14-063147-index.htm", "finalLink": "https://www.sec.gov/Archives/edgar/data/17843/000110465914063147/a14-15153_110k.htm", "calculatedOtherExpenses": -18500000, "calculatedOperatingExpenses": 186900000, "calculatedNetInterest": -16800000, "calculatedOtherIncome": 1200000, "calculatedIncomeNonControlling": 0, "calculatedEbitda": 323900000}, {"date": "2013-06-30", "symbol": "CRS", "reportedCurrency": "USD", "cik": "0000017843", "fillingDate": "2013-08-23", "acceptedDate": "2013-08-23 15:31:39", "calendarYear": "2013", "period": "FY", "revenue": 2271700000, "costOfRevenue": 1838200000, "grossProfit": 433500000, "grossProfitRatio": 0.1908262535, "researchAndDevelopmentExpenses": 19400000, "generalAndAdministrativeExpenses": 200800000, "sellingAndMarketingExpenses": 0, "sellingGeneralAndAdministrativeExpenses": 200800000, "otherExpenses": 5100000, "operatingExpenses": 200800000, "costAndExpenses": 2039000000, "interestIncome": 300000, "interestExpense": 21000000, "depreciationAndAmortization": 104100000, "ebitda": 341900000, "ebitdaratio": 0.1505040278, "operatingIncome": 232700000, "operatingIncomeRatio": 0.1024343003, "totalOtherIncomeExpensesNet": 5100000, "incomeBeforeTax": 216800000, "incomeBeforeTaxRatio": 0.0954351367, "incomeTaxExpense": 70300000, "netIncome": 146100000, "netIncomeRatio": 0.0643130695, "eps": 2.75, "epsdiluted": 2.73, "weightedAverageShsOut": 52900000, "weightedAverageShsOutDil": 53400000, "link": "https://www.sec.gov/Archives/edgar/data/17843/000110465913065850/0001104659-13-065850-index.htm", "finalLink": "https://www.sec.gov/Archives/edgar/data/17843/000110465913065850/a13-15460_110k.htm", "calculatedOtherExpenses": -19400000, "calculatedOperatingExpenses": 200800000, "calculatedNetInterest": -20700000, "calculatedOtherIncome": 4800000, "calculatedIncomeNonControlling": 400000, "calculatedEbitda": 336800000}, {"date": "2012-06-30", "symbol": "CRS", "reportedCurrency": "USD", "cik": "0000017843", "fillingDate": "2012-08-22", "acceptedDate": "2012-08-22 15:20:24", "calendarYear": "2012", "period": "FY", "revenue": 2028700000, "costOfRevenue": 1637700000, "grossProfit": 391000000, "grossProfitRatio": 0.1927342633, "researchAndDevelopmentExpenses": 0, "generalAndAdministrativeExpenses": 169200000, "sellingAndMarketingExpenses": 0, "sellingGeneralAndAdministrativeExpenses": 169200000, "otherExpenses": 0, "operatingExpenses": 169200000, "costAndExpenses": 1806900000, "interestIncome": 900000, "interestExpense": 23800000, "depreciationAndAmortization": 83800000, "ebitda": 305600000, "ebitdaratio": 0.1506383398, "operatingIncome": 210100000, "operatingIncomeRatio": 0.1035638586, "totalOtherIncomeExpensesNet": -9400000, "incomeBeforeTax": 188600000, "incomeBeforeTaxRatio": 0.0929659388, "incomeTaxExpense": 67000000, "netIncome": 121200000, "netIncomeRatio": 0.0597426924, "eps": 2.55, "epsdiluted": 2.53, "weightedAverageShsOut": 47100000, "weightedAverageShsOutDil": 47800000, "link": "https://www.sec.gov/Archives/edgar/data/17843/000110465912059558/0001104659-12-059558-index.htm", "finalLink": "https://www.sec.gov/Archives/edgar/data/17843/000110465912059558/a12-15714_110k.htm", "calculatedOtherExpenses": 11700000, "calculatedOperatingExpenses": 180900000, "calculatedNetInterest": -22900000, "calculatedOtherIncome": 1400000, "calculatedIncomeNonControlling": 400000, "calculatedEbitda": 293900000}, {"date": "2011-06-30", "symbol": "CRS", "reportedCurrency": "USD", "cik": "0000017843", "fillingDate": "2011-08-24", "acceptedDate": "2011-08-24 16:43:59", "calendarYear": "2011", "period": "FY", "revenue": 1675100000, "costOfRevenue": 1426100000, "grossProfit": 249000000, "grossProfitRatio": 0.1486478419, "researchAndDevelopmentExpenses": 0, "generalAndAdministrativeExpenses": 149500000, "sellingAndMarketingExpenses": 0, "sellingGeneralAndAdministrativeExpenses": 149500000, "otherExpenses": 0, "operatingExpenses": 149500000, "costAndExpenses": 1575600000, "interestIncome": 1100000, "interestExpense": 17100000, "depreciationAndAmortization": 66500000, "ebitda": 166000000, "ebitdaratio": 0.0990985613, "operatingIncome": 96400000, "operatingIncomeRatio": 0.0575488031, "totalOtherIncomeExpensesNet": 5400000, "incomeBeforeTax": 87800000, "incomeBeforeTaxRatio": 0.0524147812, "incomeTaxExpense": 16100000, "netIncome": 71000000, "netIncomeRatio": 0.0423855292, "eps": 1.59, "epsdiluted": 1.59, "weightedAverageShsOut": 44100000, "weightedAverageShsOutDil": 44700000, "link": "https://www.sec.gov/Archives/edgar/data/17843/000119312511231043/0001193125-11-231043-index.htm", "finalLink": "https://www.sec.gov/Archives/edgar/data/17843/000119312511231043/d10k.htm", "calculatedOtherExpenses": 3100000, "calculatedOperatingExpenses": 152600000, "calculatedNetInterest": -16000000, "calculatedOtherIncome": 7400000, "calculatedIncomeNonControlling": 700000, "calculatedEbitda": 162900000}, {"date": "2010-06-30", "symbol": "CRS", "reportedCurrency": "USD", "cik": "0000017843", "fillingDate": "2010-08-20", "acceptedDate": "2010-08-20 15:30:31", "calendarYear": "2010", "period": "FY", "revenue": 1198600000, "costOfRevenue": 1053800000, "grossProfit": 144800000, "grossProfitRatio": 0.1208076089, "researchAndDevelopmentExpenses": 0, "generalAndAdministrativeExpenses": 133100000, "sellingAndMarketingExpenses": 0, "sellingGeneralAndAdministrativeExpenses": 133100000, "otherExpenses": 0, "operatingExpenses": 133100000, "costAndExpenses": 1186900000, "interestIncome": 0, "interestExpense": 17800000, "depreciationAndAmortization": 59100000, "ebitda": 70800000, "ebitdaratio": 0.0590689137, "operatingIncome": 11700000, "operatingIncomeRatio": 0.0097613883, "totalOtherIncomeExpensesNet": 10800000, "incomeBeforeTax": 4700000, "incomeBeforeTaxRatio": 0.0039212414, "incomeTaxExpense": 2600000, "netIncome": 2100000, "netIncomeRatio": 0.0017520441, "eps": 0.04, "epsdiluted": 0.04, "weightedAverageShsOut": 43900000, "weightedAverageShsOutDil": 44400000, "link": "https://www.sec.gov/Archives/edgar/data/17843/000119312510194135/0001193125-10-194135-index.htm", "finalLink": "https://www.sec.gov/Archives/edgar/data/17843/000119312510194135/d10k.htm", "calculatedOtherExpenses": 0, "calculatedOperatingExpenses": 133100000, "calculatedNetInterest": -17800000, "calculatedOtherIncome": 10800000, "calculatedIncomeNonControlling": 0, "calculatedEbitda": 70800000}, {"date": "2009-06-30", "symbol": "CRS", "reportedCurrency": "USD", "cik": "0000017843", "fillingDate": "2009-08-20", "acceptedDate": "2009-08-20 16:37:27", "calendarYear": "2009", "period": "FY", "revenue": 1362300000, "costOfRevenue": 1155100000, "grossProfit": 207200000, "grossProfitRatio": 0.1520957205, "researchAndDevelopmentExpenses": 0, "generalAndAdministrativeExpenses": 133800000, "sellingAndMarketingExpenses": 0, "sellingGeneralAndAdministrativeExpenses": 133800000, "otherExpenses": 0, "operatingExpenses": 133800000, "costAndExpenses": 1288900000, "interestIncome": 0, "interestExpense": 16100000, "depreciationAndAmortization": 52700000, "ebitda": 126100000, "ebitdaratio": 0.0925640461, "operatingIncome": 64000000, "operatingIncomeRatio": 0.0469793731, "totalOtherIncomeExpensesNet": 5700000, "incomeBeforeTax": 63000000, "incomeBeforeTaxRatio": 0.0462453204, "incomeTaxExpense": 15100000, "netIncome": 47900000, "netIncomeRatio": 0.0351611246, "eps": 1.09, "epsdiluted": 1.08, "weightedAverageShsOut": 43900000, "weightedAverageShsOutDil": 44200000, "link": "https://www.sec.gov/Archives/edgar/data/17843/000119312509179024/0001193125-09-179024-index.htm", "finalLink": "https://www.sec.gov/Archives/edgar/data/17843/000119312509179024/d10k.htm", "calculatedOtherExpenses": 9400000, "calculatedOperatingExpenses": 143200000, "calculatedNetInterest": -16100000, "calculatedOtherIncome": 15100000, "calculatedIncomeNonControlling": 0, "calculatedEbitda": 116700000}, {"date": "2008-06-30", "symbol": "CRS", "reportedCurrency": "USD", "cik": "0000017843", "fillingDate": "2008-08-25", "acceptedDate": "2008-08-25 16:23:35", "calendarYear": "2008", "period": "FY", "revenue": 1953500000, "costOfRevenue": 1496300000, "grossProfit": 457200000, "grossProfitRatio": 0.234041464, "researchAndDevelopmentExpenses": 0, "generalAndAdministrativeExpenses": 163600000, "sellingAndMarketingExpenses": 0, "sellingGeneralAndAdministrativeExpenses": 163600000, "otherExpenses": 0, "operatingExpenses": 163600000, "costAndExpenses": 1659900000, "interestIncome": 0, "interestExpense": 0, "depreciationAndAmortization": 49200000, "ebitda": 318600000, "ebitdaratio": 0.1630918864, "operatingIncome": 293600000, "operatingIncomeRatio": 0.1502943435, "totalOtherIncomeExpensesNet": 24200000, "incomeBeforeTax": 297300000, "incomeBeforeTaxRatio": 0.1521883798, "incomeTaxExpense": 96800000, "netIncome": 277700000, "netIncomeRatio": 0.1421551062, "eps": 5.73, "epsdiluted": 5.7, "weightedAverageShsOut": 48500000, "weightedAverageShsOutDil": 48700000, "link": "https://www.sec.gov/Archives/edgar/data/17843/000119312508183570/0001193125-08-183570-index.htm", "finalLink": "https://www.sec.gov/Archives/edgar/data/17843/000119312508183570/d10k.htm", "calculatedOtherExpenses": 0, "calculatedOperatingExpenses": 163600000, "calculatedNetInterest": 0, "calculatedOtherIncome": 3700000, "calculatedIncomeNonControlling": -77200000, "calculatedEbitda": 342800000}, {"date": "2007-06-30", "symbol": "CRS", "reportedCurrency": "USD", "cik": "0000017843", "fillingDate": "2007-08-29", "acceptedDate": "2007-08-29 15:52:45", "calendarYear": "2007", "period": "FY", "revenue": 1944800000, "costOfRevenue": 1487100000, "grossProfit": 457700000, "grossProfitRatio": 0.2353455368, "researchAndDevelopmentExpenses": 0, "generalAndAdministrativeExpenses": 133900000, "sellingAndMarketingExpenses": 0, "sellingGeneralAndAdministrativeExpenses": 133900000, "otherExpenses": 6400000, "operatingExpenses": 140300000, "costAndExpenses": 1627400000, "interestIncome": 0, "interestExpense": 0, "depreciationAndAmortization": 48700000, "ebitda": 352900000, "ebitdaratio": 0.1814582476, "operatingIncome": 323800000, "operatingIncomeRatio": 0.1664952694, "totalOtherIncomeExpensesNet": 14400000, "incomeBeforeTax": 331000000, "incomeBeforeTaxRatio": 0.1701974496, "incomeTaxExpense": 103800000, "netIncome": 227200000, "netIncomeRatio": 0.1168243521, "eps": 4.4, "epsdiluted": 4.32, "weightedAverageShsOut": 51500000, "weightedAverageShsOutDil": 52500000, "link": "https://www.sec.gov/Archives/edgar/data/17843/000119312507191767/0001193125-07-191767-index.htm", "finalLink": "https://www.sec.gov/Archives/edgar/data/17843/000119312507191767/d10k.htm", "calculatedOtherExpenses": 0, "calculatedOperatingExpenses": 133900000, "calculatedNetInterest": 0, "calculatedOtherIncome": 7200000, "calculatedIncomeNonControlling": 0, "calculatedEbitda": 372500000}, {"date": "2006-06-30", "symbol": "CRS", "reportedCurrency": "USD", "cik": "0000017843", "fillingDate": "2006-08-29", "acceptedDate": "2006-08-29 09:28:41", "calendarYear": "2006", "period": "FY", "revenue": 1568200000, "costOfRevenue": 1132100000, "grossProfit": 436100000, "grossProfitRatio": 0.2780895294, "researchAndDevelopmentExpenses": 0, "generalAndAdministrativeExpenses": 125400000, "sellingAndMarketingExpenses": 0, "sellingGeneralAndAdministrativeExpenses": 125400000, "otherExpenses": 0, "operatingExpenses": 125400000, "costAndExpenses": 1257500000, "interestIncome": 0, "interestExpense": 0, "depreciationAndAmortization": 47600000, "ebitda": 352100000, "ebitdaratio": 0.224524933, "operatingIncome": 310700000, "operatingIncomeRatio": 0.1981252391, "totalOtherIncomeExpensesNet": 7800000, "incomeBeforeTax": 309100000, "incomeBeforeTaxRatio": 0.1971049611, "incomeTaxExpense": 97300000, "netIncome": 211800000, "netIncomeRatio": 0.1350593037, "eps": 4.17, "epsdiluted": 4.04, "weightedAverageShsOut": 50500000, "weightedAverageShsOutDil": 52200000, "link": "https://www.sec.gov/Archives/edgar/data/17843/000119312506181084/0001193125-06-181084-index.htm", "finalLink": "https://www.sec.gov/Archives/edgar/data/17843/000119312506181084/d10k.htm", "calculatedOtherExpenses": 0, "calculatedOperatingExpenses": 125400000, "calculatedNetInterest": 0, "calculatedOtherIncome": -1600000, "calculatedIncomeNonControlling": 0, "calculatedEbitda": 358300000}, {"date": "2005-06-30", "symbol": "CRS", "reportedCurrency": "USD", "cik": "0000017843", "fillingDate": "2005-09-09", "acceptedDate": "2005-09-09 13:29:11", "calendarYear": "2005", "period": "FY", "revenue": 1314200000, "costOfRevenue": 998100000, "grossProfit": 316100000, "grossProfitRatio": 0.2405265561, "researchAndDevelopmentExpenses": 0, "generalAndAdministrativeExpenses": 120600000, "sellingAndMarketingExpenses": 0, "sellingGeneralAndAdministrativeExpenses": 120600000, "otherExpenses": 0, "operatingExpenses": 120600000, "costAndExpenses": 1118700000, "interestIncome": 0, "interestExpense": 0, "depreciationAndAmortization": 50200000, "ebitda": 226000000, "ebitdaratio": 0.171967737, "operatingIncome": 204200000, "operatingIncomeRatio": 0.1553796987, "totalOtherIncomeExpensesNet": 20600000, "incomeBeforeTax": 190000000, "incomeBeforeTaxRatio": 0.1445746462, "incomeTaxExpense": 54500000, "netIncome": 135500000, "netIncomeRatio": 0.1031045503, "eps": 2.77, "epsdiluted": 2.69, "weightedAverageShsOut": 48300000, "weightedAverageShsOutDil": 50100000, "link": "https://www.sec.gov/Archives/edgar/data/17843/000119312505182991/0001193125-05-182991-index.htm", "finalLink": "https://www.sec.gov/Archives/edgar/data/17843/000119312505182991/d10k.htm", "calculatedOtherExpenses": -8700000, "calculatedOperatingExpenses": 111900000, "calculatedNetInterest": 0, "calculatedOtherIncome": -14200000, "calculatedIncomeNonControlling": 0, "calculatedEbitda": 254400000}, {"date": "2004-06-30", "symbol": "CRS", "reportedCurrency": "USD", "cik": "0000017843", "fillingDate": "2004-09-03", "acceptedDate": "2004-09-03 10:14:01", "calendarYear": "2004", "period": "FY", "revenue": 1016700000, "costOfRevenue": 831200000, "grossProfit": 185500000, "grossProfitRatio": 0.1824530343, "researchAndDevelopmentExpenses": 0, "generalAndAdministrativeExpenses": 118700000, "sellingAndMarketingExpenses": 0, "sellingGeneralAndAdministrativeExpenses": 118700000, "otherExpenses": 0, "operatingExpenses": 118700000, "costAndExpenses": 949900000, "interestIncome": 0, "interestExpense": 0, "depreciationAndAmortization": 57100000, "ebitda": 119600000, "ebitdaratio": 0.1176354874, "operatingIncome": 64500000, "operatingIncomeRatio": 0.0634405429, "totalOtherIncomeExpensesNet": 4300000, "incomeBeforeTax": 49700000, "incomeBeforeTaxRatio": 0.0488836432, "incomeTaxExpense": 13700000, "netIncome": 36000000, "netIncomeRatio": 0.0354086751, "eps": 0.76, "epsdiluted": 0.75, "weightedAverageShsOut": 45298013, "weightedAverageShsOutDil": 45906040, "link": "https://www.sec.gov/Archives/edgar/data/17843/000119312504151806/0001193125-04-151806-index.htm", "finalLink": "https://www.sec.gov/Archives/edgar/data/17843/000119312504151806/d10k.htm", "calculatedOtherExpenses": 2300000, "calculatedOperatingExpenses": 121000000, "calculatedNetInterest": 0, "calculatedOtherIncome": -14800000, "calculatedIncomeNonControlling": 0, "calculatedEbitda": 121600000}, {"date": "2003-06-30", "symbol": "CRS", "reportedCurrency": "USD", "cik": "0000017843", "fillingDate": "2003-09-12", "acceptedDate": "2003-09-12 15:18:38", "calendarYear": "2003", "period": "FY", "revenue": 871100000, "costOfRevenue": 717400000, "grossProfit": 153700000, "grossProfitRatio": 0.1764435771, "researchAndDevelopmentExpenses": 0, "generalAndAdministrativeExpenses": 118800000, "sellingAndMarketingExpenses": 0, "sellingGeneralAndAdministrativeExpenses": 118800000, "otherExpenses": 0, "operatingExpenses": 118800000, "costAndExpenses": 836200000, "interestIncome": 0, "interestExpense": 0, "depreciationAndAmortization": 64000000, "ebitda": 156300000, "ebitdaratio": 0.179428309, "operatingIncome": 4300000, "operatingIncomeRatio": 0.0049362875, "totalOtherIncomeExpensesNet": -57400000, "incomeBeforeTax": -22900000, "incomeBeforeTaxRatio": -0.0262886006, "incomeTaxExpense": -12000000, "netIncome": -10900000, "netIncomeRatio": -0.0125129147, "eps": -0.24, "epsdiluted": -0.24, "weightedAverageShsOut": 44642857, "weightedAverageShsOutDil": 44642857, "link": "https://www.sec.gov/Archives/edgar/data/17843/000110465903020580/0001104659-03-020580-index.htm", "finalLink": "https://www.sec.gov/Archives/edgar/data/17843/000110465903020580/a03-3069_110k.htm", "calculatedOtherExpenses": 30600000, "calculatedOperatingExpenses": 149400000, "calculatedNetInterest": 0, "calculatedOtherIncome": -27200000, "calculatedIncomeNonControlling": 0, "calculatedEbitda": 68300000}, {"date": "2002-06-30", "symbol": "CRS", "reportedCurrency": "USD", "cik": "0000017843", "fillingDate": "2002-09-23", "acceptedDate": "2002-09-23 15:49:14", "calendarYear": "2002", "period": "FY", "revenue": 977100000, "costOfRevenue": 814200000, "grossProfit": 162900000, "grossProfitRatio": 0.1667178385, "researchAndDevelopmentExpenses": 0, "generalAndAdministrativeExpenses": 142100000, "sellingAndMarketingExpenses": 0, "sellingGeneralAndAdministrativeExpenses": 142100000, "otherExpenses": 34100000, "operatingExpenses": 176200000, "costAndExpenses": 990400000, "interestIncome": 0, "interestExpense": 0, "depreciationAndAmortization": 67700000, "ebitda": 53900000, "ebitdaratio": 0.0551632382, "operatingIncome": -13300000, "operatingIncomeRatio": -0.0136117081, "totalOtherIncomeExpensesNet": 500000, "incomeBeforeTax": -13300000, "incomeBeforeTaxRatio": -0.0136117081, "incomeTaxExpense": -7300000, "netIncome": -118300000, "netIncomeRatio": -0.1210725617, "eps": -2.66, "epsdiluted": -2.66, "weightedAverageShsOut": 44399261, "weightedAverageShsOutDil": 44399261, "link": "https://www.sec.gov/Archives/edgar/data/17843/000095016802002770/0000950168-02-002770-index.htm", "finalLink": "https://www.sec.gov/Archives/edgar/data/17843/000095016802002770/d10k.htm", "calculatedOtherExpenses": 34100000, "calculatedOperatingExpenses": 176200000, "calculatedNetInterest": 0, "calculatedOtherIncome": 0, "calculatedIncomeNonControlling": 112300000, "calculatedEbitda": 54400000}, {"date": "2001-06-30", "symbol": "CRS", "reportedCurrency": "USD", "cik": "0000017843", "fillingDate": "2001-09-24", "acceptedDate": "2001-09-24 00:00:00", "calendarYear": "2001", "period": "FY", "revenue": 1324100000, "costOfRevenue": 1039300000, "grossProfit": 284800000, "grossProfitRatio": 0.2150894948, "researchAndDevelopmentExpenses": 0, "generalAndAdministrativeExpenses": 152400000, "sellingAndMarketingExpenses": 0, "sellingGeneralAndAdministrativeExpenses": 152400000, "otherExpenses": 0, "operatingExpenses": 152400000, "costAndExpenses": 1191700000, "interestIncome": 0, "interestExpense": 0, "depreciationAndAmortization": 72500000, "ebitda": 274600000, "ebitdaratio": 0.2073861491, "operatingIncome": 96400000, "operatingIncomeRatio": 0.0728041689, "totalOtherIncomeExpensesNet": -69700000, "incomeBeforeTax": 58400000, "incomeBeforeTaxRatio": 0.0441054301, "incomeTaxExpense": 23200000, "netIncome": 21100000, "netIncomeRatio": 0.0159353523, "eps": 0.44, "epsdiluted": 0.44, "weightedAverageShsOut": 47954545, "weightedAverageShsOutDil": 47954545, "link": "https://www.sec.gov/Archives/edgar/data/17843/000102140801507168/0001021408-01-507168-index.htm", "finalLink": "https://www.sec.gov/Archives/edgar/data/17843/000102140801507168/d10k405.htm", "calculatedOtherExpenses": 36000000, "calculatedOperatingExpenses": 188400000, "calculatedNetInterest": 0, "calculatedOtherIncome": -38000000, "calculatedIncomeNonControlling": 14100000, "calculatedEbitda": 168900000}, {"date": "2000-06-30", "symbol": "CRS", "reportedCurrency": "USD", "cik": "0000017843", "fillingDate": "2000-09-26", "acceptedDate": "2000-09-26 00:00:00", "calendarYear": "2000", "period": "FY", "revenue": 1095800000, "costOfRevenue": 748100000, "grossProfit": 347700000, "grossProfitRatio": 0.3173024275, "researchAndDevelopmentExpenses": 0, "generalAndAdministrativeExpenses": 179400000, "sellingAndMarketingExpenses": 0, "sellingGeneralAndAdministrativeExpenses": 179400000, "otherExpenses": 68300000, "operatingExpenses": 247700000, "costAndExpenses": 995800000, "interestIncome": 0, "interestExpense": 0, "depreciationAndAmortization": 68300000, "ebitda": 155000000, "ebitdaratio": 0.1414491696, "operatingIncome": 100000000, "operatingIncomeRatio": 0.0912575287, "totalOtherIncomeExpensesNet": 13300000, "incomeBeforeTax": 79900000, "incomeBeforeTaxRatio": 0.0729147655, "incomeTaxExpense": 26600000, "netIncome": 53300000, "netIncomeRatio": 0.0486402628, "eps": 1.18, "epsdiluted": 1.16, "weightedAverageShsOut": 45361702, "weightedAverageShsOutDil": 46147186, "link": "https://www.sec.gov/Archives/edgar/data/17843/000001784300000021/0000017843-00-000021-index.htm", "finalLink": "https://www.sec.gov/Archives/edgar/data/17843/000001784300000021/0000017843-00-000021-0001.htm", "calculatedOtherExpenses": 68300000, "calculatedOperatingExpenses": 247700000, "calculatedNetInterest": 0, "calculatedOtherIncome": -20100000, "calculatedIncomeNonControlling": 0, "calculatedEbitda": 168300000}, {"date": "1999-06-30", "symbol": "CRS", "reportedCurrency": "USD", "cik": "0000017843", "fillingDate": "1999-09-24", "acceptedDate": "1999-09-24 00:00:00", "calendarYear": "1999", "period": "FY", "revenue": 1036700000, "costOfRevenue": 707800000, "grossProfit": 328900000, "grossProfitRatio": 0.3172566798, "researchAndDevelopmentExpenses": 0, "generalAndAdministrativeExpenses": 164000000, "sellingAndMarketingExpenses": 0, "sellingGeneralAndAdministrativeExpenses": 164000000, "otherExpenses": 65700000, "operatingExpenses": 229700000, "costAndExpenses": 937500000, "interestIncome": 0, "interestExpense": 0, "depreciationAndAmortization": 65700000, "ebitda": 193200000, "ebitdaratio": 0.1863605672, "operatingIncome": 85000000, "operatingIncomeRatio": 0.0819909328, "totalOtherIncomeExpensesNet": -28300000, "incomeBeforeTax": 55800000, "incomeBeforeTaxRatio": 0.0538246359, "incomeTaxExpense": 18700000, "netIncome": 37100000, "netIncomeRatio": 0.0357866307, "eps": 0.81, "epsdiluted": 0.79, "weightedAverageShsOut": 46086957, "weightedAverageShsOutDil": 46962025, "link": "https://www.sec.gov/Archives/edgar/data/17843/000001784399000050/0000017843-99-000050-index.html", "finalLink": "https://www.sec.gov/Archives/edgar/data/17843/000001784399000050/", "calculatedOtherExpenses": 79900000, "calculatedOperatingExpenses": 243900000, "calculatedNetInterest": 0, "calculatedOtherIncome": -29200000, "calculatedIncomeNonControlling": 0, "calculatedEbitda": 150700000}, {"date": "1998-06-30", "symbol": "CRS", "reportedCurrency": "USD", "cik": "0000017843", "fillingDate": "1998-09-25", "acceptedDate": "1998-09-25 00:00:00", "calendarYear": "1998", "period": "FY", "revenue": 1176700000, "costOfRevenue": 791100000, "grossProfit": 385600000, "grossProfitRatio": 0.3276960993, "researchAndDevelopmentExpenses": 0, "generalAndAdministrativeExpenses": 159400000, "sellingAndMarketingExpenses": 0, "sellingGeneralAndAdministrativeExpenses": 159400000, "otherExpenses": 58200000, "operatingExpenses": 217600000, "costAndExpenses": 1008700000, "interestIncome": 0, "interestExpense": 0, "depreciationAndAmortization": 58200000, "ebitda": 228300000, "ebitdaratio": 0.1940171667, "operatingIncome": 168000000, "operatingIncomeRatio": 0.1427721594, "totalOtherIncomeExpensesNet": -2100000, "incomeBeforeTax": 136900000, "incomeBeforeTaxRatio": 0.1163423132, "incomeTaxExpense": 52900000, "netIncome": 84000000, "netIncomeRatio": 0.0713860797, "eps": 2.01, "epsdiluted": 1.92, "weightedAverageShsOut": 41895262, "weightedAverageShsOutDil": 43750000, "link": "https://www.sec.gov/Archives/edgar/data/17843/000001784398000073/0000017843-98-000073-index.html", "finalLink": "https://www.sec.gov/Archives/edgar/data/17843/", "calculatedOtherExpenses": 58200000, "calculatedOperatingExpenses": 217600000, "calculatedNetInterest": 0, "calculatedOtherIncome": -31100000, "calculatedIncomeNonControlling": 0, "calculatedEbitda": 226200000}, {"date": "1997-06-30", "symbol": "CRS", "reportedCurrency": "USD", "cik": "0000017843", "fillingDate": "1997-09-19", "acceptedDate": "1997-09-19 00:00:00", "calendarYear": "1997", "period": "FY", "revenue": 939000000, "costOfRevenue": 656900000, "grossProfit": 282100000, "grossProfitRatio": 0.3004259851, "researchAndDevelopmentExpenses": 0, "generalAndAdministrativeExpenses": 126400000, "sellingAndMarketingExpenses": 0, "sellingGeneralAndAdministrativeExpenses": 126400000, "otherExpenses": 41000000, "operatingExpenses": 167400000, "costAndExpenses": 824300000, "interestIncome": 0, "interestExpense": 0, "depreciationAndAmortization": 41000000, "ebitda": 152600000, "ebitdaratio": 0.162513312, "operatingIncome": 114700000, "operatingIncomeRatio": 0.1221512247, "totalOtherIncomeExpensesNet": 3100000, "incomeBeforeTax": 97900000, "incomeBeforeTaxRatio": 0.1042598509, "incomeTaxExpense": 37900000, "netIncome": 60000000, "netIncomeRatio": 0.0638977636, "eps": 1.65, "epsdiluted": 1.58, "weightedAverageShsOut": 35406000, "weightedAverageShsOutDil": 37520000, "link": "https://www.sec.gov/Archives/edgar/data/17843/000001784397000017/0000017843-97-000017-index.html", "finalLink": "https://www.sec.gov/Archives/edgar/data/17843/", "calculatedOtherExpenses": 41000000, "calculatedOperatingExpenses": 167400000, "calculatedNetInterest": 0, "calculatedOtherIncome": -16800000, "calculatedIncomeNonControlling": 0, "calculatedEbitda": 155700000}, {"date": "1996-06-30", "symbol": "CRS", "reportedCurrency": "USD", "cik": "0000017843", "fillingDate": "1996-09-26", "acceptedDate": "1996-09-26 00:00:00", "calendarYear": "1996", "period": "FY", "revenue": 865300000, "costOfRevenue": 601600000, "grossProfit": 263700000, "grossProfitRatio": 0.3047497978, "researchAndDevelopmentExpenses": 0, "generalAndAdministrativeExpenses": 112900000, "sellingAndMarketingExpenses": 0, "sellingGeneralAndAdministrativeExpenses": 112900000, "otherExpenses": 35200000, "operatingExpenses": 148100000, "costAndExpenses": 749700000, "interestIncome": 0, "interestExpense": 0, "depreciationAndAmortization": 35200000, "ebitda": 152300000, "ebitdaratio": 0.1760083208, "operatingIncome": 115600000, "operatingIncomeRatio": 0.1335952849, "totalOtherIncomeExpensesNet": -1500000, "incomeBeforeTax": 95100000, "incomeBeforeTaxRatio": 0.1099040795, "incomeTaxExpense": 35000000, "netIncome": 60100000, "netIncomeRatio": 0.0694556801, "eps": 1.76, "epsdiluted": 1.69, "weightedAverageShsOut": 34245014, "weightedAverageShsOutDil": 35562130, "link": "https://www.sec.gov/Archives/edgar/data/17843/000001784396000019/0000017843-96-000019-index.html", "finalLink": "https://www.sec.gov/Archives/edgar/data/17843/", "calculatedOtherExpenses": 35200000, "calculatedOperatingExpenses": 148100000, "calculatedNetInterest": 0, "calculatedOtherIncome": -20500000, "calculatedIncomeNonControlling": 0, "calculatedEbitda": 150800000}, {"date": "1995-06-30", "symbol": "CRS", "reportedCurrency": "USD", "cik": "0000017843", "fillingDate": "1995-09-27", "acceptedDate": "1995-09-27 00:00:00", "calendarYear": "1995", "period": "FY", "revenue": 757500000, "costOfRevenue": 531700000, "grossProfit": 225800000, "grossProfitRatio": 0.2980858086, "researchAndDevelopmentExpenses": 0, "generalAndAdministrativeExpenses": 102000000, "sellingAndMarketingExpenses": 0, "sellingGeneralAndAdministrativeExpenses": 102000000, "otherExpenses": 32500000, "operatingExpenses": 134500000, "costAndExpenses": 666200000, "interestIncome": 0, "interestExpense": 0, "depreciationAndAmortization": 32500000, "ebitda": 126100000, "ebitdaratio": 0.1664686469, "operatingIncome": 91300000, "operatingIncomeRatio": 0.1205280528, "totalOtherIncomeExpensesNet": -2300000, "incomeBeforeTax": 74600000, "incomeBeforeTaxRatio": 0.0984818482, "incomeTaxExpense": 27100000, "netIncome": 47500000, "netIncomeRatio": 0.0627062706, "eps": 1.41, "epsdiluted": 1.35, "weightedAverageShsOut": 32654000, "weightedAverageShsOutDil": 34618000, "link": "https://www.sec.gov/Archives/edgar/data/17843/000001784395000018/0000017843-95-000018-index.html", "finalLink": "https://www.sec.gov/Archives/edgar/data/17843/", "calculatedOtherExpenses": 32500000, "calculatedOperatingExpenses": 134500000, "calculatedNetInterest": 0, "calculatedOtherIncome": -16700000, "calculatedIncomeNonControlling": 0, "calculatedEbitda": 123800000}, {"date": "1994-06-30", "symbol": "CRS", "reportedCurrency": "USD", "cik": "0000017843", "fillingDate": "1994-09-27", "acceptedDate": "1994-09-27 00:00:00", "calendarYear": "1994", "period": "FY", "revenue": 628800000, "costOfRevenue": 429500000, "grossProfit": 199300000, "grossProfitRatio": 0.3169529262, "researchAndDevelopmentExpenses": 0, "generalAndAdministrativeExpenses": 92500000, "sellingAndMarketingExpenses": 0, "sellingGeneralAndAdministrativeExpenses": 92500000, "otherExpenses": 29000000, "operatingExpenses": 121500000, "costAndExpenses": 551000000, "interestIncome": 0, "interestExpense": 0, "depreciationAndAmortization": 29000000, "ebitda": 106300000, "ebitdaratio": 0.1690521628, "operatingIncome": 77800000, "operatingIncomeRatio": 0.1237277354, "totalOtherIncomeExpensesNet": 500000, "incomeBeforeTax": 62700000, "incomeBeforeTaxRatio": 0.0997137405, "incomeTaxExpense": 24400000, "netIncome": 36300000, "netIncomeRatio": 0.0577290076, "eps": 1.08, "epsdiluted": 1.04, "weightedAverageShsOut": 32260000, "weightedAverageShsOutDil": 34172000, "link": "https://www.sec.gov/Archives/edgar/data/17843/000001784394000033/0000017843-94-000033-index.html", "finalLink": "https://www.sec.gov/Archives/edgar/data/17843/", "calculatedOtherExpenses": 29000000, "calculatedOperatingExpenses": 121500000, "calculatedNetInterest": 0, "calculatedOtherIncome": -15100000, "calculatedIncomeNonControlling": 2000000, "calculatedEbitda": 106800000}, {"date": "1993-06-30", "symbol": "CRS", "reportedCurrency": "USD", "cik": "0000017843", "fillingDate": "1993-06-30", "acceptedDate": "1993-06-29 20:00:00", "calendarYear": "1993", "period": "FY", "revenue": 576200000, "costOfRevenue": 409200000, "grossProfit": 167000000, "grossProfitRatio": 0.2898299202, "researchAndDevelopmentExpenses": 0, "generalAndAdministrativeExpenses": 82200000, "sellingAndMarketingExpenses": 0, "sellingGeneralAndAdministrativeExpenses": 82200000, "otherExpenses": 26900000, "operatingExpenses": 109100000, "costAndExpenses": 518300000, "interestIncome": 0, "interestExpense": 0, "depreciationAndAmortization": 26900000, "ebitda": 79400000, "ebitdaratio": 0.1377993752, "operatingIncome": 57900000, "operatingIncomeRatio": 0.1004859424, "totalOtherIncomeExpensesNet": 5400000, "incomeBeforeTax": 42800000, "incomeBeforeTaxRatio": 0.074279764, "incomeTaxExpense": 16300000, "netIncome": -48200000, "netIncomeRatio": -0.0836515099, "eps": -1.55, "epsdiluted": -1.55, "weightedAverageShsOut": 31096774, "weightedAverageShsOutDil": 31096774, "link": "", "finalLink": "", "calculatedOtherExpenses": 26900000, "calculatedOperatingExpenses": 109100000, "calculatedNetInterest": 0, "calculatedOtherIncome": -15100000, "calculatedIncomeNonControlling": 74700000, "calculatedEbitda": 84800000}, {"date": "1992-06-30", "symbol": "CRS", "reportedCurrency": "USD", "cik": "0000017843", "fillingDate": "1992-06-30", "acceptedDate": "1992-06-29 20:00:00", "calendarYear": "1992", "period": "FY", "revenue": 570200000, "costOfRevenue": 414100000, "grossProfit": 156100000, "grossProfitRatio": 0.2737635917, "researchAndDevelopmentExpenses": 0, "generalAndAdministrativeExpenses": 80800000, "sellingAndMarketingExpenses": 0, "sellingGeneralAndAdministrativeExpenses": 80800000, "otherExpenses": 25700000, "operatingExpenses": 106500000, "costAndExpenses": 520600000, "interestIncome": 0, "interestExpense": 0, "depreciationAndAmortization": 25700000, "ebitda": 82400000, "ebitdaratio": 0.144510698, "operatingIncome": 49600000, "operatingIncomeRatio": 0.0869870221, "totalOtherIncomeExpensesNet": -7100000, "incomeBeforeTax": 22800000, "incomeBeforeTaxRatio": 0.0399859698, "incomeTaxExpense": 7900000, "netIncome": 13700000, "netIncomeRatio": 0.0240266573, "eps": 0.37, "epsdiluted": 0.37, "weightedAverageShsOut": 37027027, "weightedAverageShsOutDil": 37027027, "link": "", "finalLink": "", "calculatedOtherExpenses": 25700000, "calculatedOperatingExpenses": 106500000, "calculatedNetInterest": 0, "calculatedOtherIncome": -26800000, "calculatedIncomeNonControlling": 1200000, "calculatedEbitda": 75300000}, {"date": "1991-06-30", "symbol": "CRS", "reportedCurrency": "USD", "cik": "0000017843", "fillingDate": "1991-06-30", "acceptedDate": "1991-06-29 20:00:00", "calendarYear": "1991", "period": "FY", "revenue": 562500000, "costOfRevenue": 385100000, "grossProfit": 177400000, "grossProfitRatio": 0.3153777778, "researchAndDevelopmentExpenses": 0, "generalAndAdministrativeExpenses": 80000000, "sellingAndMarketingExpenses": 0, "sellingGeneralAndAdministrativeExpenses": 80000000, "otherExpenses": 24100000, "operatingExpenses": 104100000, "costAndExpenses": 489200000, "interestIncome": 0, "interestExpense": 0, "depreciationAndAmortization": 24100000, "ebitda": 104200000, "ebitdaratio": 0.1852444444, "operatingIncome": 73300000, "operatingIncomeRatio": 0.1303111111, "totalOtherIncomeExpensesNet": -6800000, "incomeBeforeTax": 46700000, "incomeBeforeTaxRatio": 0.0830222222, "incomeTaxExpense": 16600000, "netIncome": 30100000, "netIncomeRatio": 0.0535111111, "eps": 0.88, "epsdiluted": 0.88, "weightedAverageShsOut": 34204545, "weightedAverageShsOutDil": 34204545, "link": "", "finalLink": "", "calculatedOtherExpenses": 24100000, "calculatedOperatingExpenses": 104100000, "calculatedNetInterest": 0, "calculatedOtherIncome": -26600000, "calculatedIncomeNonControlling": 0, "calculatedEbitda": 97400000}, {"date": "1990-06-30", "symbol": "CRS", "reportedCurrency": "USD", "cik": "0000017843", "fillingDate": "1990-06-30", "acceptedDate": "1990-06-29 20:00:00", "calendarYear": "1990", "period": "FY", "revenue": 584400000, "costOfRevenue": 393900000, "grossProfit": 190500000, "grossProfitRatio": 0.3259753593, "researchAndDevelopmentExpenses": 0, "generalAndAdministrativeExpenses": 74000000, "sellingAndMarketingExpenses": 0, "sellingGeneralAndAdministrativeExpenses": 74000000, "otherExpenses": 23100000, "operatingExpenses": 97100000, "costAndExpenses": 491000000, "interestIncome": 0, "interestExpense": 0, "depreciationAndAmortization": 23100000, "ebitda": 117000000, "ebitdaratio": 0.2002053388, "operatingIncome": 93400000, "operatingIncomeRatio": 0.1598220397, "totalOtherIncomeExpensesNet": -500000, "incomeBeforeTax": 73200000, "incomeBeforeTaxRatio": 0.1252566735, "incomeTaxExpense": 28200000, "netIncome": 45000000, "netIncomeRatio": 0.0770020534, "eps": 1.26, "epsdiluted": 1.26, "weightedAverageShsOut": 35573123, "weightedAverageShsOutDil": 35573123, "link": "", "finalLink": "", "calculatedOtherExpenses": 23100000, "calculatedOperatingExpenses": 97100000, "calculatedNetInterest": 0, "calculatedOtherIncome": -20200000, "calculatedIncomeNonControlling": 0, "calculatedEbitda": 116500000}, {"date": "1989-06-30", "symbol": "CRS", "reportedCurrency": "USD", "cik": "0000017843", "fillingDate": "1989-06-30", "acceptedDate": "1989-06-29 20:00:00", "calendarYear": "1989", "period": "FY", "revenue": 634300000, "costOfRevenue": 451900000, "grossProfit": 182400000, "grossProfitRatio": 0.287561091, "researchAndDevelopmentExpenses": 0, "generalAndAdministrativeExpenses": 70400000, "sellingAndMarketingExpenses": 0, "sellingGeneralAndAdministrativeExpenses": 70400000, "otherExpenses": 22300000, "operatingExpenses": 92700000, "costAndExpenses": 544600000, "interestIncome": 0, "interestExpense": 0, "depreciationAndAmortization": 22300000, "ebitda": 135000000, "ebitdaratio": 0.2128330443, "operatingIncome": 89700000, "operatingIncomeRatio": 0.1414157339, "totalOtherIncomeExpensesNet": -23000000, "incomeBeforeTax": 48400000, "incomeBeforeTaxRatio": 0.0763045877, "incomeTaxExpense": 19400000, "netIncome": 29000000, "netIncomeRatio": 0.045719691, "eps": 0.79, "epsdiluted": 0.79, "weightedAverageShsOut": 36708861, "weightedAverageShsOutDil": 36708861, "link": "", "finalLink": "", "calculatedOtherExpenses": 22300000, "calculatedOperatingExpenses": 92700000, "calculatedNetInterest": 0, "calculatedOtherIncome": -41300000, "calculatedIncomeNonControlling": 0, "calculatedEbitda": 112000000}, {"date": "1988-06-30", "symbol": "CRS", "reportedCurrency": "USD", "cik": "0000017843", "fillingDate": "1988-06-30", "acceptedDate": "1988-06-29 20:00:00", "calendarYear": "1988", "period": "FY", "revenue": 555500000, "costOfRevenue": 399000000, "grossProfit": 156500000, "grossProfitRatio": 0.2817281728, "researchAndDevelopmentExpenses": 0, "generalAndAdministrativeExpenses": 72000000, "sellingAndMarketingExpenses": 0, "sellingGeneralAndAdministrativeExpenses": 72000000, "otherExpenses": 26000000, "operatingExpenses": 98000000, "costAndExpenses": 497000000, "interestIncome": 0, "interestExpense": 0, "depreciationAndAmortization": 26000000, "ebitda": 84500000, "ebitdaratio": 0.1521152115, "operatingIncome": 58500000, "operatingIncomeRatio": 0.1053105311, "totalOtherIncomeExpensesNet": -17400000, "incomeBeforeTax": 41100000, "incomeBeforeTaxRatio": 0.0739873987, "incomeTaxExpense": 16800000, "netIncome": 24300000, "netIncomeRatio": 0.0437443744, "eps": 0.67, "epsdiluted": 0.67, "weightedAverageShsOut": 36268657, "weightedAverageShsOutDil": 36268657, "link": "", "finalLink": "", "calculatedOtherExpenses": 26000000, "calculatedOperatingExpenses": 98000000, "calculatedNetInterest": 0, "calculatedOtherIncome": -17400000, "calculatedIncomeNonControlling": 0, "calculatedEbitda": 84500000}, {"date": "1987-06-30", "symbol": "CRS", "reportedCurrency": "USD", "cik": "0000017843", "fillingDate": "1987-06-30", "acceptedDate": "1987-06-29 20:00:00", "calendarYear": "1987", "period": "FY", "revenue": 480500000, "costOfRevenue": 341900000, "grossProfit": 138600000, "grossProfitRatio": 0.2884495317, "researchAndDevelopmentExpenses": 0, "generalAndAdministrativeExpenses": 71900000, "sellingAndMarketingExpenses": 0, "sellingGeneralAndAdministrativeExpenses": 71900000, "otherExpenses": 26800000, "operatingExpenses": 98700000, "costAndExpenses": 440600000, "interestIncome": 0, "interestExpense": 0, "depreciationAndAmortization": 26800000, "ebitda": 80700000, "ebitdaratio": 0.167950052, "operatingIncome": 39900000, "operatingIncomeRatio": 0.0830385016, "totalOtherIncomeExpensesNet": -14000000, "incomeBeforeTax": 9200000, "incomeBeforeTaxRatio": 0.0191467222, "incomeTaxExpense": 4700000, "netIncome": 4500000, "netIncomeRatio": 0.0093652445, "eps": 0.13, "epsdiluted": 0.13, "weightedAverageShsOut": 36000000, "weightedAverageShsOutDil": 36000000, "link": "", "finalLink": "", "calculatedOtherExpenses": 26800000, "calculatedOperatingExpenses": 98700000, "calculatedNetInterest": 0, "calculatedOtherIncome": -30700000, "calculatedIncomeNonControlling": 0, "calculatedEbitda": 66700000}, {"date": "1986-06-30", "symbol": "CRS", "reportedCurrency": "USD", "cik": "0000017843", "fillingDate": "1986-06-30", "acceptedDate": "1986-06-29 20:00:00", "calendarYear": "1986", "period": "FY", "revenue": 517000000, "costOfRevenue": 395200000, "grossProfit": 121800000, "grossProfitRatio": 0.235589942, "researchAndDevelopmentExpenses": 0, "generalAndAdministrativeExpenses": 76700000, "sellingAndMarketingExpenses": 0, "sellingGeneralAndAdministrativeExpenses": 76700000, "otherExpenses": 21500000, "operatingExpenses": 98200000, "costAndExpenses": 493400000, "interestIncome": 0, "interestExpense": 0, "depreciationAndAmortization": 21500000, "ebitda": 47600000, "ebitdaratio": 0.0920696325, "operatingIncome": 23600000, "operatingIncomeRatio": 0.0456479691, "totalOtherIncomeExpensesNet": -2500000, "incomeBeforeTax": 10700000, "incomeBeforeTaxRatio": 0.020696325, "incomeTaxExpense": 900000, "netIncome": 9800000, "netIncomeRatio": 0.0189555126, "eps": 0.28, "epsdiluted": 0.28, "weightedAverageShsOut": 35636364, "weightedAverageShsOutDil": 35636364, "link": "", "finalLink": "", "calculatedOtherExpenses": 21500000, "calculatedOperatingExpenses": 98200000, "calculatedNetInterest": 0, "calculatedOtherIncome": -12900000, "calculatedIncomeNonControlling": 0, "calculatedEbitda": 45100000}]}