{"originalCurrency": "USD", "convertedCurrency": "USD", "report": [{"date": "2024-03-30", "symbol": "CRUS", "reportedCurrency": "USD", "cik": "0000772406", "fillingDate": "2024-05-07", "acceptedDate": "2024-05-07 16:00:42", "calendarYear": "2024", "period": "FY", "revenue": 1788890000, "costOfRevenue": 864533000, "grossProfit": 924357000, "grossProfitRatio": 0.5167209834, "researchAndDevelopmentExpenses": 426475000, "generalAndAdministrativeExpenses": 0, "sellingAndMarketingExpenses": 0, "sellingGeneralAndAdministrativeExpenses": 144172000, "otherExpenses": -8285000, "operatingExpenses": 578932000, "costAndExpenses": 1443465000, "interestIncome": 0, "interestExpense": 20578000, "depreciationAndAmortization": 48377321, "ebitda": 393802321, "ebitdaratio": 0.2201378067, "operatingIncome": 345425000, "operatingIncomeRatio": 0.1930946006, "totalOtherIncomeExpensesNet": 18511000, "incomeBeforeTax": 363936000, "incomeBeforeTaxRatio": 0.2034423581, "incomeTaxExpense": 89364000, "netIncome": 274572000, "netIncomeRatio": 0.1534873581, "eps": 5.06, "epsdiluted": 4.9, "weightedAverageShsOut": 54290000, "weightedAverageShsOutDil": 56021000, "link": "https://www.sec.gov/Archives/edgar/data/772406/000077240624000015/0000772406-24-000015-index.htm", "finalLink": "https://www.sec.gov/Archives/edgar/data/772406/000077240624000015/q4fy24pressrelease.htm", "calculatedOtherExpenses": 8285000, "calculatedOperatingExpenses": 578932000, "calculatedNetInterest": -20578000, "calculatedOtherIncome": 39089000, "calculatedIncomeNonControlling": 0, "calculatedEbitda": 393802321}, {"date": "2023-03-25", "symbol": "CRUS", "reportedCurrency": "USD", "cik": "0000772406", "fillingDate": "2023-05-19", "acceptedDate": "2023-05-19 16:02:51", "calendarYear": "2023", "period": "FY", "revenue": 1897617000, "costOfRevenue": 940638000, "grossProfit": 956979000, "grossProfitRatio": 0.5043056634, "researchAndDevelopmentExpenses": 458412000, "generalAndAdministrativeExpenses": 0, "sellingAndMarketingExpenses": 0, "sellingGeneralAndAdministrativeExpenses": 153144000, "otherExpenses": -3379000, "operatingExpenses": 611556000, "costAndExpenses": 1552194000, "interestIncome": 9985000, "interestExpense": 898000, "depreciationAndAmortization": 71202000, "ebitda": 423231000, "ebitdaratio": 0.2230328881, "operatingIncome": 249031000, "operatingIncomeRatio": 0.1312335419, "totalOtherIncomeExpensesNet": -99771000, "incomeBeforeTax": 254739000, "incomeBeforeTaxRatio": 0.134241525, "incomeTaxExpense": 78036000, "netIncome": 176703000, "netIncomeRatio": 0.093118369, "eps": 3.18, "epsdiluted": 3.09, "weightedAverageShsOut": 55614000, "weightedAverageShsOutDil": 57226000, "link": "https://www.sec.gov/Archives/edgar/data/772406/000077240623000019/0000772406-23-000019-index.htm", "finalLink": "https://www.sec.gov/Archives/edgar/data/772406/000077240623000019/crus-20230325.htm", "calculatedOtherExpenses": 96392000, "calculatedOperatingExpenses": 707948000, "calculatedNetInterest": 9087000, "calculatedOtherIncome": -3379000, "calculatedIncomeNonControlling": 0, "calculatedEbitda": 320233000}, {"date": "2022-03-26", "symbol": "CRUS", "reportedCurrency": "USD", "cik": "0000772406", "fillingDate": "2022-05-20", "acceptedDate": "2022-05-20 16:01:47", "calendarYear": "2022", "period": "FY", "revenue": 1781460000, "costOfRevenue": 857819000, "grossProfit": 923641000, "grossProfitRatio": 0.5184741729, "researchAndDevelopmentExpenses": 406307000, "generalAndAdministrativeExpenses": 0, "sellingAndMarketingExpenses": 0, "sellingGeneralAndAdministrativeExpenses": 150996000, "otherExpenses": 1710000, "operatingExpenses": 557303000, "costAndExpenses": 1415122000, "interestIncome": 1563000, "interestExpense": 948000, "depreciationAndAmortization": 62061000, "ebitda": 431672000, "ebitdaratio": 0.2423136079, "operatingIncome": 366338000, "operatingIncomeRatio": 0.2056391948, "totalOtherIncomeExpensesNet": 1710000, "incomeBeforeTax": 368663000, "incomeBeforeTaxRatio": 0.2069443041, "incomeTaxExpense": 42308000, "netIncome": 326355000, "netIncomeRatio": 0.1831952444, "eps": 5.7, "epsdiluted": 5.52, "weightedAverageShsOut": 57278000, "weightedAverageShsOutDil": 59143000, "link": "https://www.sec.gov/Archives/edgar/data/772406/000077240622000014/0000772406-22-000014-index.htm", "finalLink": "https://www.sec.gov/Archives/edgar/data/772406/000077240622000014/crus-20220326.htm", "calculatedOtherExpenses": 0, "calculatedOperatingExpenses": 557303000, "calculatedNetInterest": 615000, "calculatedOtherIncome": 1710000, "calculatedIncomeNonControlling": 0, "calculatedEbitda": 428399000}, {"date": "2021-03-27", "symbol": "CRUS", "reportedCurrency": "USD", "cik": "0000772406", "fillingDate": "2021-05-21", "acceptedDate": "2021-05-21 16:05:00", "calendarYear": "2021", "period": "FY", "revenue": 1369230000, "costOfRevenue": 661929000, "grossProfit": 707301000, "grossProfitRatio": 0.5165684363, "researchAndDevelopmentExpenses": 342759000, "generalAndAdministrativeExpenses": 0, "sellingAndMarketingExpenses": 0, "sellingGeneralAndAdministrativeExpenses": 127008000, "otherExpenses": 2840000, "operatingExpenses": 469767000, "costAndExpenses": 1131696000, "interestIncome": 6281000, "interestExpense": 1057000, "depreciationAndAmortization": 47083000, "ebitda": 293738000, "ebitdaratio": 0.2145278733, "operatingIncome": 237182000, "operatingIncomeRatio": 0.1732229063, "totalOtherIncomeExpensesNet": 2488000, "incomeBeforeTax": 245246000, "incomeBeforeTaxRatio": 0.1791123478, "incomeTaxExpense": 27902000, "netIncome": 217344000, "netIncomeRatio": 0.1587344712, "eps": 3.74, "epsdiluted": 3.62, "weightedAverageShsOut": 58106000, "weightedAverageShsOutDil": 60060000, "link": "https://www.sec.gov/Archives/edgar/data/772406/000077240621000013/0000772406-21-000013-index.htm", "finalLink": "https://www.sec.gov/Archives/edgar/data/772406/000077240621000013/crus-20210327.htm", "calculatedOtherExpenses": 352000, "calculatedOperatingExpenses": 470119000, "calculatedNetInterest": 5224000, "calculatedOtherIncome": 2840000, "calculatedIncomeNonControlling": 0, "calculatedEbitda": 284265000}, {"date": "2020-03-28", "symbol": "CRUS", "reportedCurrency": "USD", "cik": "0000772406", "fillingDate": "2020-05-20", "acceptedDate": "2020-05-20 16:02:27", "calendarYear": "2020", "period": "FY", "revenue": 1281124000, "costOfRevenue": 606957000, "grossProfit": 674167000, "grossProfitRatio": 0.5262308723, "researchAndDevelopmentExpenses": 347647000, "generalAndAdministrativeExpenses": 0, "sellingAndMarketingExpenses": 0, "sellingGeneralAndAdministrativeExpenses": 131115000, "otherExpenses": -1615000, "operatingExpenses": 478762000, "costAndExpenses": 1085719000, "interestIncome": 10458000, "interestExpense": 1057000, "depreciationAndAmortization": 68237000, "ebitda": 272485000, "ebitdaratio": 0.212692136, "operatingIncome": 173480000, "operatingIncomeRatio": 0.135412341, "totalOtherIncomeExpensesNet": -23540000, "incomeBeforeTax": 181266000, "incomeBeforeTaxRatio": 0.1414898168, "incomeTaxExpense": 21768000, "netIncome": 159498000, "netIncomeRatio": 0.1244984873, "eps": 2.74, "epsdiluted": 2.64, "weightedAverageShsOut": 58317000, "weightedAverageShsOutDil": 60462000, "link": "https://www.sec.gov/Archives/edgar/data/772406/000077240620000007/0000772406-20-000007-index.htm", "finalLink": "https://www.sec.gov/Archives/edgar/data/772406/000077240620000007/crus-20200328.htm", "calculatedOtherExpenses": 21925000, "calculatedOperatingExpenses": 500687000, "calculatedNetInterest": 9401000, "calculatedOtherIncome": -1615000, "calculatedIncomeNonControlling": 0, "calculatedEbitda": 241717000}, {"date": "2019-03-30", "symbol": "CRUS", "reportedCurrency": "USD", "cik": "0000772406", "fillingDate": "2019-05-24", "acceptedDate": "2019-05-24 16:37:24", "calendarYear": "2019", "period": "FY", "revenue": 1185524000, "costOfRevenue": 588027000, "grossProfit": 597497000, "grossProfitRatio": 0.5039940145, "researchAndDevelopmentExpenses": 375139000, "generalAndAdministrativeExpenses": 0, "sellingAndMarketingExpenses": 0, "sellingGeneralAndAdministrativeExpenses": 126502000, "otherExpenses": -217000, "operatingExpenses": 501641000, "costAndExpenses": 1089668000, "interestIncome": 8017000, "interestExpense": 1057000, "depreciationAndAmortization": 79826000, "ebitda": 183482000, "ebitdaratio": 0.154768693, "operatingIncome": 100769000, "operatingIncomeRatio": 0.0849995445, "totalOtherIncomeExpensesNet": -9072000, "incomeBeforeTax": 93744000, "incomeBeforeTaxRatio": 0.0790738948, "incomeTaxExpense": 3753000, "netIncome": 89991000, "netIncomeRatio": 0.075908206, "eps": 1.5, "epsdiluted": 1.46, "weightedAverageShsOut": 60116000, "weightedAverageShsOutDil": 61583000, "link": "https://www.sec.gov/Archives/edgar/data/772406/000077240619000008/0000772406-19-000008-index.htm", "finalLink": "https://www.sec.gov/Archives/edgar/data/772406/000077240619000008/a10-kxcrus33019.htm", "calculatedOtherExpenses": -4913000, "calculatedOperatingExpenses": 496728000, "calculatedNetInterest": 6960000, "calculatedOtherIncome": -13985000, "calculatedIncomeNonControlling": 0, "calculatedEbitda": 180595000}, {"date": "2018-03-31", "symbol": "CRUS", "reportedCurrency": "USD", "cik": "0000772406", "fillingDate": "2018-05-30", "acceptedDate": "2018-05-30 16:04:25", "calendarYear": "2018", "period": "FY", "revenue": 1532186000, "costOfRevenue": 771470000, "grossProfit": 760716000, "grossProfitRatio": 0.4964906349, "researchAndDevelopmentExpenses": 366444000, "generalAndAdministrativeExpenses": 0, "sellingAndMarketingExpenses": 0, "sellingGeneralAndAdministrativeExpenses": 131811000, "otherExpenses": -971000, "operatingExpenses": 498255000, "costAndExpenses": 1269725000, "interestIncome": 4762000, "interestExpense": 1153000, "depreciationAndAmortization": 81399000, "ebitda": 347651000, "ebitdaratio": 0.2268986925, "operatingIncome": 262461000, "operatingIncomeRatio": 0.1712983933, "totalOtherIncomeExpensesNet": -971000, "incomeBeforeTax": 265099000, "incomeBeforeTaxRatio": 0.1730201164, "incomeTaxExpense": 103104000, "netIncome": 161995000, "netIncomeRatio": 0.1057280252, "eps": 2.55, "epsdiluted": 2.46, "weightedAverageShsOut": 63407000, "weightedAverageShsOutDil": 65951000, "link": "https://www.sec.gov/Archives/edgar/data/772406/000077240618000007/0000772406-18-000007-index.htm", "finalLink": "https://www.sec.gov/Archives/edgar/data/772406/000077240618000007/a10-kxcrus53018.htm", "calculatedOtherExpenses": 0, "calculatedOperatingExpenses": 498255000, "calculatedNetInterest": 3609000, "calculatedOtherIncome": -971000, "calculatedIncomeNonControlling": 0, "calculatedEbitda": 343860000}, {"date": "2017-03-25", "symbol": "CRUS", "reportedCurrency": "USD", "cik": "0000772406", "fillingDate": "2017-05-24", "acceptedDate": "2017-05-24 16:07:24", "calendarYear": "2017", "period": "FY", "revenue": 1538940000, "costOfRevenue": 781125000, "grossProfit": 757815000, "grossProfitRatio": 0.4924266053, "researchAndDevelopmentExpenses": 303658000, "generalAndAdministrativeExpenses": 0, "sellingAndMarketingExpenses": 0, "sellingGeneralAndAdministrativeExpenses": 127265000, "otherExpenses": -79000, "operatingExpenses": 430923000, "costAndExpenses": 1212048000, "interestIncome": 1676000, "interestExpense": 3600000, "depreciationAndAmortization": 63433000, "ebitda": 391922000, "ebitdaratio": 0.2546700976, "operatingIncome": 317050000, "operatingIncomeRatio": 0.2060184283, "totalOtherIncomeExpensesNet": -9921000, "incomeBeforeTax": 315047000, "incomeBeforeTaxRatio": 0.204716883, "incomeTaxExpense": 53838000, "netIncome": 261209000, "netIncomeRatio": 0.169733063, "eps": 4.12, "epsdiluted": 3.92, "weightedAverageShsOut": 63329000, "weightedAverageShsOutDil": 66561000, "link": "https://www.sec.gov/Archives/edgar/data/772406/000119312517181625/0001193125-17-181625-index.htm", "finalLink": "https://www.sec.gov/Archives/edgar/data/772406/000119312517181625/d339118d10k.htm", "calculatedOtherExpenses": 9842000, "calculatedOperatingExpenses": 440765000, "calculatedNetInterest": -1924000, "calculatedOtherIncome": -79000, "calculatedIncomeNonControlling": 0, "calculatedEbitda": 380483000}, {"date": "2016-03-26", "symbol": "CRUS", "reportedCurrency": "USD", "cik": "0000772406", "fillingDate": "2016-05-25", "acceptedDate": "2016-05-25 16:14:06", "calendarYear": "2016", "period": "FY", "revenue": 1169251000, "costOfRevenue": 614411000, "grossProfit": 554840000, "grossProfitRatio": 0.474526, "researchAndDevelopmentExpenses": 269217000, "generalAndAdministrativeExpenses": 0, "sellingAndMarketingExpenses": 0, "sellingGeneralAndAdministrativeExpenses": 117082000, "otherExpenses": -1791000, "operatingExpenses": 386299000, "costAndExpenses": 1000710000, "interestIncome": 877000, "interestExpense": 3308000, "depreciationAndAmortization": 58060000, "ebitda": 225687000, "ebitdaratio": 0.1930184366, "operatingIncome": 180211000, "operatingIncomeRatio": 0.1541251622, "totalOtherIncomeExpensesNet": 9879000, "incomeBeforeTax": 175989000, "incomeBeforeTaxRatio": 0.1505143036, "incomeTaxExpense": 52359000, "netIncome": 123630000, "netIncomeRatio": 0.1057343547, "eps": 1.96, "epsdiluted": 1.87, "weightedAverageShsOut": 63197000, "weightedAverageShsOutDil": 65993000, "link": "https://www.sec.gov/Archives/edgar/data/772406/000119312516602269/0001193125-16-602269-index.htm", "finalLink": "https://www.sec.gov/Archives/edgar/data/772406/000119312516602269/d127464d10k.htm", "calculatedOtherExpenses": -11670000, "calculatedOperatingExpenses": 374629000, "calculatedNetInterest": -2431000, "calculatedOtherIncome": -1791000, "calculatedIncomeNonControlling": 0, "calculatedEbitda": 238271000}, {"date": "2015-03-28", "symbol": "CRUS", "reportedCurrency": "USD", "cik": "0000772406", "fillingDate": "2015-05-27", "acceptedDate": "2015-05-27 16:04:28", "calendarYear": "2015", "period": "FY", "revenue": 916568000, "costOfRevenue": 490820000, "grossProfit": 425748000, "grossProfitRatio": 0.464502361, "researchAndDevelopmentExpenses": 197878000, "generalAndAdministrativeExpenses": 0, "sellingAndMarketingExpenses": 0, "sellingGeneralAndAdministrativeExpenses": 99509000, "otherExpenses": -12172000, "operatingExpenses": 297387000, "costAndExpenses": 788207000, "interestIncome": 579000, "interestExpense": 5627000, "depreciationAndAmortization": 34855000, "ebitda": 151623000, "ebitdaratio": 0.1654247148, "operatingIncome": 108769000, "operatingIncomeRatio": 0.1186698641, "totalOtherIncomeExpensesNet": -31764000, "incomeBeforeTax": 91549000, "incomeBeforeTaxRatio": 0.0998823873, "incomeTaxExpense": 36371000, "netIncome": 55178000, "netIncomeRatio": 0.0602006616, "eps": 0.88, "epsdiluted": 0.85, "weightedAverageShsOut": 62503000, "weightedAverageShsOutDil": 65235000, "link": "https://www.sec.gov/Archives/edgar/data/772406/000119312515201883/0001193125-15-201883-index.htm", "finalLink": "https://www.sec.gov/Archives/edgar/data/772406/000119312515201883/d862656d10k.htm", "calculatedOtherExpenses": 19592000, "calculatedOperatingExpenses": 316979000, "calculatedNetInterest": -5048000, "calculatedOtherIncome": -12172000, "calculatedIncomeNonControlling": 0, "calculatedEbitda": 143624000}, {"date": "2014-03-29", "symbol": "CRUS", "reportedCurrency": "USD", "cik": "0000772406", "fillingDate": "2014-05-28", "acceptedDate": "2014-05-28 16:12:26", "calendarYear": "2014", "period": "FY", "revenue": 714338000, "costOfRevenue": 358175000, "grossProfit": 356163000, "grossProfitRatio": 0.4985917031, "researchAndDevelopmentExpenses": 126189000, "generalAndAdministrativeExpenses": 0, "sellingAndMarketingExpenses": 0, "sellingGeneralAndAdministrativeExpenses": 74861000, "otherExpenses": -127000, "operatingExpenses": 201050000, "costAndExpenses": 559225000, "interestIncome": 848000, "interestExpense": 0, "depreciationAndAmortization": 14883000, "ebitda": 170717000, "ebitdaratio": 0.2389863062, "operatingIncome": 155016000, "operatingIncomeRatio": 0.2170065151, "totalOtherIncomeExpensesNet": -224000, "incomeBeforeTax": 155737000, "incomeBeforeTaxRatio": 0.2180158412, "incomeTaxExpense": 47626000, "netIncome": 108111000, "netIncomeRatio": 0.1513443216, "eps": 1.72, "epsdiluted": 1.65, "weightedAverageShsOut": 62926000, "weightedAverageShsOutDil": 65535000, "link": "https://www.sec.gov/Archives/edgar/data/772406/000119312514215076/0001193125-14-215076-index.htm", "finalLink": "https://www.sec.gov/Archives/edgar/data/772406/000119312514215076/d721274d10k.htm", "calculatedOtherExpenses": 97000, "calculatedOperatingExpenses": 201147000, "calculatedNetInterest": 848000, "calculatedOtherIncome": -127000, "calculatedIncomeNonControlling": 0, "calculatedEbitda": 169899000}, {"date": "2013-03-30", "symbol": "CRUS", "reportedCurrency": "USD", "cik": "0000772406", "fillingDate": "2013-05-29", "acceptedDate": "2013-05-29 16:25:12", "calendarYear": "2013", "period": "FY", "revenue": 809786000, "costOfRevenue": 414595000, "grossProfit": 395191000, "grossProfitRatio": 0.4880190569, "researchAndDevelopmentExpenses": 114071000, "generalAndAdministrativeExpenses": 0, "sellingAndMarketingExpenses": 0, "sellingGeneralAndAdministrativeExpenses": 76998000, "otherExpenses": -80000, "operatingExpenses": 191069000, "costAndExpenses": 605664000, "interestIncome": 440000, "interestExpense": 0, "depreciationAndAmortization": 13562000, "ebitda": 218044000, "ebitdaratio": 0.2692612616, "operatingIncome": 200830000, "operatingIncomeRatio": 0.2480037936, "totalOtherIncomeExpensesNet": -3372000, "incomeBeforeTax": 201190000, "incomeBeforeTaxRatio": 0.2484483555, "incomeTaxExpense": 64592000, "netIncome": 136598000, "netIncomeRatio": 0.1686840721, "eps": 2.12, "epsdiluted": 2, "weightedAverageShsOut": 64580000, "weightedAverageShsOutDil": 68454000, "link": "https://www.sec.gov/Archives/edgar/data/772406/000119312513239492/0001193125-13-239492-index.htm", "finalLink": "https://www.sec.gov/Archives/edgar/data/772406/000119312513239492/d538351d10k.htm", "calculatedOtherExpenses": 3292000, "calculatedOperatingExpenses": 194361000, "calculatedNetInterest": 440000, "calculatedOtherIncome": -80000, "calculatedIncomeNonControlling": 0, "calculatedEbitda": 214392000}, {"date": "2012-03-31", "symbol": "CRUS", "reportedCurrency": "USD", "cik": "0000772406", "fillingDate": "2012-05-30", "acceptedDate": "2012-05-30 17:14:50", "calendarYear": "2012", "period": "FY", "revenue": 426843000, "costOfRevenue": 196402000, "grossProfit": 230441000, "grossProfitRatio": 0.5398729744, "researchAndDevelopmentExpenses": 85697000, "generalAndAdministrativeExpenses": 0, "sellingAndMarketingExpenses": 0, "sellingGeneralAndAdministrativeExpenses": 65208000, "otherExpenses": -70000, "operatingExpenses": 150905000, "costAndExpenses": 347307000, "interestIncome": 517000, "interestExpense": 0, "depreciationAndAmortization": 9972000, "ebitda": 89508000, "ebitdaratio": 0.2096977109, "operatingIncome": 79536000, "operatingIncomeRatio": 0.186335491, "totalOtherIncomeExpensesNet": -70000, "incomeBeforeTax": 79983000, "incomeBeforeTaxRatio": 0.1873827145, "incomeTaxExpense": -8000000, "netIncome": 87983000, "netIncomeRatio": 0.2061249687, "eps": 1.35, "epsdiluted": 1.29, "weightedAverageShsOut": 64934000, "weightedAverageShsOutDil": 68064000, "link": "https://www.sec.gov/Archives/edgar/data/772406/000120677412002462/0001206774-12-002462-index.htm", "finalLink": "https://www.sec.gov/Archives/edgar/data/772406/000120677412002462/cirrus_10k.htm", "calculatedOtherExpenses": 0, "calculatedOperatingExpenses": 150905000, "calculatedNetInterest": 517000, "calculatedOtherIncome": -70000, "calculatedIncomeNonControlling": 0, "calculatedEbitda": 89508000}, {"date": "2011-03-26", "symbol": "CRUS", "reportedCurrency": "USD", "cik": "0000772406", "fillingDate": "2011-05-25", "acceptedDate": "2011-05-25 17:15:44", "calendarYear": "2011", "period": "FY", "revenue": 369571000, "costOfRevenue": 167576000, "grossProfit": 201995000, "grossProfitRatio": 0.5465661537, "researchAndDevelopmentExpenses": 63934000, "generalAndAdministrativeExpenses": 0, "sellingAndMarketingExpenses": 0, "sellingGeneralAndAdministrativeExpenses": 58734000, "otherExpenses": 27000, "operatingExpenses": 122668000, "costAndExpenses": 290244000, "interestIncome": 860000, "interestExpense": 0, "depreciationAndAmortization": 8145000, "ebitda": 83472000, "ebitdaratio": 0.2258618777, "operatingIncome": 83327000, "operatingIncomeRatio": 0.2254695309, "totalOtherIncomeExpensesNet": 4027000, "incomeBeforeTax": 84214000, "incomeBeforeTaxRatio": 0.227869611, "incomeTaxExpense": -119289000, "netIncome": 203503000, "netIncomeRatio": 0.5506465605, "eps": 3, "epsdiluted": 2.82, "weightedAverageShsOut": 67857000, "weightedAverageShsOutDil": 72103000, "link": "https://www.sec.gov/Archives/edgar/data/772406/000095012311053974/0000950123-11-053974-index.htm", "finalLink": "https://www.sec.gov/Archives/edgar/data/772406/000095012311053974/d82129e10vk.htm", "calculatedOtherExpenses": -4000000, "calculatedOperatingExpenses": 118668000, "calculatedNetInterest": 860000, "calculatedOtherIncome": 27000, "calculatedIncomeNonControlling": 0, "calculatedEbitda": 91472000}, {"date": "2010-03-27", "symbol": "CRUS", "reportedCurrency": "USD", "cik": "0000772406", "fillingDate": "2010-06-01", "acceptedDate": "2010-06-01 17:09:39", "calendarYear": "2010", "period": "FY", "revenue": 220989000, "costOfRevenue": 102258000, "grossProfit": 118731000, "grossProfitRatio": 0.5372710859, "researchAndDevelopmentExpenses": 51421000, "generalAndAdministrativeExpenses": 0, "sellingAndMarketingExpenses": 0, "sellingGeneralAndAdministrativeExpenses": 45923000, "otherExpenses": 0, "operatingExpenses": 94234000, "costAndExpenses": 196492000, "interestIncome": 1345000, "interestExpense": 0, "depreciationAndAmortization": 7888000, "ebitda": 31544000, "ebitdaratio": 0.1427401364, "operatingIncome": 25404000, "operatingIncomeRatio": 0.114955948, "totalOtherIncomeExpensesNet": 841000, "incomeBeforeTax": 26683000, "incomeBeforeTaxRatio": 0.1207435664, "incomeTaxExpense": -11715000, "netIncome": 38398000, "netIncomeRatio": 0.1737552548, "eps": 0.59, "epsdiluted": 0.59, "weightedAverageShsOut": 65338000, "weightedAverageShsOutDil": 65626000, "link": "https://www.sec.gov/Archives/edgar/data/772406/000095012310054820/0000950123-10-054820-index.htm", "finalLink": "https://www.sec.gov/Archives/edgar/data/772406/000095012310054820/d73254e10vk.htm", "calculatedOtherExpenses": -4017000, "calculatedOperatingExpenses": 93327000, "calculatedNetInterest": 1345000, "calculatedOtherIncome": -66000, "calculatedIncomeNonControlling": 0, "calculatedEbitda": 33292000}, {"date": "2009-03-28", "symbol": "CRUS", "reportedCurrency": "USD", "cik": "0000772406", "fillingDate": "2009-06-01", "acceptedDate": "2009-06-01 08:00:38", "calendarYear": "2009", "period": "FY", "revenue": 174642000, "costOfRevenue": 77458000, "grossProfit": 97184000, "grossProfitRatio": 0.5564755328, "researchAndDevelopmentExpenses": 44315000, "generalAndAdministrativeExpenses": 0, "sellingAndMarketingExpenses": 0, "sellingGeneralAndAdministrativeExpenses": 45304000, "otherExpenses": 0, "operatingExpenses": 91824000, "costAndExpenses": 169282000, "interestIncome": 2777000, "interestExpense": 0, "depreciationAndAmortization": 8168000, "ebitda": 15508000, "ebitdaratio": 0.0887987998, "operatingIncome": 3216000, "operatingIncomeRatio": 0.0184148143, "totalOtherIncomeExpensesNet": -1980000, "incomeBeforeTax": 6157000, "incomeBeforeTaxRatio": 0.0352549788, "incomeTaxExpense": 2682000, "netIncome": 3475000, "netIncomeRatio": 0.0198978482, "eps": 0.053, "epsdiluted": 0.0529, "weightedAverageShsOut": 65530000, "weightedAverageShsOutDil": 65711000, "link": "https://www.sec.gov/Archives/edgar/data/772406/000095012309009845/0000950123-09-009845-index.htm", "finalLink": "https://www.sec.gov/Archives/edgar/data/772406/000095012309009845/d67850e10vk.htm", "calculatedOtherExpenses": 4349000, "calculatedOperatingExpenses": 93968000, "calculatedNetInterest": 2777000, "calculatedOtherIncome": 164000, "calculatedIncomeNonControlling": 0, "calculatedEbitda": 11384000}, {"date": "2008-03-29", "symbol": "CRUS", "reportedCurrency": "USD", "cik": "0000772406", "fillingDate": "2008-05-29", "acceptedDate": "2008-05-29 17:25:37", "calendarYear": "2008", "period": "FY", "revenue": 181885000, "costOfRevenue": 78652000, "grossProfit": 103233000, "grossProfitRatio": 0.567572917, "researchAndDevelopmentExpenses": 48484000, "generalAndAdministrativeExpenses": 0, "sellingAndMarketingExpenses": 0, "sellingGeneralAndAdministrativeExpenses": 53554000, "otherExpenses": 0, "operatingExpenses": 105695000, "costAndExpenses": 184347000, "interestIncome": 12068000, "interestExpense": 0, "depreciationAndAmortization": 8582000, "ebitda": 18527000, "ebitdaratio": 0.1018610661, "operatingIncome": -14765000, "operatingIncomeRatio": -0.0811776672, "totalOtherIncomeExpensesNet": -12407000, "incomeBeforeTax": -2801000, "incomeBeforeTaxRatio": -0.0153998406, "incomeTaxExpense": 3045000, "netIncome": -5846000, "netIncomeRatio": -0.0321411881, "eps": -0.0665, "epsdiluted": -0.0665, "weightedAverageShsOut": 87967000, "weightedAverageShsOutDil": 87967000, "link": "https://www.sec.gov/Archives/edgar/data/772406/000095013408010461/0000950134-08-010461-index.htm", "finalLink": "https://www.sec.gov/Archives/edgar/data/772406/000095013408010461/d57214e10vk.htm", "calculatedOtherExpenses": 15960000, "calculatedOperatingExpenses": 117998000, "calculatedNetInterest": 12068000, "calculatedOtherIncome": -104000, "calculatedIncomeNonControlling": 0, "calculatedEbitda": -6183000}, {"date": "2007-03-31", "symbol": "CRUS", "reportedCurrency": "USD", "cik": "0000772406", "fillingDate": "2007-06-04", "acceptedDate": "2007-06-04 17:14:27", "calendarYear": "2007", "period": "FY", "revenue": 182304000, "costOfRevenue": 73290000, "grossProfit": 109014000, "grossProfitRatio": 0.5979791996, "researchAndDevelopmentExpenses": 43961000, "generalAndAdministrativeExpenses": 0, "sellingAndMarketingExpenses": 0, "sellingGeneralAndAdministrativeExpenses": 51755000, "otherExpenses": 0, "operatingExpenses": 100006000, "costAndExpenses": 173296000, "interestIncome": 0, "interestExpense": 0, "depreciationAndAmortization": 5636000, "ebitda": 21595000, "ebitdaratio": 0.1184559856, "operatingIncome": 5977000, "operatingIncomeRatio": 0.0327858961, "totalOtherIncomeExpensesNet": -6951000, "incomeBeforeTax": 19493000, "incomeBeforeTaxRatio": 0.1069257943, "incomeTaxExpense": -8402000, "netIncome": 27895000, "netIncomeRatio": 0.1530136475, "eps": 0.32, "epsdiluted": 0.31, "weightedAverageShsOut": 87643000, "weightedAverageShsOutDil": 88805000, "link": "https://www.sec.gov/Archives/edgar/data/772406/000095013407012853/0000950134-07-012853-index.htm", "finalLink": "https://www.sec.gov/Archives/edgar/data/772406/000095013407012853/d47047e10vk.htm", "calculatedOtherExpenses": 7321000, "calculatedOperatingExpenses": 103037000, "calculatedNetInterest": 0, "calculatedOtherIncome": 13516000, "calculatedIncomeNonControlling": 0, "calculatedEbitda": 11613000}, {"date": "2006-03-25", "symbol": "CRUS", "reportedCurrency": "USD", "cik": "0000772406", "fillingDate": "2006-05-25", "acceptedDate": "2006-05-25 17:08:17", "calendarYear": "2006", "period": "FY", "revenue": 193694000, "costOfRevenue": 88482000, "grossProfit": 105212000, "grossProfitRatio": 0.5431866759, "researchAndDevelopmentExpenses": 45101000, "generalAndAdministrativeExpenses": 0, "sellingAndMarketingExpenses": 0, "sellingGeneralAndAdministrativeExpenses": 50243000, "otherExpenses": 0, "operatingExpenses": 63586000, "costAndExpenses": 152068000, "interestIncome": 0, "interestExpense": 0, "depreciationAndAmortization": 7516000, "ebitda": 19361000, "ebitdaratio": 0.0999566326, "operatingIncome": 39315000, "operatingIncomeRatio": 0.2029747953, "totalOtherIncomeExpensesNet": 29781000, "incomeBeforeTax": 47110000, "incomeBeforeTaxRatio": 0.2432186851, "incomeTaxExpense": -7035000, "netIncome": 54145000, "netIncomeRatio": 0.2795388603, "eps": 0.63, "epsdiluted": 0.62, "weightedAverageShsOut": 86036000, "weightedAverageShsOutDil": 87775000, "link": "https://www.sec.gov/Archives/edgar/data/772406/000095013406010647/0000950134-06-010647-index.htm", "finalLink": "https://www.sec.gov/Archives/edgar/data/772406/000095013406010647/d36521e10vk.htm", "calculatedOtherExpenses": -29447000, "calculatedOperatingExpenses": 65897000, "calculatedNetInterest": 0, "calculatedOtherIncome": 7795000, "calculatedIncomeNonControlling": 0, "calculatedEbitda": 46831000}, {"date": "2005-03-26", "symbol": "CRUS", "reportedCurrency": "USD", "cik": "0000772406", "fillingDate": "2005-05-27", "acceptedDate": "2005-05-27 16:47:23", "calendarYear": "2005", "period": "FY", "revenue": 194900000, "costOfRevenue": 101637000, "grossProfit": 93263000, "grossProfitRatio": 0.4785171883, "researchAndDevelopmentExpenses": 66831000, "generalAndAdministrativeExpenses": 0, "sellingAndMarketingExpenses": 0, "sellingGeneralAndAdministrativeExpenses": 42394000, "otherExpenses": 0, "operatingExpenses": 122308000, "costAndExpenses": 223945000, "interestIncome": 0, "interestExpense": 0, "depreciationAndAmortization": 20379000, "ebitda": -919000, "ebitdaratio": -0.0047152386, "operatingIncome": -38508000, "operatingIncomeRatio": -0.1975782453, "totalOtherIncomeExpensesNet": -7747000, "incomeBeforeTax": -34177000, "incomeBeforeTaxRatio": -0.1753565931, "incomeTaxExpense": -20789000, "netIncome": -13388000, "netIncomeRatio": -0.0686916367, "eps": -0.16, "epsdiluted": -0.16, "weightedAverageShsOut": 83675000, "weightedAverageShsOutDil": 83675000, "link": "https://www.sec.gov/Archives/edgar/data/772406/000095013405011031/0000950134-05-011031-index.htm", "finalLink": "https://www.sec.gov/Archives/edgar/data/772406/000095013405011031/d25899e10vk.htm", "calculatedOtherExpenses": 22546000, "calculatedOperatingExpenses": 131771000, "calculatedNetInterest": 0, "calculatedOtherIncome": 4331000, "calculatedIncomeNonControlling": 0, "calculatedEbitda": -18129000}, {"date": "2004-03-27", "symbol": "CRUS", "reportedCurrency": "USD", "cik": "0000772406", "fillingDate": "2004-06-09", "acceptedDate": "2004-06-09 12:49:38", "calendarYear": "2004", "period": "FY", "revenue": 196338000, "costOfRevenue": 95594000, "grossProfit": 100744000, "grossProfitRatio": 0.5131151382, "researchAndDevelopmentExpenses": 76168000, "generalAndAdministrativeExpenses": 0, "sellingAndMarketingExpenses": 0, "sellingGeneralAndAdministrativeExpenses": 51518000, "otherExpenses": 0, "operatingExpenses": 51284000, "costAndExpenses": 146878000, "interestIncome": 0, "interestExpense": 0, "depreciationAndAmortization": 27198000, "ebitda": 12147000, "ebitdaratio": 0.0618677994, "operatingIncome": 25540000, "operatingIncomeRatio": 0.1300817977, "totalOtherIncomeExpensesNet": 64511000, "incomeBeforeTax": 39444000, "incomeBeforeTaxRatio": 0.2008984506, "incomeTaxExpense": -7059000, "netIncome": 46503000, "netIncomeRatio": 0.2368517556, "eps": 0.51, "epsdiluted": 0.5, "weightedAverageShsOut": 91182353, "weightedAverageShsOutDil": 93006000, "link": "https://www.sec.gov/Archives/edgar/data/772406/000095013404008572/0000950134-04-008572-index.htm", "finalLink": "https://www.sec.gov/Archives/edgar/data/772406/000095013404008572/h15766e10vk.htm", "calculatedOtherExpenses": -52482000, "calculatedOperatingExpenses": 75204000, "calculatedNetInterest": 0, "calculatedOtherIncome": 13904000, "calculatedIncomeNonControlling": 0, "calculatedEbitda": 52738000}, {"date": "2003-03-29", "symbol": "CRUS", "reportedCurrency": "USD", "cik": "0000772406", "fillingDate": "2003-06-13", "acceptedDate": "2003-06-12 18:47:02", "calendarYear": "2003", "period": "FY", "revenue": 261999000, "costOfRevenue": 129757000, "grossProfit": 132242000, "grossProfitRatio": 0.5047423845, "researchAndDevelopmentExpenses": 95271000, "generalAndAdministrativeExpenses": 0, "sellingAndMarketingExpenses": 0, "sellingGeneralAndAdministrativeExpenses": 73661000, "otherExpenses": 0, "operatingExpenses": 309660000, "costAndExpenses": 439417000, "interestIncome": 0, "interestExpense": 0, "depreciationAndAmortization": 40048000, "ebitda": 30201000, "ebitdaratio": 0.1152714323, "operatingIncome": -203888000, "operatingIncomeRatio": -0.7782014435, "totalOtherIncomeExpensesNet": -167356000, "incomeBeforeTax": -201579000, "incomeBeforeTaxRatio": -0.7693884328, "incomeTaxExpense": -3818000, "netIncome": -199213000, "netIncomeRatio": -0.760357864, "eps": -2.47, "epsdiluted": -2.47, "weightedAverageShsOut": 80653036, "weightedAverageShsOutDil": 80653036, "link": "https://www.sec.gov/Archives/edgar/data/772406/000095013403009150/0000950134-03-009150-index.htm", "finalLink": "https://www.sec.gov/Archives/edgar/data/772406/000095013403009150/d06077e10vk.htm", "calculatedOtherExpenses": 167198000, "calculatedOperatingExpenses": 336130000, "calculatedNetInterest": 0, "calculatedOtherIncome": 2309000, "calculatedIncomeNonControlling": 1452000, "calculatedEbitda": -163840000}, {"date": "2002-03-30", "symbol": "CRUS", "reportedCurrency": "USD", "cik": "0000772406", "fillingDate": "2002-06-19", "acceptedDate": "2002-06-18 20:33:08", "calendarYear": "2002", "period": "FY", "revenue": 417529000, "costOfRevenue": 319280000, "grossProfit": 98249000, "grossProfitRatio": 0.2353106012, "researchAndDevelopmentExpenses": 121648000, "generalAndAdministrativeExpenses": 0, "sellingAndMarketingExpenses": 0, "sellingGeneralAndAdministrativeExpenses": 167541000, "otherExpenses": 0, "operatingExpenses": 291087000, "costAndExpenses": 610367000, "interestIncome": 0, "interestExpense": 0, "depreciationAndAmortization": 35408000, "ebitda": -123136000, "ebitdaratio": -0.2949160418, "operatingIncome": -235071000, "operatingIncomeRatio": -0.5630052044, "totalOtherIncomeExpensesNet": -34294000, "incomeBeforeTax": -217060000, "incomeBeforeTaxRatio": -0.519868081, "incomeTaxExpense": -10370000, "netIncome": -206079000, "netIncomeRatio": -0.4935681114, "eps": -2.66, "epsdiluted": -2.66, "weightedAverageShsOut": 77552000, "weightedAverageShsOutDil": 77552000, "link": "https://www.sec.gov/Archives/edgar/data/772406/000093066102002102/0000930661-02-002102-index.htm", "finalLink": "https://www.sec.gov/Archives/edgar/data/772406/000093066102002102/d10k.txt", "calculatedOtherExpenses": 44131000, "calculatedOperatingExpenses": 333320000, "calculatedNetInterest": 0, "calculatedOtherIncome": 18011000, "calculatedIncomeNonControlling": -611000, "calculatedEbitda": -199663000}, {"date": "2001-03-31", "symbol": "CRUS", "reportedCurrency": "USD", "cik": "0000772406", "fillingDate": "2001-06-22", "acceptedDate": "2001-06-22 00:00:00", "calendarYear": "2001", "period": "FY", "revenue": 778673000, "costOfRevenue": 457228000, "grossProfit": 321445000, "grossProfitRatio": 0.4128112828, "researchAndDevelopmentExpenses": 127599000, "generalAndAdministrativeExpenses": 0, "sellingAndMarketingExpenses": 0, "sellingGeneralAndAdministrativeExpenses": 109629000, "otherExpenses": 0, "operatingExpenses": 266355000, "costAndExpenses": 723583000, "interestIncome": 0, "interestExpense": 0, "depreciationAndAmortization": 29127000, "ebitda": -12103000, "ebitdaratio": -0.0155431099, "operatingIncome": 69452000, "operatingIncomeRatio": 0.0891927677, "totalOtherIncomeExpensesNet": 96320000, "incomeBeforeTax": 158116000, "incomeBeforeTaxRatio": 0.2030582799, "incomeTaxExpense": 15715000, "netIncome": 143176000, "netIncomeRatio": 0.1838717921, "eps": 2, "epsdiluted": 1.73, "weightedAverageShsOut": 71678000, "weightedAverageShsOutDil": 82654000, "link": "https://www.sec.gov/Archives/edgar/data/772406/000095013401503479/0000950134-01-503479-index.htm", "finalLink": "https://www.sec.gov/Archives/edgar/data/772406/000095013401503479/d88190e10-k.txt", "calculatedOtherExpenses": 14765000, "calculatedOperatingExpenses": 251993000, "calculatedNetInterest": 0, "calculatedOtherIncome": 88664000, "calculatedIncomeNonControlling": -775000, "calculatedEbitda": 98579000}, {"date": "2000-03-25", "symbol": "CRUS", "reportedCurrency": "USD", "cik": "0000772406", "fillingDate": "2000-06-23", "acceptedDate": "2000-06-23 00:00:00", "calendarYear": "2000", "period": "FY", "revenue": 564400000, "costOfRevenue": 306090000, "grossProfit": 258310000, "grossProfitRatio": 0.4576718639, "researchAndDevelopmentExpenses": 121410000, "generalAndAdministrativeExpenses": 0, "sellingAndMarketingExpenses": 0, "sellingGeneralAndAdministrativeExpenses": 91706000, "otherExpenses": 0, "operatingExpenses": 391160000, "costAndExpenses": 697250000, "interestIncome": 0, "interestExpense": 0, "depreciationAndAmortization": 32218000, "ebitda": -56218000, "ebitdaratio": -0.0996066619, "operatingIncome": -132850000, "operatingIncomeRatio": -0.2353827073, "totalOtherIncomeExpensesNet": -44414000, "incomeBeforeTax": -177264000, "incomeBeforeTaxRatio": -0.314075124, "incomeTaxExpense": -85754000, "netIncome": -47096000, "netIncomeRatio": -0.0834443657, "eps": -0.77, "epsdiluted": -0.77, "weightedAverageShsOut": 61554000, "weightedAverageShsOutDil": 61554000, "link": "https://www.sec.gov/Archives/edgar/data/772406/000110601300000133/0001106013-00-000133-index.htm", "finalLink": "https://www.sec.gov/Archives/edgar/data/772406/000110601300000133/0001106013-00-000133-0001.txt", "calculatedOtherExpenses": 178044000, "calculatedOperatingExpenses": 391160000, "calculatedNetInterest": 0, "calculatedOtherIncome": -44414000, "calculatedIncomeNonControlling": -44414000, "calculatedEbitda": -100632000}, {"date": "1999-03-27", "symbol": "CRUS", "reportedCurrency": "USD", "cik": "0000772406", "fillingDate": "1999-06-16", "acceptedDate": "1999-06-16 00:00:00", "calendarYear": "1999", "period": "FY", "revenue": 628105000, "costOfRevenue": 617807000, "grossProfit": 10298000, "grossProfitRatio": 0.0163953479, "researchAndDevelopmentExpenses": 149756000, "generalAndAdministrativeExpenses": 0, "sellingAndMarketingExpenses": 0, "sellingGeneralAndAdministrativeExpenses": 101807000, "otherExpenses": 0, "operatingExpenses": 390361000, "costAndExpenses": 1008168000, "interestIncome": 0, "interestExpense": 0, "depreciationAndAmortization": 62281000, "ebitda": -245507000, "ebitdaratio": -0.390869361, "operatingIncome": -380063000, "operatingIncomeRatio": -0.6050946896, "totalOtherIncomeExpensesNet": -72275000, "incomeBeforeTax": -381372000, "incomeBeforeTaxRatio": -0.607178736, "incomeTaxExpense": 46031000, "netIncome": -427403000, "netIncomeRatio": -0.6804642536, "eps": -6.77, "epsdiluted": -6.77, "weightedAverageShsOut": 63149000, "weightedAverageShsOutDil": 63149000, "link": "https://www.sec.gov/Archives/edgar/data/772406/000089161899002719/0000891618-99-002719-index.html", "finalLink": "https://www.sec.gov/Archives/edgar/data/772406/000089161899002719/", "calculatedOtherExpenses": 138798000, "calculatedOperatingExpenses": 390361000, "calculatedNetInterest": 0, "calculatedOtherIncome": -1309000, "calculatedIncomeNonControlling": 0, "calculatedEbitda": -317782000}, {"date": "1998-03-28", "symbol": "CRUS", "reportedCurrency": "USD", "cik": "0000772406", "fillingDate": "1998-06-19", "acceptedDate": "1998-06-19 00:00:00", "calendarYear": "1998", "period": "FY", "revenue": 954300000, "costOfRevenue": 533600000, "grossProfit": 420700000, "grossProfitRatio": 0.4408466939, "researchAndDevelopmentExpenses": 179600000, "generalAndAdministrativeExpenses": 0, "sellingAndMarketingExpenses": 0, "sellingGeneralAndAdministrativeExpenses": 117300000, "otherExpenses": 0, "operatingExpenses": 368800000, "costAndExpenses": 902400000, "interestIncome": 0, "interestExpense": 0, "depreciationAndAmortization": 71900000, "ebitda": 92400000, "ebitdaratio": 0.0968248978, "operatingIncome": 51900000, "operatingIncomeRatio": 0.0543854134, "totalOtherIncomeExpensesNet": 31400000, "incomeBeforeTax": 56000000, "incomeBeforeTaxRatio": 0.0586817563, "incomeTaxExpense": 19500000, "netIncome": 36500000, "netIncomeRatio": 0.0382479304, "eps": 0.54, "epsdiluted": 0.52, "weightedAverageShsOut": 67592593, "weightedAverageShsOutDil": 70192308, "link": "https://www.sec.gov/Archives/edgar/data/772406/000077240698000068/0000772406-98-000068-index.html", "finalLink": "https://www.sec.gov/Archives/edgar/data/772406/", "calculatedOtherExpenses": 71900000, "calculatedOperatingExpenses": 368800000, "calculatedNetInterest": 0, "calculatedOtherIncome": 4100000, "calculatedIncomeNonControlling": 0, "calculatedEbitda": 123800000}, {"date": "1997-03-29", "symbol": "CRUS", "reportedCurrency": "USD", "cik": "0000772406", "fillingDate": "1997-06-17", "acceptedDate": "1997-06-17 00:00:00", "calendarYear": "1997", "period": "FY", "revenue": 917200000, "costOfRevenue": 510800000, "grossProfit": 406400000, "grossProfitRatio": 0.4430876581, "researchAndDevelopmentExpenses": 230800000, "generalAndAdministrativeExpenses": 0, "sellingAndMarketingExpenses": 0, "sellingGeneralAndAdministrativeExpenses": 126700000, "otherExpenses": 0, "operatingExpenses": 445500000, "costAndExpenses": 956300000, "interestIncome": 0, "interestExpense": 0, "depreciationAndAmortization": 88000000, "ebitda": 41700000, "ebitdaratio": 0.045464457, "operatingIncome": -39100000, "operatingIncomeRatio": -0.0426297427, "totalOtherIncomeExpensesNet": 7200000, "incomeBeforeTax": -51700000, "incomeBeforeTaxRatio": -0.0563672045, "incomeTaxExpense": -5500000, "netIncome": -46200000, "netIncomeRatio": -0.0503706934, "eps": -0.71, "epsdiluted": -0.71, "weightedAverageShsOut": 65070423, "weightedAverageShsOutDil": 65070423, "link": "https://www.sec.gov/Archives/edgar/data/772406/000077240697000077/0000772406-97-000077-index.html", "finalLink": "https://www.sec.gov/Archives/edgar/data/772406/", "calculatedOtherExpenses": 88000000, "calculatedOperatingExpenses": 445500000, "calculatedNetInterest": 0, "calculatedOtherIncome": -12600000, "calculatedIncomeNonControlling": 0, "calculatedEbitda": 48900000}, {"date": "1996-03-30", "symbol": "CRUS", "reportedCurrency": "USD", "cik": "0000772406", "fillingDate": "1996-06-28", "acceptedDate": "1996-06-28 00:00:00", "calendarYear": "1996", "period": "FY", "revenue": 1146900000, "costOfRevenue": 710100000, "grossProfit": 436800000, "grossProfitRatio": 0.3808527335, "researchAndDevelopmentExpenses": 238800000, "generalAndAdministrativeExpenses": 0, "sellingAndMarketingExpenses": 0, "sellingGeneralAndAdministrativeExpenses": 165300000, "otherExpenses": 0, "operatingExpenses": 468400000, "costAndExpenses": 1178500000, "interestIncome": 0, "interestExpense": 0, "depreciationAndAmortization": 64300000, "ebitda": 37800000, "ebitdaratio": 0.0329584096, "operatingIncome": -31600000, "operatingIncomeRatio": -0.0275525329, "totalOtherIncomeExpensesNet": -5100000, "incomeBeforeTax": -41700000, "incomeBeforeTaxRatio": -0.0363588805, "incomeTaxExpense": -5500000, "netIncome": -36200000, "netIncomeRatio": -0.0315633447, "eps": -0.58, "epsdiluted": -0.58, "weightedAverageShsOut": 62413793, "weightedAverageShsOutDil": 62413793, "link": "https://www.sec.gov/Archives/edgar/data/772406/000077240696000074/0000772406-96-000074-index.html", "finalLink": "https://www.sec.gov/Archives/edgar/data/772406/", "calculatedOtherExpenses": 64300000, "calculatedOperatingExpenses": 468400000, "calculatedNetInterest": 0, "calculatedOtherIncome": -10100000, "calculatedIncomeNonControlling": 0, "calculatedEbitda": 32700000}, {"date": "1995-04-01", "symbol": "CRUS", "reportedCurrency": "USD", "cik": "0000772406", "fillingDate": "1995-06-30", "acceptedDate": "1995-06-30 00:00:00", "calendarYear": "1995", "period": "FY", "revenue": 889000000, "costOfRevenue": 478200000, "grossProfit": 410800000, "grossProfitRatio": 0.4620922385, "researchAndDevelopmentExpenses": 165600000, "generalAndAdministrativeExpenses": 0, "sellingAndMarketingExpenses": 0, "sellingGeneralAndAdministrativeExpenses": 126700000, "otherExpenses": 0, "operatingExpenses": 326600000, "costAndExpenses": 804800000, "interestIncome": 0, "interestExpense": 0, "depreciationAndAmortization": 34300000, "ebitda": 110700000, "ebitdaratio": 0.1245219348, "operatingIncome": 84200000, "operatingIncomeRatio": 0.0947131609, "totalOtherIncomeExpensesNet": 7800000, "incomeBeforeTax": 89600000, "incomeBeforeTaxRatio": 0.1007874016, "incomeTaxExpense": 28200000, "netIncome": 61400000, "netIncomeRatio": 0.0690663667, "eps": 1.03, "epsdiluted": 0.96, "weightedAverageShsOut": 59611650, "weightedAverageShsOutDil": 63958333, "link": "https://www.sec.gov/Archives/edgar/data/772406/000077240695000083/0000772406-95-000083-index.html", "finalLink": "https://www.sec.gov/Archives/edgar/data/772406/", "calculatedOtherExpenses": 34300000, "calculatedOperatingExpenses": 326600000, "calculatedNetInterest": 0, "calculatedOtherIncome": 5400000, "calculatedIncomeNonControlling": 0, "calculatedEbitda": 118500000}, {"date": "1994-03-31", "symbol": "CRUS", "reportedCurrency": "USD", "cik": "0000772406", "fillingDate": "1994-03-31", "acceptedDate": "1994-03-30 19:00:00", "calendarYear": "1994", "period": "FY", "revenue": 544100000, "costOfRevenue": 264400000, "grossProfit": 279700000, "grossProfitRatio": 0.5140599155, "researchAndDevelopmentExpenses": 124400000, "generalAndAdministrativeExpenses": 0, "sellingAndMarketingExpenses": 0, "sellingGeneralAndAdministrativeExpenses": 89200000, "otherExpenses": 0, "operatingExpenses": 240500000, "costAndExpenses": 504900000, "interestIncome": 0, "interestExpense": 0, "depreciationAndAmortization": 26900000, "ebitda": 48200000, "ebitdaratio": 0.0885866569, "operatingIncome": 39200000, "operatingIncomeRatio": 0.0720455799, "totalOtherIncomeExpensesNet": 17900000, "incomeBeforeTax": 54900000, "incomeBeforeTaxRatio": 0.1009005697, "incomeTaxExpense": 17800000, "netIncome": 44700000, "netIncomeRatio": 0.0821540158, "eps": 0.88, "epsdiluted": 0.8, "weightedAverageShsOut": 50795455, "weightedAverageShsOutDil": 55875000, "link": null, "finalLink": null, "calculatedOtherExpenses": 26900000, "calculatedOperatingExpenses": 240500000, "calculatedNetInterest": 0, "calculatedOtherIncome": 15700000, "calculatedIncomeNonControlling": -7600000, "calculatedEbitda": 66100000}, {"date": "1993-03-31", "symbol": "CRUS", "reportedCurrency": "USD", "cik": "0000772406", "fillingDate": "1993-03-31", "acceptedDate": "1993-03-30 19:00:00", "calendarYear": "1993", "period": "FY", "revenue": 354800000, "costOfRevenue": 181600000, "grossProfit": 173200000, "grossProfitRatio": 0.488162345, "researchAndDevelopmentExpenses": 0, "generalAndAdministrativeExpenses": 0, "sellingAndMarketingExpenses": 0, "sellingGeneralAndAdministrativeExpenses": 126700000, "otherExpenses": 0, "operatingExpenses": 141900000, "costAndExpenses": 323500000, "interestIncome": 0, "interestExpense": 0, "depreciationAndAmortization": 15200000, "ebitda": 43300000, "ebitdaratio": 0.1220405862, "operatingIncome": 31300000, "operatingIncomeRatio": 0.0882187148, "totalOtherIncomeExpensesNet": 3200000, "incomeBeforeTax": 32900000, "incomeBeforeTaxRatio": 0.0927282976, "incomeTaxExpense": 12300000, "netIncome": 20600000, "netIncomeRatio": 0.0580608794, "eps": 0.41, "epsdiluted": 0.41, "weightedAverageShsOut": 50243902, "weightedAverageShsOutDil": 50243902, "link": null, "finalLink": null, "calculatedOtherExpenses": 15200000, "calculatedOperatingExpenses": 141900000, "calculatedNetInterest": 0, "calculatedOtherIncome": 1600000, "calculatedIncomeNonControlling": 0, "calculatedEbitda": 46500000}, {"date": "1992-03-31", "symbol": "CRUS", "reportedCurrency": "USD", "cik": "0000772406", "fillingDate": "1992-03-31", "acceptedDate": "1992-03-30 19:00:00", "calendarYear": "1992", "period": "FY", "revenue": 171600000, "costOfRevenue": 75700000, "grossProfit": 95900000, "grossProfitRatio": 0.5588578089, "researchAndDevelopmentExpenses": 0, "generalAndAdministrativeExpenses": 0, "sellingAndMarketingExpenses": 0, "sellingGeneralAndAdministrativeExpenses": 66300000, "otherExpenses": 0, "operatingExpenses": 74700000, "costAndExpenses": 150400000, "interestIncome": 0, "interestExpense": 0, "depreciationAndAmortization": 8400000, "ebitda": 26900000, "ebitdaratio": 0.1567599068, "operatingIncome": 21200000, "operatingIncomeRatio": 0.1235431235, "totalOtherIncomeExpensesNet": 2700000, "incomeBeforeTax": 23000000, "incomeBeforeTaxRatio": 0.134032634, "incomeTaxExpense": 7400000, "netIncome": 15600000, "netIncomeRatio": 0.0909090909, "eps": 0.41, "epsdiluted": 0.41, "weightedAverageShsOut": 38048780, "weightedAverageShsOutDil": 38048780, "link": null, "finalLink": null, "calculatedOtherExpenses": 8400000, "calculatedOperatingExpenses": 74700000, "calculatedNetInterest": 0, "calculatedOtherIncome": 1800000, "calculatedIncomeNonControlling": 0, "calculatedEbitda": 29600000}, {"date": "1991-03-31", "symbol": "CRUS", "reportedCurrency": "USD", "cik": "0000772406", "fillingDate": "1991-03-31", "acceptedDate": "1991-03-30 19:00:00", "calendarYear": "1991", "period": "FY", "revenue": 141800000, "costOfRevenue": 64100000, "grossProfit": 77700000, "grossProfitRatio": 0.547954866, "researchAndDevelopmentExpenses": 0, "generalAndAdministrativeExpenses": 0, "sellingAndMarketingExpenses": 0, "sellingGeneralAndAdministrativeExpenses": 46000000, "otherExpenses": 0, "operatingExpenses": 51100000, "costAndExpenses": 115200000, "interestIncome": 0, "interestExpense": 0, "depreciationAndAmortization": 5100000, "ebitda": 28500000, "ebitdaratio": 0.2009873061, "operatingIncome": 26600000, "operatingIncomeRatio": 0.1875881523, "totalOtherIncomeExpensesNet": 3200000, "incomeBeforeTax": 29100000, "incomeBeforeTaxRatio": 0.2052186178, "incomeTaxExpense": 10300000, "netIncome": 18800000, "netIncomeRatio": 0.1325811001, "eps": 0.59, "epsdiluted": 0.59, "weightedAverageShsOut": 31864407, "weightedAverageShsOutDil": 31864407, "link": null, "finalLink": null, "calculatedOtherExpenses": 5100000, "calculatedOperatingExpenses": 51100000, "calculatedNetInterest": 0, "calculatedOtherIncome": 2500000, "calculatedIncomeNonControlling": 0, "calculatedEbitda": 31700000}, {"date": "1990-03-31", "symbol": "CRUS", "reportedCurrency": "USD", "cik": "0000772406", "fillingDate": "1990-03-31", "acceptedDate": "1990-03-30 19:00:00", "calendarYear": "1990", "period": "FY", "revenue": 85000000, "costOfRevenue": 37800000, "grossProfit": 47200000, "grossProfitRatio": 0.5552941176, "researchAndDevelopmentExpenses": 0, "generalAndAdministrativeExpenses": 0, "sellingAndMarketingExpenses": 0, "sellingGeneralAndAdministrativeExpenses": 27300000, "otherExpenses": 0, "operatingExpenses": 31100000, "costAndExpenses": 68900000, "interestIncome": 0, "interestExpense": 0, "depreciationAndAmortization": 3800000, "ebitda": 17300000, "ebitdaratio": 0.2035294118, "operatingIncome": 16100000, "operatingIncomeRatio": 0.1894117647, "totalOtherIncomeExpensesNet": 2600000, "incomeBeforeTax": 18000000, "incomeBeforeTaxRatio": 0.2117647059, "incomeTaxExpense": 2600000, "netIncome": 15400000, "netIncomeRatio": 0.1811764706, "eps": 0.52, "epsdiluted": 0.52, "weightedAverageShsOut": 29615385, "weightedAverageShsOutDil": 29615385, "link": null, "finalLink": null, "calculatedOtherExpenses": 3800000, "calculatedOperatingExpenses": 31100000, "calculatedNetInterest": 0, "calculatedOtherIncome": 1900000, "calculatedIncomeNonControlling": 0, "calculatedEbitda": 19900000}, {"date": "1989-03-31", "symbol": "CRUS", "reportedCurrency": "USD", "cik": "0000772406", "fillingDate": "1989-03-31", "acceptedDate": "1989-03-30 19:00:00", "calendarYear": "1989", "period": "FY", "revenue": 36900000, "costOfRevenue": 15100000, "grossProfit": 21800000, "grossProfitRatio": 0.5907859079, "researchAndDevelopmentExpenses": 0, "generalAndAdministrativeExpenses": 0, "sellingAndMarketingExpenses": 0, "sellingGeneralAndAdministrativeExpenses": 15100000, "otherExpenses": 0, "operatingExpenses": 17400000, "costAndExpenses": 32500000, "interestIncome": 0, "interestExpense": 0, "depreciationAndAmortization": 2300000, "ebitda": 6200000, "ebitdaratio": 0.1680216802, "operatingIncome": 4400000, "operatingIncomeRatio": 0.1192411924, "totalOtherIncomeExpensesNet": 500000, "incomeBeforeTax": 4400000, "incomeBeforeTaxRatio": 0.1192411924, "incomeTaxExpense": 300000, "netIncome": 4100000, "netIncomeRatio": 0.1111111111, "eps": 0.16, "epsdiluted": 0.16, "weightedAverageShsOut": 25625000, "weightedAverageShsOutDil": 25625000, "link": null, "finalLink": null, "calculatedOtherExpenses": 2300000, "calculatedOperatingExpenses": 17400000, "calculatedNetInterest": 0, "calculatedOtherIncome": 0, "calculatedIncomeNonControlling": 0, "calculatedEbitda": 6700000}, {"date": "1988-03-31", "symbol": "CRUS", "reportedCurrency": "USD", "cik": "0000772406", "fillingDate": "1988-03-31", "acceptedDate": "1988-03-30 19:00:00", "calendarYear": "1988", "period": "FY", "revenue": 9200000, "costOfRevenue": 4800000, "grossProfit": 4400000, "grossProfitRatio": 0.4782608696, "researchAndDevelopmentExpenses": 0, "generalAndAdministrativeExpenses": 0, "sellingAndMarketingExpenses": 0, "sellingGeneralAndAdministrativeExpenses": 11200000, "otherExpenses": 0, "operatingExpenses": 12900000, "costAndExpenses": 17700000, "interestIncome": 0, "interestExpense": 0, "depreciationAndAmortization": 1700000, "ebitda": -7400000, "ebitdaratio": -0.8043478261, "operatingIncome": -8500000, "operatingIncomeRatio": -0.9239130435, "totalOtherIncomeExpensesNet": 600000, "incomeBeforeTax": -7900000, "incomeBeforeTaxRatio": -0.8586956522, "incomeTaxExpense": -100000, "netIncome": -8400000, "netIncomeRatio": -0.9130434783, "eps": -0.34, "epsdiluted": -0.34, "weightedAverageShsOut": 24705882, "weightedAverageShsOutDil": 24705882, "link": null, "finalLink": null, "calculatedOtherExpenses": 1700000, "calculatedOperatingExpenses": 12900000, "calculatedNetInterest": 0, "calculatedOtherIncome": 600000, "calculatedIncomeNonControlling": 600000, "calculatedEbitda": -6800000}]}