{"originalCurrency": "USD", "convertedCurrency": "USD", "report": [{"date": "2023-03-31", "symbol": "CRVL", "reportedCurrency": "USD", "cik": "0000874866", "fillingDate": "2023-05-26", "acceptedDate": "2023-05-26 16:31:50", "calendarYear": "2022", "period": "FY", "revenue": 718562000, "costOfRevenue": 560303000, "grossProfit": 158259000, "grossProfitRatio": 0.220244043, "researchAndDevelopmentExpenses": 0, "generalAndAdministrativeExpenses": 73705000, "sellingAndMarketingExpenses": 0, "sellingGeneralAndAdministrativeExpenses": 73705000, "otherExpenses": 0, "operatingExpenses": 73705000, "costAndExpenses": 634008000, "interestIncome": 0, "interestExpense": -25121000, "depreciationAndAmortization": 25121000, "ebitda": 84554000, "ebitdaratio": 0.1176711265, "operatingIncome": 59433000, "operatingIncomeRatio": 0.0827110256, "totalOtherIncomeExpensesNet": 25121000, "incomeBeforeTax": 84554000, "incomeBeforeTaxRatio": 0.1176711265, "incomeTaxExpense": 18189000, "netIncome": 66365000, "netIncomeRatio": 0.0923580707, "eps": 3.83, "epsdiluted": 3.77, "weightedAverageShsOut": 17328000, "weightedAverageShsOutDil": 17592000, "link": "https://www.sec.gov/Archives/edgar/data/874866/000095017023024535/0000950170-23-024535-index.htm", "finalLink": "https://www.sec.gov/Archives/edgar/data/874866/000095017023024535/crvl-20230331.htm", "calculatedOtherExpenses": 25121000, "calculatedOperatingExpenses": 98826000, "calculatedNetInterest": 25121000, "calculatedOtherIncome": 0, "calculatedIncomeNonControlling": 0, "calculatedEbitda": 84554000}, {"date": "2022-03-31", "symbol": "CRVL", "reportedCurrency": "USD", "cik": "0000874866", "fillingDate": "2022-05-27", "acceptedDate": "2022-05-27 16:42:27", "calendarYear": "2021", "period": "FY", "revenue": 646230000, "costOfRevenue": 494116000, "grossProfit": 152114000, "grossProfitRatio": 0.2353867818, "researchAndDevelopmentExpenses": 0, "generalAndAdministrativeExpenses": 67602000, "sellingAndMarketingExpenses": 0, "sellingGeneralAndAdministrativeExpenses": 67602000, "otherExpenses": 0, "operatingExpenses": 67602000, "costAndExpenses": 561718000, "interestIncome": 0, "interestExpense": -23916000, "depreciationAndAmortization": 23916000, "ebitda": 84512000, "ebitdaratio": 0.130776968, "operatingIncome": 60596000, "operatingIncomeRatio": 0.0937684725, "totalOtherIncomeExpensesNet": 23916000, "incomeBeforeTax": 84512000, "incomeBeforeTaxRatio": 0.130776968, "incomeTaxExpense": 18102000, "netIncome": 66410000, "netIncomeRatio": 0.1027652693, "eps": 3.74, "epsdiluted": 3.66, "weightedAverageShsOut": 17753000, "weightedAverageShsOutDil": 18127000, "link": "https://www.sec.gov/Archives/edgar/data/874866/000095017022010872/0000950170-22-010872-index.htm", "finalLink": "https://www.sec.gov/Archives/edgar/data/874866/000095017022010872/crvl-20220331.htm", "calculatedOtherExpenses": 23916000, "calculatedOperatingExpenses": 91518000, "calculatedNetInterest": 23916000, "calculatedOtherIncome": 0, "calculatedIncomeNonControlling": 0, "calculatedEbitda": 84512000}, {"date": "2021-03-31", "symbol": "CRVL", "reportedCurrency": "USD", "cik": "0000874866", "fillingDate": "2021-05-28", "acceptedDate": "2021-05-28 16:19:00", "calendarYear": "2020", "period": "FY", "revenue": 552644000, "costOfRevenue": 429020000, "grossProfit": 123624000, "grossProfitRatio": 0.2236955436, "researchAndDevelopmentExpenses": 0, "generalAndAdministrativeExpenses": 64449000, "sellingAndMarketingExpenses": 0, "sellingGeneralAndAdministrativeExpenses": 64449000, "otherExpenses": 0, "operatingExpenses": 64449000, "costAndExpenses": 493469000, "interestIncome": 0, "interestExpense": 0, "depreciationAndAmortization": 23436000, "ebitda": 59175000, "ebitdaratio": 0.1070761648, "operatingIncome": 35739000, "operatingIncomeRatio": 0.0646691179, "totalOtherIncomeExpensesNet": 23436000, "incomeBeforeTax": 59175000, "incomeBeforeTaxRatio": 0.1070761648, "incomeTaxExpense": 12819000, "netIncome": 46356000, "netIncomeRatio": 0.0838804004, "eps": 2.59, "epsdiluted": 2.55, "weightedAverageShsOut": 17930000, "weightedAverageShsOutDil": 18166000, "link": "https://www.sec.gov/Archives/edgar/data/874866/000156459021030813/0001564590-21-030813-index.htm", "finalLink": "https://www.sec.gov/Archives/edgar/data/874866/000156459021030813/crvl-10k_20210331.htm", "calculatedOtherExpenses": 23436000, "calculatedOperatingExpenses": 87885000, "calculatedNetInterest": 0, "calculatedOtherIncome": 23436000, "calculatedIncomeNonControlling": 0, "calculatedEbitda": 59175000}, {"date": "2020-03-31", "symbol": "CRVL", "reportedCurrency": "USD", "cik": "0000874866", "fillingDate": "2020-06-10", "acceptedDate": "2020-06-10 17:18:38", "calendarYear": "2019", "period": "FY", "revenue": 592225000, "costOfRevenue": 466304000, "grossProfit": 125921000, "grossProfitRatio": 0.2126235806, "researchAndDevelopmentExpenses": 0, "generalAndAdministrativeExpenses": 65210000, "sellingAndMarketingExpenses": 0, "sellingGeneralAndAdministrativeExpenses": 65210000, "otherExpenses": 0, "operatingExpenses": 65210000, "costAndExpenses": 531514000, "interestIncome": 0, "interestExpense": 0, "depreciationAndAmortization": 22516000, "ebitda": 60711000, "ebitdaratio": 0.1025134028, "operatingIncome": 38195000, "operatingIncomeRatio": 0.064494069, "totalOtherIncomeExpensesNet": 22516000, "incomeBeforeTax": 60711000, "incomeBeforeTaxRatio": 0.1025134028, "incomeTaxExpense": 13334000, "netIncome": 47377000, "netIncomeRatio": 0.0799983115, "eps": 2.59, "epsdiluted": 2.55, "weightedAverageShsOut": 18326000, "weightedAverageShsOutDil": 18602000, "link": "https://www.sec.gov/Archives/edgar/data/874866/000156459020028917/0001564590-20-028917-index.htm", "finalLink": "https://www.sec.gov/Archives/edgar/data/874866/000156459020028917/crvl-10k_20200331.htm", "calculatedOtherExpenses": 22516000, "calculatedOperatingExpenses": 87726000, "calculatedNetInterest": 0, "calculatedOtherIncome": 22516000, "calculatedIncomeNonControlling": 0, "calculatedEbitda": 60711000}, {"date": "2019-03-31", "symbol": "CRVL", "reportedCurrency": "USD", "cik": "0000874866", "fillingDate": "2019-06-07", "acceptedDate": "2019-06-07 16:45:17", "calendarYear": "2018", "period": "FY", "revenue": 595740000, "costOfRevenue": 470931000, "grossProfit": 124809000, "grossProfitRatio": 0.2095024675, "researchAndDevelopmentExpenses": 0, "generalAndAdministrativeExpenses": 63296000, "sellingAndMarketingExpenses": 0, "sellingGeneralAndAdministrativeExpenses": 63296000, "otherExpenses": 0, "operatingExpenses": 63296000, "costAndExpenses": 534227000, "interestIncome": 0, "interestExpense": 0, "depreciationAndAmortization": 22984000, "ebitda": 61513000, "ebitdaratio": 0.1032547756, "operatingIncome": 61513000, "operatingIncomeRatio": 0.1032547756, "totalOtherIncomeExpensesNet": 0, "incomeBeforeTax": 61513000, "incomeBeforeTaxRatio": 0.1032547756, "incomeTaxExpense": 14810000, "netIncome": 46703000, "netIncomeRatio": 0.0783949374, "eps": 2.48, "epsdiluted": 2.46, "weightedAverageShsOut": 18794000, "weightedAverageShsOutDil": 19008000, "link": "https://www.sec.gov/Archives/edgar/data/874866/000156459019022038/0001564590-19-022038-index.htm", "finalLink": "https://www.sec.gov/Archives/edgar/data/874866/000156459019022038/crvl-10k_20190331.htm", "calculatedOtherExpenses": 0, "calculatedOperatingExpenses": 63296000, "calculatedNetInterest": 0, "calculatedOtherIncome": 0, "calculatedIncomeNonControlling": 0, "calculatedEbitda": 84497000}, {"date": "2018-03-31", "symbol": "CRVL", "reportedCurrency": "USD", "cik": "0000874866", "fillingDate": "2018-06-08", "acceptedDate": "2018-06-08 17:08:23", "calendarYear": "2017", "period": "FY", "revenue": 558350000, "costOfRevenue": 451097000, "grossProfit": 107253000, "grossProfitRatio": 0.1920891914, "researchAndDevelopmentExpenses": 0, "generalAndAdministrativeExpenses": 59350000, "sellingAndMarketingExpenses": 0, "sellingGeneralAndAdministrativeExpenses": 59350000, "otherExpenses": 0, "operatingExpenses": 59350000, "costAndExpenses": 510447000, "interestIncome": 0, "interestExpense": 0, "depreciationAndAmortization": 21775000, "ebitda": 47903000, "ebitdaratio": 0.0857938569, "operatingIncome": 47903000, "operatingIncomeRatio": 0.0857938569, "totalOtherIncomeExpensesNet": -1169000, "incomeBeforeTax": 47903000, "incomeBeforeTaxRatio": 0.0857938569, "incomeTaxExpense": 12208000, "netIncome": 35695000, "netIncomeRatio": 0.0639294349, "eps": 1.9, "epsdiluted": 1.87, "weightedAverageShsOut": 18825000, "weightedAverageShsOutDil": 19042000, "link": "https://www.sec.gov/Archives/edgar/data/874866/000156459018015318/0001564590-18-015318-index.htm", "finalLink": "https://www.sec.gov/Archives/edgar/data/874866/000156459018015318/crvl-10k_20180331.htm", "calculatedOtherExpenses": 0, "calculatedOperatingExpenses": 59350000, "calculatedNetInterest": 0, "calculatedOtherIncome": 0, "calculatedIncomeNonControlling": 0, "calculatedEbitda": 69678000}, {"date": "2017-03-31", "symbol": "CRVL", "reportedCurrency": "USD", "cik": "0000874866", "fillingDate": "2017-06-09", "acceptedDate": "2017-06-09 16:34:49", "calendarYear": "2016", "period": "FY", "revenue": 518686000, "costOfRevenue": 413894000, "grossProfit": 104792000, "grossProfitRatio": 0.2020336003, "researchAndDevelopmentExpenses": 0, "generalAndAdministrativeExpenses": 57243000, "sellingAndMarketingExpenses": 0, "sellingGeneralAndAdministrativeExpenses": 57243000, "otherExpenses": 0, "operatingExpenses": 57243000, "costAndExpenses": 471137000, "interestIncome": 0, "interestExpense": 0, "depreciationAndAmortization": 20948000, "ebitda": 47549000, "ebitdaratio": 0.0916720328, "operatingIncome": 47549000, "operatingIncomeRatio": 0.0916720328, "totalOtherIncomeExpensesNet": 0, "incomeBeforeTax": 47549000, "incomeBeforeTaxRatio": 0.0916720328, "incomeTaxExpense": 18070000, "netIncome": 29479000, "netIncomeRatio": 0.0568339998, "eps": 1.52, "epsdiluted": 1.51, "weightedAverageShsOut": 19418000, "weightedAverageShsOutDil": 19570000, "link": "https://www.sec.gov/Archives/edgar/data/874866/000156459017012405/0001564590-17-012405-index.htm", "finalLink": "https://www.sec.gov/Archives/edgar/data/874866/000156459017012405/crvl-10k_20170331.htm", "calculatedOtherExpenses": 0, "calculatedOperatingExpenses": 57243000, "calculatedNetInterest": 0, "calculatedOtherIncome": 0, "calculatedIncomeNonControlling": 0, "calculatedEbitda": 68497000}, {"date": "2016-03-31", "symbol": "CRVL", "reportedCurrency": "USD", "cik": "0000874866", "fillingDate": "2016-06-10", "acceptedDate": "2016-06-10 16:22:40", "calendarYear": "2015", "period": "FY", "revenue": 503584000, "costOfRevenue": 399040000, "grossProfit": 104544000, "grossProfitRatio": 0.2075999237, "researchAndDevelopmentExpenses": 0, "generalAndAdministrativeExpenses": 58484000, "sellingAndMarketingExpenses": 0, "sellingGeneralAndAdministrativeExpenses": 58484000, "otherExpenses": 0, "operatingExpenses": 58484000, "costAndExpenses": 457524000, "interestIncome": 0, "interestExpense": 0, "depreciationAndAmortization": 19952000, "ebitda": 46060000, "ebitdaratio": 0.0914643833, "operatingIncome": 46060000, "operatingIncomeRatio": 0.0914643833, "totalOtherIncomeExpensesNet": 0, "incomeBeforeTax": 46060000, "incomeBeforeTaxRatio": 0.0914643833, "incomeTaxExpense": 17535000, "netIncome": 28525000, "netIncomeRatio": 0.056643976, "eps": 1.44, "epsdiluted": 1.43, "weightedAverageShsOut": 19826000, "weightedAverageShsOutDil": 20004000, "link": "https://www.sec.gov/Archives/edgar/data/874866/000119312516619107/0001193125-16-619107-index.htm", "finalLink": "https://www.sec.gov/Archives/edgar/data/874866/000119312516619107/d161413d10k.htm", "calculatedOtherExpenses": 0, "calculatedOperatingExpenses": 58484000, "calculatedNetInterest": 0, "calculatedOtherIncome": 0, "calculatedIncomeNonControlling": 0, "calculatedEbitda": 66012000}, {"date": "2015-03-31", "symbol": "CRVL", "reportedCurrency": "USD", "cik": "0000874866", "fillingDate": "2015-06-11", "acceptedDate": "2015-06-11 16:26:42", "calendarYear": "2014", "period": "FY", "revenue": 492625000, "costOfRevenue": 392656000, "grossProfit": 99969000, "grossProfitRatio": 0.2029312357, "researchAndDevelopmentExpenses": 0, "generalAndAdministrativeExpenses": 54405000, "sellingAndMarketingExpenses": 0, "sellingGeneralAndAdministrativeExpenses": 54405000, "otherExpenses": 0, "operatingExpenses": 54405000, "costAndExpenses": 447061000, "interestIncome": 0, "interestExpense": 0, "depreciationAndAmortization": 17995000, "ebitda": 45564000, "ebitdaratio": 0.0924922608, "operatingIncome": 45564000, "operatingIncomeRatio": 0.0924922608, "totalOtherIncomeExpensesNet": 0, "incomeBeforeTax": 45564000, "incomeBeforeTaxRatio": 0.0924922608, "incomeTaxExpense": 16974000, "netIncome": 28590000, "netIncomeRatio": 0.0580360315, "eps": 1.38, "epsdiluted": 1.37, "weightedAverageShsOut": 20669000, "weightedAverageShsOutDil": 20890000, "link": "https://www.sec.gov/Archives/edgar/data/874866/000119312515220604/0001193125-15-220604-index.htm", "finalLink": "https://www.sec.gov/Archives/edgar/data/874866/000119312515220604/d887326d10k.htm", "calculatedOtherExpenses": 0, "calculatedOperatingExpenses": 54405000, "calculatedNetInterest": 0, "calculatedOtherIncome": 0, "calculatedIncomeNonControlling": 0, "calculatedEbitda": 63559000}, {"date": "2014-03-31", "symbol": "CRVL", "reportedCurrency": "USD", "cik": "0000874866", "fillingDate": "2014-06-12", "acceptedDate": "2014-06-12 16:16:37", "calendarYear": "2013", "period": "FY", "revenue": 478816000, "costOfRevenue": 370335000, "grossProfit": 108481000, "grossProfitRatio": 0.2265609336, "researchAndDevelopmentExpenses": 0, "generalAndAdministrativeExpenses": 51974000, "sellingAndMarketingExpenses": 0, "sellingGeneralAndAdministrativeExpenses": 51974000, "otherExpenses": 0, "operatingExpenses": 51974000, "costAndExpenses": 422309000, "interestIncome": 0, "interestExpense": 0, "depreciationAndAmortization": 16411000, "ebitda": 56507000, "ebitdaratio": 0.1180140179, "operatingIncome": 56507000, "operatingIncomeRatio": 0.1180140179, "totalOtherIncomeExpensesNet": 0, "incomeBeforeTax": 56507000, "incomeBeforeTaxRatio": 0.1180140179, "incomeTaxExpense": 22115000, "netIncome": 34392000, "netIncomeRatio": 0.0718271737, "eps": 1.63, "epsdiluted": 1.61, "weightedAverageShsOut": 21104000, "weightedAverageShsOutDil": 21372000, "link": "https://www.sec.gov/Archives/edgar/data/874866/000119312514234829/0001193125-14-234829-index.htm", "finalLink": "https://www.sec.gov/Archives/edgar/data/874866/000119312514234829/d712167d10k.htm", "calculatedOtherExpenses": 0, "calculatedOperatingExpenses": 51974000, "calculatedNetInterest": 0, "calculatedOtherIncome": 0, "calculatedIncomeNonControlling": 0, "calculatedEbitda": 72918000}, {"date": "2013-03-31", "symbol": "CRVL", "reportedCurrency": "USD", "cik": "0000874866", "fillingDate": "2013-06-10", "acceptedDate": "2013-06-10 17:20:10", "calendarYear": "2012", "period": "FY", "revenue": 429310000, "costOfRevenue": 337650000, "grossProfit": 91660000, "grossProfitRatio": 0.2135053924, "researchAndDevelopmentExpenses": 0, "generalAndAdministrativeExpenses": 47765000, "sellingAndMarketingExpenses": 0, "sellingGeneralAndAdministrativeExpenses": 47765000, "otherExpenses": 0, "operatingExpenses": 47765000, "costAndExpenses": 385415000, "interestIncome": 0, "interestExpense": 0, "depreciationAndAmortization": 15739000, "ebitda": 43895000, "ebitdaratio": 0.1022454637, "operatingIncome": 43895000, "operatingIncomeRatio": 0.1022454637, "totalOtherIncomeExpensesNet": 0, "incomeBeforeTax": 43895000, "incomeBeforeTaxRatio": 0.1022454637, "incomeTaxExpense": 17165000, "netIncome": 26730000, "netIncomeRatio": 0.0622627006, "eps": 1.2, "epsdiluted": 1.19, "weightedAverageShsOut": 22256000, "weightedAverageShsOutDil": 22458000, "link": "https://www.sec.gov/Archives/edgar/data/874866/000119312513253579/0001193125-13-253579-index.htm", "finalLink": "https://www.sec.gov/Archives/edgar/data/874866/000119312513253579/d524348d10k.htm", "calculatedOtherExpenses": 0, "calculatedOperatingExpenses": 47765000, "calculatedNetInterest": 0, "calculatedOtherIncome": 0, "calculatedIncomeNonControlling": 0, "calculatedEbitda": 59634000}, {"date": "2012-03-31", "symbol": "CRVL", "reportedCurrency": "USD", "cik": "0000874866", "fillingDate": "2012-06-08", "acceptedDate": "2012-06-08 17:25:19", "calendarYear": "2011", "period": "FY", "revenue": 412668000, "costOfRevenue": 318826000, "grossProfit": 93842000, "grossProfitRatio": 0.2274031425, "researchAndDevelopmentExpenses": 0, "generalAndAdministrativeExpenses": 50405000, "sellingAndMarketingExpenses": 0, "sellingGeneralAndAdministrativeExpenses": 50405000, "otherExpenses": 0, "operatingExpenses": 50405000, "costAndExpenses": 369231000, "interestIncome": 0, "interestExpense": 0, "depreciationAndAmortization": 14723000, "ebitda": 52437000, "ebitdaratio": 0.1270682486, "operatingIncome": 43437000, "operatingIncomeRatio": 0.1052589491, "totalOtherIncomeExpensesNet": -9000000, "incomeBeforeTax": 43437000, "incomeBeforeTaxRatio": 0.1052589491, "incomeTaxExpense": 16885000, "netIncome": 26552000, "netIncomeRatio": 0.06434228, "eps": 1.16, "epsdiluted": 1.14, "weightedAverageShsOut": 22952000, "weightedAverageShsOutDil": 23254000, "link": "https://www.sec.gov/Archives/edgar/data/874866/000119312512265393/0001193125-12-265393-index.htm", "finalLink": "https://www.sec.gov/Archives/edgar/data/874866/000119312512265393/d310786d10k.htm", "calculatedOtherExpenses": 0, "calculatedOperatingExpenses": 50405000, "calculatedNetInterest": 0, "calculatedOtherIncome": 0, "calculatedIncomeNonControlling": 0, "calculatedEbitda": 58160000}, {"date": "2011-03-31", "symbol": "CRVL", "reportedCurrency": "USD", "cik": "0000874866", "fillingDate": "2011-06-10", "acceptedDate": "2011-06-10 16:53:03", "calendarYear": "2010", "period": "FY", "revenue": 380668000, "costOfRevenue": 284098000, "grossProfit": 96570000, "grossProfitRatio": 0.2536856263, "researchAndDevelopmentExpenses": 0, "generalAndAdministrativeExpenses": 59167000, "sellingAndMarketingExpenses": -9000000, "sellingGeneralAndAdministrativeExpenses": 50167000, "otherExpenses": 0, "operatingExpenses": 50167000, "costAndExpenses": 334265000, "interestIncome": 0, "interestExpense": 0, "depreciationAndAmortization": 12249000, "ebitda": 55403000, "ebitdaratio": 0.1455415217, "operatingIncome": 37403000, "operatingIncomeRatio": 0.0982562233, "totalOtherIncomeExpensesNet": -9000000, "incomeBeforeTax": 37403000, "incomeBeforeTaxRatio": 0.0982562233, "incomeTaxExpense": 12740000, "netIncome": 24663000, "netIncomeRatio": 0.0647887398, "eps": 1.05, "epsdiluted": 1.02, "weightedAverageShsOut": 23602000, "weightedAverageShsOutDil": 24058000, "link": "https://www.sec.gov/Archives/edgar/data/874866/000095012311058355/0000950123-11-058355-index.htm", "finalLink": "https://www.sec.gov/Archives/edgar/data/874866/000095012311058355/a59608e10vk.htm", "calculatedOtherExpenses": 9000000, "calculatedOperatingExpenses": 59167000, "calculatedNetInterest": 0, "calculatedOtherIncome": 0, "calculatedIncomeNonControlling": 0, "calculatedEbitda": 49652000}, {"date": "2010-03-31", "symbol": "CRVL", "reportedCurrency": "USD", "cik": "0000874866", "fillingDate": "2010-06-11", "acceptedDate": "2010-06-11 17:05:36", "calendarYear": "2009", "period": "FY", "revenue": 337968000, "costOfRevenue": 252429000, "grossProfit": 85539000, "grossProfitRatio": 0.2530979264, "researchAndDevelopmentExpenses": 0, "generalAndAdministrativeExpenses": 42056000, "sellingAndMarketingExpenses": 0, "sellingGeneralAndAdministrativeExpenses": 42056000, "otherExpenses": 0, "operatingExpenses": 42056000, "costAndExpenses": 294485000, "interestIncome": 0, "interestExpense": 0, "depreciationAndAmortization": 11988000, "ebitda": 43483000, "ebitdaratio": 0.1286601098, "operatingIncome": 43483000, "operatingIncomeRatio": 0.1286601098, "totalOtherIncomeExpensesNet": 0, "incomeBeforeTax": 43483000, "incomeBeforeTaxRatio": 0.1286601098, "incomeTaxExpense": 17387000, "netIncome": 26096000, "netIncomeRatio": 0.0772144108, "eps": 1.05, "epsdiluted": 1.03, "weightedAverageShsOut": 24998000, "weightedAverageShsOutDil": 25344000, "link": "https://www.sec.gov/Archives/edgar/data/874866/000095012310057644/0000950123-10-057644-index.htm", "finalLink": "https://www.sec.gov/Archives/edgar/data/874866/000095012310057644/a56457e10vk.htm", "calculatedOtherExpenses": 0, "calculatedOperatingExpenses": 42056000, "calculatedNetInterest": 0, "calculatedOtherIncome": 0, "calculatedIncomeNonControlling": 0, "calculatedEbitda": 55471000}, {"date": "2009-03-31", "symbol": "CRVL", "reportedCurrency": "USD", "cik": "0000874866", "fillingDate": "2009-06-12", "acceptedDate": "2009-06-12 16:31:30", "calendarYear": "2008", "period": "FY", "revenue": 310076000, "costOfRevenue": 236334000, "grossProfit": 73742000, "grossProfitRatio": 0.2378191153, "researchAndDevelopmentExpenses": 0, "generalAndAdministrativeExpenses": 42133000, "sellingAndMarketingExpenses": 0, "sellingGeneralAndAdministrativeExpenses": 42133000, "otherExpenses": 0, "operatingExpenses": 42133000, "costAndExpenses": 278467000, "interestIncome": 0, "interestExpense": 0, "depreciationAndAmortization": 11778000, "ebitda": 43387000, "ebitdaratio": 0.1399237606, "operatingIncome": 31609000, "operatingIncomeRatio": 0.1019395245, "totalOtherIncomeExpensesNet": 0, "incomeBeforeTax": 31609000, "incomeBeforeTaxRatio": 0.1019395245, "incomeTaxExpense": 12332000, "netIncome": 19277000, "netIncomeRatio": 0.0621686296, "eps": 0.72, "epsdiluted": 0.71, "weightedAverageShsOut": 26916000, "weightedAverageShsOutDil": 27240000, "link": "https://www.sec.gov/Archives/edgar/data/874866/000095012309013720/0000950123-09-013720-index.htm", "finalLink": "https://www.sec.gov/Archives/edgar/data/874866/000095012309013720/a52868e10vk.htm", "calculatedOtherExpenses": 0, "calculatedOperatingExpenses": 42133000, "calculatedNetInterest": 0, "calculatedOtherIncome": 0, "calculatedIncomeNonControlling": 0, "calculatedEbitda": 43387000}, {"date": "2008-03-31", "symbol": "CRVL", "reportedCurrency": "USD", "cik": "0000874866", "fillingDate": "2008-06-16", "acceptedDate": "2008-06-13 20:38:32", "calendarYear": "2007", "period": "FY", "revenue": 301894000, "costOfRevenue": 223829000, "grossProfit": 78065000, "grossProfitRatio": 0.2585841388, "researchAndDevelopmentExpenses": 0, "generalAndAdministrativeExpenses": 39720000, "sellingAndMarketingExpenses": 0, "sellingGeneralAndAdministrativeExpenses": 39720000, "otherExpenses": 0, "operatingExpenses": 39720000, "costAndExpenses": 263549000, "interestIncome": 0, "interestExpense": 0, "depreciationAndAmortization": 11768000, "ebitda": 50113000, "ebitdaratio": 0.1659953494, "operatingIncome": 38345000, "operatingIncomeRatio": 0.12701478, "totalOtherIncomeExpensesNet": 0, "incomeBeforeTax": 38345000, "incomeBeforeTaxRatio": 0.12701478, "incomeTaxExpense": 14961000, "netIncome": 23384000, "netIncomeRatio": 0.0774576507, "eps": 0.85, "epsdiluted": 0.84, "weightedAverageShsOut": 27712000, "weightedAverageShsOutDil": 28072000, "link": "https://www.sec.gov/Archives/edgar/data/874866/000095013408011259/0000950134-08-011259-index.htm", "finalLink": "https://www.sec.gov/Archives/edgar/data/874866/000095013408011259/a41514e10vk.htm", "calculatedOtherExpenses": 0, "calculatedOperatingExpenses": 39720000, "calculatedNetInterest": 0, "calculatedOtherIncome": 0, "calculatedIncomeNonControlling": 0, "calculatedEbitda": 50113000}, {"date": "2007-03-31", "symbol": "CRVL", "reportedCurrency": "USD", "cik": "0000874866", "fillingDate": "2007-06-14", "acceptedDate": "2007-06-14 16:49:30", "calendarYear": "2006", "period": "FY", "revenue": 274581000, "costOfRevenue": 208746000, "grossProfit": 65835000, "grossProfitRatio": 0.2397653152, "researchAndDevelopmentExpenses": 0, "generalAndAdministrativeExpenses": 35383000, "sellingAndMarketingExpenses": 0, "sellingGeneralAndAdministrativeExpenses": 35383000, "otherExpenses": 0, "operatingExpenses": 35383000, "costAndExpenses": 244129000, "interestIncome": 0, "interestExpense": 0, "depreciationAndAmortization": 10122000, "ebitda": 40574000, "ebitdaratio": 0.1477669613, "operatingIncome": 30452000, "operatingIncomeRatio": 0.1109035221, "totalOtherIncomeExpensesNet": 0, "incomeBeforeTax": 30452000, "incomeBeforeTaxRatio": 0.1109035221, "incomeTaxExpense": 11876000, "netIncome": 18576000, "netIncomeRatio": 0.0676521682, "eps": 0.66, "epsdiluted": 0.65, "weightedAverageShsOut": 28140000, "weightedAverageShsOutDil": 28536000, "link": "https://www.sec.gov/Archives/edgar/data/874866/000089256907000796/0000892569-07-000796-index.htm", "finalLink": "https://www.sec.gov/Archives/edgar/data/874866/000089256907000796/a31184e10vk.htm", "calculatedOtherExpenses": 0, "calculatedOperatingExpenses": 35383000, "calculatedNetInterest": 0, "calculatedOtherIncome": 0, "calculatedIncomeNonControlling": 0, "calculatedEbitda": 40574000}, {"date": "2006-03-31", "symbol": "CRVL", "reportedCurrency": "USD", "cik": "0000874866", "fillingDate": "2006-06-30", "acceptedDate": "2006-06-30 16:04:14", "calendarYear": "2005", "period": "FY", "revenue": 266504000, "costOfRevenue": 221060000, "grossProfit": 45444000, "grossProfitRatio": 0.1705190166, "researchAndDevelopmentExpenses": 0, "generalAndAdministrativeExpenses": 29590000, "sellingAndMarketingExpenses": 0, "sellingGeneralAndAdministrativeExpenses": 29590000, "otherExpenses": 0, "operatingExpenses": 29590000, "costAndExpenses": 250650000, "interestIncome": 0, "interestExpense": 0, "depreciationAndAmortization": 10940000, "ebitda": 26794000, "ebitdaratio": 0.1005388287, "operatingIncome": 15854000, "operatingIncomeRatio": 0.0594887882, "totalOtherIncomeExpensesNet": 0, "incomeBeforeTax": 15854000, "incomeBeforeTaxRatio": 0.0594887882, "incomeTaxExpense": 6101000, "netIncome": 9753000, "netIncomeRatio": 0.0365960736, "eps": 0.22, "epsdiluted": 0.22, "weightedAverageShsOut": 43602000, "weightedAverageShsOutDil": 43776000, "link": "https://www.sec.gov/Archives/edgar/data/874866/000089256906000828/0000892569-06-000828-index.htm", "finalLink": "https://www.sec.gov/Archives/edgar/data/874866/000089256906000828/a21362e10vk.htm", "calculatedOtherExpenses": 0, "calculatedOperatingExpenses": 29590000, "calculatedNetInterest": 0, "calculatedOtherIncome": 0, "calculatedIncomeNonControlling": 0, "calculatedEbitda": 26794000}, {"date": "2005-03-31", "symbol": "CRVL", "reportedCurrency": "USD", "cik": "0000874866", "fillingDate": "2005-08-02", "acceptedDate": "2005-08-02 17:01:49", "calendarYear": "2004", "period": "FY", "revenue": 291000000, "costOfRevenue": 246341000, "grossProfit": 44659000, "grossProfitRatio": 0.153467354, "researchAndDevelopmentExpenses": 0, "generalAndAdministrativeExpenses": 28144000, "sellingAndMarketingExpenses": 0, "sellingGeneralAndAdministrativeExpenses": 28144000, "otherExpenses": 0, "operatingExpenses": 28144000, "costAndExpenses": 274485000, "interestIncome": 0, "interestExpense": 0, "depreciationAndAmortization": 11085000, "ebitda": 27600000, "ebitdaratio": 0.0948453608, "operatingIncome": 16515000, "operatingIncomeRatio": 0.0567525773, "totalOtherIncomeExpensesNet": 100, "incomeBeforeTax": 16515000, "incomeBeforeTaxRatio": 0.0567525773, "incomeTaxExpense": 6358000, "netIncome": 10157000, "netIncomeRatio": 0.0349037801, "eps": 0.32, "epsdiluted": 0.32, "weightedAverageShsOut": 31257000, "weightedAverageShsOutDil": 31560000, "link": "https://www.sec.gov/Archives/edgar/data/874866/000089256905000572/0000892569-05-000572-index.htm", "finalLink": "https://www.sec.gov/Archives/edgar/data/874866/000089256905000572/a08066e10vk.htm", "calculatedOtherExpenses": 0, "calculatedOperatingExpenses": 28144000, "calculatedNetInterest": 0, "calculatedOtherIncome": 0, "calculatedIncomeNonControlling": 0, "calculatedEbitda": 27600000}, {"date": "2004-03-31", "symbol": "CRVL", "reportedCurrency": "USD", "cik": "0000874866", "fillingDate": "2004-06-14", "acceptedDate": "2004-06-14 16:58:47", "calendarYear": "2003", "period": "FY", "revenue": 305279000, "costOfRevenue": 253846000, "grossProfit": 51433000, "grossProfitRatio": 0.1684786703, "researchAndDevelopmentExpenses": 0, "generalAndAdministrativeExpenses": 26067000, "sellingAndMarketingExpenses": 0, "sellingGeneralAndAdministrativeExpenses": 26067000, "otherExpenses": 0, "operatingExpenses": 26067000, "costAndExpenses": 279913000, "interestIncome": 0, "interestExpense": 0, "depreciationAndAmortization": 9958000, "ebitda": 35324000, "ebitdaratio": 0.1157105467, "operatingIncome": 25366000, "operatingIncomeRatio": 0.0830912051, "totalOtherIncomeExpensesNet": 0, "incomeBeforeTax": 25366000, "incomeBeforeTaxRatio": 0.0830912051, "incomeTaxExpense": 9353000, "netIncome": 16013000, "netIncomeRatio": 0.0524536571, "eps": 0.34, "epsdiluted": 0.33, "weightedAverageShsOut": 47634000, "weightedAverageShsOutDil": 48771000, "link": "https://www.sec.gov/Archives/edgar/data/874866/000089256904000707/0000892569-04-000707-index.htm", "finalLink": "https://www.sec.gov/Archives/edgar/data/874866/000089256904000707/a99694e10vk.htm", "calculatedOtherExpenses": 0, "calculatedOperatingExpenses": 26067000, "calculatedNetInterest": 0, "calculatedOtherIncome": 0, "calculatedIncomeNonControlling": 0, "calculatedEbitda": 35324000}, {"date": "2003-03-31", "symbol": "CRVL", "reportedCurrency": "USD", "cik": "0000874866", "fillingDate": "2003-06-30", "acceptedDate": "2003-06-30 15:02:32", "calendarYear": "2002", "period": "FY", "revenue": 282776000, "costOfRevenue": 230947000, "grossProfit": 51829000, "grossProfitRatio": 0.1832864175, "researchAndDevelopmentExpenses": 0, "generalAndAdministrativeExpenses": 25081000, "sellingAndMarketingExpenses": 0, "sellingGeneralAndAdministrativeExpenses": 25081000, "otherExpenses": 0, "operatingExpenses": 25081000, "costAndExpenses": 256028000, "interestIncome": 0, "interestExpense": 0, "depreciationAndAmortization": 10839000, "ebitda": 37587000, "ebitdaratio": 0.1329214643, "operatingIncome": 26748000, "operatingIncomeRatio": 0.0945907715, "totalOtherIncomeExpensesNet": 0, "incomeBeforeTax": 26748000, "incomeBeforeTaxRatio": 0.0945907715, "incomeTaxExpense": 10164000, "netIncome": 16584000, "netIncomeRatio": 0.0586471271, "eps": 0.34, "epsdiluted": 0.33, "weightedAverageShsOut": 48309000, "weightedAverageShsOutDil": 49758000, "link": "https://www.sec.gov/Archives/edgar/data/874866/000089256903001609/0000892569-03-001609-index.htm", "finalLink": "https://www.sec.gov/Archives/edgar/data/874866/000089256903001609/a91189e10vk.htm", "calculatedOtherExpenses": 0, "calculatedOperatingExpenses": 25081000, "calculatedNetInterest": 0, "calculatedOtherIncome": 0, "calculatedIncomeNonControlling": 0, "calculatedEbitda": 37587000}, {"date": "2002-03-31", "symbol": "CRVL", "reportedCurrency": "USD", "cik": "0000874866", "fillingDate": "2002-06-28", "acceptedDate": "2002-06-28 16:11:21", "calendarYear": "2001", "period": "FY", "revenue": 235912000, "costOfRevenue": 193225000, "grossProfit": 42687000, "grossProfitRatio": 0.1809445895, "researchAndDevelopmentExpenses": 0, "generalAndAdministrativeExpenses": 18783000, "sellingAndMarketingExpenses": 0, "sellingGeneralAndAdministrativeExpenses": 18783000, "otherExpenses": 0, "operatingExpenses": 18783000, "costAndExpenses": 212008000, "interestIncome": 0, "interestExpense": 0, "depreciationAndAmortization": 8414000, "ebitda": 32318000, "ebitdaratio": 0.1369917596, "operatingIncome": 23904000, "operatingIncomeRatio": 0.1013259181, "totalOtherIncomeExpensesNet": 0, "incomeBeforeTax": 23904000, "incomeBeforeTaxRatio": 0.1013259181, "incomeTaxExpense": 9083000, "netIncome": 14821000, "netIncomeRatio": 0.0628242735, "eps": 0.45, "epsdiluted": 0.43, "weightedAverageShsOut": 33129000, "weightedAverageShsOutDil": 34101000, "link": "https://www.sec.gov/Archives/edgar/data/874866/000089256902001426/0000892569-02-001426-index.htm", "finalLink": "https://www.sec.gov/Archives/edgar/data/874866/000089256902001426/a82688e10vk.htm", "calculatedOtherExpenses": 0, "calculatedOperatingExpenses": 18783000, "calculatedNetInterest": 0, "calculatedOtherIncome": 0, "calculatedIncomeNonControlling": 0, "calculatedEbitda": 32318000}, {"date": "2001-03-31", "symbol": "CRVL", "reportedCurrency": "USD", "cik": "0000874866", "fillingDate": "2001-06-28", "acceptedDate": "2001-06-28 00:00:00", "calendarYear": "2000", "period": "FY", "revenue": 209554000, "costOfRevenue": 172010000, "grossProfit": 37544000, "grossProfitRatio": 0.1791614572, "researchAndDevelopmentExpenses": 0, "generalAndAdministrativeExpenses": 16389000, "sellingAndMarketingExpenses": 0, "sellingGeneralAndAdministrativeExpenses": 16389000, "otherExpenses": 0, "operatingExpenses": 16389000, "costAndExpenses": 188399000, "interestIncome": 0, "interestExpense": 0, "depreciationAndAmortization": 6759000, "ebitda": 27914000, "ebitdaratio": 0.1332067152, "operatingIncome": 21155000, "operatingIncomeRatio": 0.1009524991, "totalOtherIncomeExpensesNet": 0, "incomeBeforeTax": 21155000, "incomeBeforeTaxRatio": 0.1009524991, "incomeTaxExpense": 7933000, "netIncome": 13222000, "netIncomeRatio": 0.0630959085, "eps": 0.39, "epsdiluted": 0.38, "weightedAverageShsOut": 34195500, "weightedAverageShsOutDil": 35014500, "link": "https://www.sec.gov/Archives/edgar/data/874866/000109581101502990/0001095811-01-502990-index.htm", "finalLink": "https://www.sec.gov/Archives/edgar/data/874866/000109581101502990/a73774e10-k405.txt", "calculatedOtherExpenses": 0, "calculatedOperatingExpenses": 16389000, "calculatedNetInterest": 0, "calculatedOtherIncome": 0, "calculatedIncomeNonControlling": 0, "calculatedEbitda": 27914000}, {"date": "2000-03-31", "symbol": "CRVL", "reportedCurrency": "USD", "cik": "0000874866", "fillingDate": "2000-06-29", "acceptedDate": "2000-06-29 00:00:00", "calendarYear": "1999", "period": "FY", "revenue": 186765000, "costOfRevenue": 145745000, "grossProfit": 41020000, "grossProfitRatio": 0.2196342998, "researchAndDevelopmentExpenses": 0, "generalAndAdministrativeExpenses": 14752000, "sellingAndMarketingExpenses": 0, "sellingGeneralAndAdministrativeExpenses": 14752000, "otherExpenses": 6965000, "operatingExpenses": 21717000, "costAndExpenses": 167462000, "interestIncome": 0, "interestExpense": 0, "depreciationAndAmortization": 6965000, "ebitda": 26268000, "ebitdaratio": 0.1406473376, "operatingIncome": 19303000, "operatingIncomeRatio": 0.1033544829, "totalOtherIncomeExpensesNet": 0, "incomeBeforeTax": 19303000, "incomeBeforeTaxRatio": 0.1033544829, "incomeTaxExpense": 7336000, "netIncome": 11967000, "netIncomeRatio": 0.0640751747, "eps": 0.33, "epsdiluted": 0.33, "weightedAverageShsOut": 36094500, "weightedAverageShsOutDil": 36679500, "link": "https://www.sec.gov/Archives/edgar/data/874866/000109581100001866/0001095811-00-001866-index.htm", "finalLink": "https://www.sec.gov/Archives/edgar/data/874866/000109581100001866/e10-k405.txt", "calculatedOtherExpenses": 6965000, "calculatedOperatingExpenses": 21717000, "calculatedNetInterest": 0, "calculatedOtherIncome": 0, "calculatedIncomeNonControlling": 0, "calculatedEbitda": 26268000}, {"date": "1999-03-31", "symbol": "CRVL", "reportedCurrency": "USD", "cik": "0000874866", "fillingDate": "1999-06-29", "acceptedDate": "1999-06-29 00:00:00", "calendarYear": "1998", "period": "FY", "revenue": 165500000, "costOfRevenue": 129800000, "grossProfit": 35700000, "grossProfitRatio": 0.2157099698, "researchAndDevelopmentExpenses": 0, "generalAndAdministrativeExpenses": 12600000, "sellingAndMarketingExpenses": 0, "sellingGeneralAndAdministrativeExpenses": 12600000, "otherExpenses": 6300000, "operatingExpenses": 18900000, "costAndExpenses": 148700000, "interestIncome": 0, "interestExpense": 0, "depreciationAndAmortization": 6300000, "ebitda": 23100000, "ebitdaratio": 0.1395770393, "operatingIncome": 16800000, "operatingIncomeRatio": 0.101510574, "totalOtherIncomeExpensesNet": 0, "incomeBeforeTax": 16800000, "incomeBeforeTaxRatio": 0.101510574, "incomeTaxExpense": 6400000, "netIncome": 10400000, "netIncomeRatio": 0.0628398792, "eps": 0.14, "epsdiluted": 0.14, "weightedAverageShsOut": 73395000, "weightedAverageShsOutDil": 74349000, "link": "https://www.sec.gov/Archives/edgar/data/874866/000089256999001795/0000892569-99-001795-index.html", "finalLink": "https://www.sec.gov/Archives/edgar/data/874866/000089256999001795/", "calculatedOtherExpenses": 6300000, "calculatedOperatingExpenses": 18900000, "calculatedNetInterest": 0, "calculatedOtherIncome": 0, "calculatedIncomeNonControlling": 0, "calculatedEbitda": 23100000}, {"date": "1998-03-31", "symbol": "CRVL", "reportedCurrency": "USD", "cik": "0000874866", "fillingDate": "1998-06-29", "acceptedDate": "1998-06-29 00:00:00", "calendarYear": "1997", "period": "FY", "revenue": 141700000, "costOfRevenue": 110300000, "grossProfit": 31400000, "grossProfitRatio": 0.2215949188, "researchAndDevelopmentExpenses": 0, "generalAndAdministrativeExpenses": 11000000, "sellingAndMarketingExpenses": 0, "sellingGeneralAndAdministrativeExpenses": 11000000, "otherExpenses": 5300000, "operatingExpenses": 16300000, "costAndExpenses": 126600000, "interestIncome": 0, "interestExpense": 0, "depreciationAndAmortization": 5300000, "ebitda": 20400000, "ebitdaratio": 0.1439661256, "operatingIncome": 15100000, "operatingIncomeRatio": 0.1065631616, "totalOtherIncomeExpensesNet": 100000, "incomeBeforeTax": 15200000, "incomeBeforeTaxRatio": 0.1072688779, "incomeTaxExpense": 5700000, "netIncome": 9500000, "netIncomeRatio": 0.0670430487, "eps": 0.13, "epsdiluted": 0.12, "weightedAverageShsOut": 75474000, "weightedAverageShsOutDil": 77148000, "link": "https://www.sec.gov/Archives/edgar/data/874866/000089256998001884/0000892569-98-001884-index.html", "finalLink": "https://www.sec.gov/Archives/edgar/data/874866/", "calculatedOtherExpenses": 5300000, "calculatedOperatingExpenses": 16300000, "calculatedNetInterest": 0, "calculatedOtherIncome": 100000, "calculatedIncomeNonControlling": 0, "calculatedEbitda": 20400000}, {"date": "1997-03-31", "symbol": "CRVL", "reportedCurrency": "USD", "cik": "0000874866", "fillingDate": "1997-06-27", "acceptedDate": "1997-06-27 00:00:00", "calendarYear": "1996", "period": "FY", "revenue": 121700000, "costOfRevenue": 95100000, "grossProfit": 26600000, "grossProfitRatio": 0.2185702547, "researchAndDevelopmentExpenses": 0, "generalAndAdministrativeExpenses": 8600000, "sellingAndMarketingExpenses": 0, "sellingGeneralAndAdministrativeExpenses": 8600000, "otherExpenses": 4200000, "operatingExpenses": 12800000, "costAndExpenses": 107900000, "interestIncome": 0, "interestExpense": 0, "depreciationAndAmortization": 4200000, "ebitda": 18000000, "ebitdaratio": 0.1479046836, "operatingIncome": 13800000, "operatingIncomeRatio": 0.1133935908, "totalOtherIncomeExpensesNet": -100000, "incomeBeforeTax": 13700000, "incomeBeforeTaxRatio": 0.1125718981, "incomeTaxExpense": 5200000, "netIncome": 8500000, "netIncomeRatio": 0.0698438784, "eps": 0.2, "epsdiluted": 0.2, "weightedAverageShsOut": 42201000, "weightedAverageShsOutDil": 42201000, "link": "https://www.sec.gov/Archives/edgar/data/874866/000089256997001722/0000892569-97-001722-index.html", "finalLink": "https://www.sec.gov/Archives/edgar/data/874866/", "calculatedOtherExpenses": 4200000, "calculatedOperatingExpenses": 12800000, "calculatedNetInterest": 0, "calculatedOtherIncome": -100000, "calculatedIncomeNonControlling": 0, "calculatedEbitda": 18000000}, {"date": "1996-03-31", "symbol": "CRVL", "reportedCurrency": "USD", "cik": "0000874866", "fillingDate": "1996-06-26", "acceptedDate": "1996-06-26 00:00:00", "calendarYear": "1995", "period": "FY", "revenue": 109100000, "costOfRevenue": 85900000, "grossProfit": 23200000, "grossProfitRatio": 0.2126489459, "researchAndDevelopmentExpenses": 0, "generalAndAdministrativeExpenses": 8100000, "sellingAndMarketingExpenses": 0, "sellingGeneralAndAdministrativeExpenses": 8100000, "otherExpenses": 3000000, "operatingExpenses": 11100000, "costAndExpenses": 97000000, "interestIncome": 0, "interestExpense": 0, "depreciationAndAmortization": 3000000, "ebitda": 15100000, "ebitdaratio": 0.1384051329, "operatingIncome": 12100000, "operatingIncomeRatio": 0.1109074244, "totalOtherIncomeExpensesNet": -100000, "incomeBeforeTax": 12000000, "incomeBeforeTaxRatio": 0.1099908341, "incomeTaxExpense": 4700000, "netIncome": 7300000, "netIncomeRatio": 0.0669110907, "eps": 0.17, "epsdiluted": 0.17, "weightedAverageShsOut": 42066000, "weightedAverageShsOutDil": 42066000, "link": "https://www.sec.gov/Archives/edgar/data/874866/000089256996001071/0000892569-96-001071-index.html", "finalLink": "https://www.sec.gov/Archives/edgar/data/874866/", "calculatedOtherExpenses": 3000000, "calculatedOperatingExpenses": 11100000, "calculatedNetInterest": 0, "calculatedOtherIncome": -100000, "calculatedIncomeNonControlling": 0, "calculatedEbitda": 15100000}, {"date": "1995-03-31", "symbol": "CRVL", "reportedCurrency": "USD", "cik": "0000874866", "fillingDate": "1995-03-31", "acceptedDate": "1995-03-30 19:00:00", "calendarYear": "1994", "period": "FY", "revenue": 95800000, "costOfRevenue": 76600000, "grossProfit": 19200000, "grossProfitRatio": 0.2004175365, "researchAndDevelopmentExpenses": 0, "generalAndAdministrativeExpenses": 7200000, "sellingAndMarketingExpenses": 0, "sellingGeneralAndAdministrativeExpenses": 7200000, "otherExpenses": 2400000, "operatingExpenses": 9600000, "costAndExpenses": 86200000, "interestIncome": 0, "interestExpense": 0, "depreciationAndAmortization": 2400000, "ebitda": 12000000, "ebitdaratio": 0.1252609603, "operatingIncome": 9600000, "operatingIncomeRatio": 0.1002087683, "totalOtherIncomeExpensesNet": 100000, "incomeBeforeTax": 9700000, "incomeBeforeTaxRatio": 0.1012526096, "incomeTaxExpense": 3800000, "netIncome": 5900000, "netIncomeRatio": 0.0615866388, "eps": 0.0351, "epsdiluted": 0.0321, "weightedAverageShsOut": 38103886, "weightedAverageShsOutDil": 38103886, "link": "", "finalLink": "", "calculatedOtherExpenses": 2400000, "calculatedOperatingExpenses": 9600000, "calculatedNetInterest": 0, "calculatedOtherIncome": 100000, "calculatedIncomeNonControlling": 0, "calculatedEbitda": 12000000}, {"date": "1994-03-31", "symbol": "CRVL", "reportedCurrency": "USD", "cik": "0000874866", "fillingDate": "1994-03-31", "acceptedDate": "1994-03-30 19:00:00", "calendarYear": "1993", "period": "FY", "revenue": 80600000, "costOfRevenue": 64900000, "grossProfit": 15700000, "grossProfitRatio": 0.1947890819, "researchAndDevelopmentExpenses": 0, "generalAndAdministrativeExpenses": 6100000, "sellingAndMarketingExpenses": 0, "sellingGeneralAndAdministrativeExpenses": 6100000, "otherExpenses": 2400000, "operatingExpenses": 8500000, "costAndExpenses": 73400000, "interestIncome": 0, "interestExpense": 0, "depreciationAndAmortization": 2400000, "ebitda": 9600000, "ebitdaratio": 0.1191066998, "operatingIncome": 7200000, "operatingIncomeRatio": 0.0893300248, "totalOtherIncomeExpensesNet": 0, "incomeBeforeTax": 7200000, "incomeBeforeTaxRatio": 0.0893300248, "incomeTaxExpense": 2800000, "netIncome": 4400000, "netIncomeRatio": 0.0545905707, "eps": 0.0282, "epsdiluted": 0.0252, "weightedAverageShsOut": 36602390, "weightedAverageShsOutDil": 36602390, "link": "", "finalLink": "", "calculatedOtherExpenses": 2400000, "calculatedOperatingExpenses": 8500000, "calculatedNetInterest": 0, "calculatedOtherIncome": 0, "calculatedIncomeNonControlling": 0, "calculatedEbitda": 9600000}, {"date": "1993-03-31", "symbol": "CRVL", "reportedCurrency": "USD", "cik": "0000874866", "fillingDate": "1993-03-31", "acceptedDate": "1993-03-30 19:00:00", "calendarYear": "1992", "period": "FY", "revenue": 61800000, "costOfRevenue": 51700000, "grossProfit": 10100000, "grossProfitRatio": 0.1634304207, "researchAndDevelopmentExpenses": 0, "generalAndAdministrativeExpenses": 4900000, "sellingAndMarketingExpenses": 0, "sellingGeneralAndAdministrativeExpenses": 4900000, "otherExpenses": 1100000, "operatingExpenses": 6000000, "costAndExpenses": 57700000, "interestIncome": 0, "interestExpense": 0, "depreciationAndAmortization": 1100000, "ebitda": 5200000, "ebitdaratio": 0.0841423948, "operatingIncome": 4100000, "operatingIncomeRatio": 0.0663430421, "totalOtherIncomeExpensesNet": 0, "incomeBeforeTax": 4100000, "incomeBeforeTaxRatio": 0.0663430421, "incomeTaxExpense": 1600000, "netIncome": 2500000, "netIncomeRatio": 0.0404530744, "eps": 0.0153, "epsdiluted": 0.0153, "weightedAverageShsOut": 30686306, "weightedAverageShsOutDil": 30686306, "link": "", "finalLink": "", "calculatedOtherExpenses": 1100000, "calculatedOperatingExpenses": 6000000, "calculatedNetInterest": 0, "calculatedOtherIncome": 0, "calculatedIncomeNonControlling": 0, "calculatedEbitda": 5200000}, {"date": "1992-03-31", "symbol": "CRVL", "reportedCurrency": "USD", "cik": "0000874866", "fillingDate": "1992-03-31", "acceptedDate": "1992-03-30 19:00:00", "calendarYear": "1991", "period": "FY", "revenue": 46900000, "costOfRevenue": 38800000, "grossProfit": 8100000, "grossProfitRatio": 0.1727078891, "researchAndDevelopmentExpenses": 0, "generalAndAdministrativeExpenses": 4300000, "sellingAndMarketingExpenses": 0, "sellingGeneralAndAdministrativeExpenses": 4300000, "otherExpenses": 1100000, "operatingExpenses": 5400000, "costAndExpenses": 44200000, "interestIncome": 0, "interestExpense": 0, "depreciationAndAmortization": 1100000, "ebitda": 3800000, "ebitdaratio": 0.0810234542, "operatingIncome": 2700000, "operatingIncomeRatio": 0.0575692964, "totalOtherIncomeExpensesNet": -100000, "incomeBeforeTax": 2600000, "incomeBeforeTaxRatio": 0.0554371002, "incomeTaxExpense": 1000000, "netIncome": 1600000, "netIncomeRatio": 0.0341151386, "eps": 0.0109, "epsdiluted": 0.0109, "weightedAverageShsOut": 30686306, "weightedAverageShsOutDil": 30686306, "link": "", "finalLink": "", "calculatedOtherExpenses": 1100000, "calculatedOperatingExpenses": 5400000, "calculatedNetInterest": 0, "calculatedOtherIncome": -100000, "calculatedIncomeNonControlling": 0, "calculatedEbitda": 3800000}, {"date": "1991-03-31", "symbol": "CRVL", "reportedCurrency": "USD", "cik": "0000874866", "fillingDate": "1991-03-31", "acceptedDate": "1991-03-30 19:00:00", "calendarYear": "1990", "period": "FY", "revenue": 28900000, "costOfRevenue": 24700000, "grossProfit": 4200000, "grossProfitRatio": 0.1453287197, "researchAndDevelopmentExpenses": 0, "generalAndAdministrativeExpenses": 2400000, "sellingAndMarketingExpenses": 0, "sellingGeneralAndAdministrativeExpenses": 2400000, "otherExpenses": 700000, "operatingExpenses": 3100000, "costAndExpenses": 27800000, "interestIncome": 0, "interestExpense": 0, "depreciationAndAmortization": 700000, "ebitda": 1700000, "ebitdaratio": 0.0588235294, "operatingIncome": 1100000, "operatingIncomeRatio": 0.0380622837, "totalOtherIncomeExpensesNet": 100000, "incomeBeforeTax": 900000, "incomeBeforeTaxRatio": 0.0311418685, "incomeTaxExpense": 200000, "netIncome": 700000, "netIncomeRatio": 0.0242214533, "eps": -0.003, "epsdiluted": -0.003, "weightedAverageShsOut": 14160836, "weightedAverageShsOutDil": 14160836, "link": "", "finalLink": "", "calculatedOtherExpenses": 700000, "calculatedOperatingExpenses": 3100000, "calculatedNetInterest": 0, "calculatedOtherIncome": -200000, "calculatedIncomeNonControlling": 0, "calculatedEbitda": 1800000}]}