{"originalCurrency": "USD", "convertedCurrency": "USD", "report": [{"date": "2024-01-31", "symbol": "CRWD", "reportedCurrency": "USD", "cik": "0001535527", "fillingDate": "2024-03-07", "acceptedDate": "2024-03-06 21:07:39", "calendarYear": "2024", "period": "FY", "revenue": 3055555000, "costOfRevenue": 758579000, "grossProfit": 2296976000, "grossProfitRatio": 0.7517377367, "researchAndDevelopmentExpenses": 767279000, "generalAndAdministrativeExpenses": 392764000, "sellingAndMarketingExpenses": 1140566000, "sellingGeneralAndAdministrativeExpenses": 1519513000, "otherExpenses": 1638000, "operatingExpenses": 2286792000, "costAndExpenses": 3045371000, "interestIncome": 148930000, "interestExpense": 25756000, "depreciationAndAmortization": 145254000, "ebitda": 155438000, "ebitdaratio": 0.0508706274, "operatingIncome": 10184000, "operatingIncomeRatio": 0.0033329461, "totalOtherIncomeExpensesNet": 112633000, "incomeBeforeTax": 122817000, "incomeBeforeTaxRatio": 0.0401946619, "incomeTaxExpense": 32232000, "netIncome": 89327000, "netIncomeRatio": 0.0292342962, "eps": 0.37, "epsdiluted": 0.37, "weightedAverageShsOut": 238637000, "weightedAverageShsOutDil": 243635000, "link": "https://www.sec.gov/Archives/edgar/data/1535527/000153552724000007/0001535527-24-000007-index.htm", "finalLink": "https://www.sec.gov/Archives/edgar/data/1535527/000153552724000007/crwd-20240131.htm", "calculatedOtherExpenses": 0, "calculatedOperatingExpenses": 2286792000, "calculatedNetInterest": 123174000, "calculatedOtherIncome": -10541000, "calculatedIncomeNonControlling": 1258000, "calculatedEbitda": 155438000}, {"date": "2023-01-31", "symbol": "CRWD", "reportedCurrency": "USD", "cik": "0001535527", "fillingDate": "2023-03-09", "acceptedDate": "2023-03-08 19:41:08", "calendarYear": "2023", "period": "FY", "revenue": 2241236000, "costOfRevenue": 601231000, "grossProfit": 1640005000, "grossProfitRatio": 0.7317413249, "researchAndDevelopmentExpenses": 608364000, "generalAndAdministrativeExpenses": 317344000, "sellingAndMarketingExpenses": 904409000, "sellingGeneralAndAdministrativeExpenses": 1221753000, "otherExpenses": 3053000, "operatingExpenses": 1830117000, "costAndExpenses": 2431348000, "interestIncome": 52495000, "interestExpense": 25319000, "depreciationAndAmortization": 149358000, "ebitda": -40754000, "ebitdaratio": -0.0181837165, "operatingIncome": -190112000, "operatingIncomeRatio": -0.0848246236, "totalOtherIncomeExpensesNet": 30229000, "incomeBeforeTax": -159883000, "incomeBeforeTaxRatio": -0.0713369766, "incomeTaxExpense": 22402000, "netIncome": -182285000, "netIncomeRatio": -0.0813323541, "eps": -0.78, "epsdiluted": -0.78, "weightedAverageShsOut": 233139000, "weightedAverageShsOutDil": 233139000, "link": "https://www.sec.gov/Archives/edgar/data/1535527/000153552723000008/0001535527-23-000008-index.htm", "finalLink": "https://www.sec.gov/Archives/edgar/data/1535527/000153552723000008/crwd-20230131.htm", "calculatedOtherExpenses": 0, "calculatedOperatingExpenses": 1830117000, "calculatedNetInterest": 27176000, "calculatedOtherIncome": 3053000, "calculatedIncomeNonControlling": 0, "calculatedEbitda": -40754000}, {"date": "2022-01-31", "symbol": "CRWD", "reportedCurrency": "USD", "cik": "0001535527", "fillingDate": "2022-03-16", "acceptedDate": "2022-03-16 16:08:17", "calendarYear": "2022", "period": "FY", "revenue": 1451594000, "costOfRevenue": 383221000, "grossProfit": 1068373000, "grossProfitRatio": 0.7359998732, "researchAndDevelopmentExpenses": 371283000, "generalAndAdministrativeExpenses": 223092000, "sellingAndMarketingExpenses": 616546000, "sellingGeneralAndAdministrativeExpenses": 839638000, "otherExpenses": 7756000, "operatingExpenses": 1210921000, "costAndExpenses": 1594142000, "interestIncome": 3788000, "interestExpense": 25231000, "depreciationAndAmortization": 76566000, "ebitda": -65982000, "ebitdaratio": -0.0454548586, "operatingIncome": -142548000, "operatingIncomeRatio": -0.0982010121, "totalOtherIncomeExpensesNet": -17475000, "incomeBeforeTax": -160023000, "incomeBeforeTaxRatio": -0.1102395022, "incomeTaxExpense": 72355000, "netIncome": -232378000, "netIncomeRatio": -0.1600847069, "eps": -1.02, "epsdiluted": -1.02, "weightedAverageShsOut": 227142000, "weightedAverageShsOutDil": 227142000, "link": "https://www.sec.gov/Archives/edgar/data/1535527/000153552722000006/0001535527-22-000006-index.htm", "finalLink": "https://www.sec.gov/Archives/edgar/data/1535527/000153552722000006/crwd-20220131.htm", "calculatedOtherExpenses": 0, "calculatedOperatingExpenses": 1210921000, "calculatedNetInterest": -21443000, "calculatedOtherIncome": 3968000, "calculatedIncomeNonControlling": 0, "calculatedEbitda": -65982000}, {"date": "2021-01-31", "symbol": "CRWD", "reportedCurrency": "USD", "cik": "0001535527", "fillingDate": "2021-03-18", "acceptedDate": "2021-03-18 17:02:10", "calendarYear": "2021", "period": "FY", "revenue": 874438000, "costOfRevenue": 229545000, "grossProfit": 644893000, "grossProfitRatio": 0.7374942535, "researchAndDevelopmentExpenses": 214670000, "generalAndAdministrativeExpenses": 121436000, "sellingAndMarketingExpenses": 401316000, "sellingGeneralAndAdministrativeExpenses": 522752000, "otherExpenses": 6219000, "operatingExpenses": 737422000, "costAndExpenses": 966967000, "interestIncome": 4968000, "interestExpense": 1559000, "depreciationAndAmortization": 46362000, "ebitda": -46167000, "ebitdaratio": -0.052796196, "operatingIncome": -92529000, "operatingIncomeRatio": -0.1058153923, "totalOtherIncomeExpensesNet": 4660000, "incomeBeforeTax": -87869000, "incomeBeforeTaxRatio": -0.1004862552, "incomeTaxExpense": 4760000, "netIncome": -92629000, "netIncomeRatio": -0.1059297515, "eps": -0.43, "epsdiluted": -0.43, "weightedAverageShsOut": 217756000, "weightedAverageShsOutDil": 217756000, "link": "https://www.sec.gov/Archives/edgar/data/1535527/000153552721000007/0001535527-21-000007-index.htm", "finalLink": "https://www.sec.gov/Archives/edgar/data/1535527/000153552721000007/crwd-20210131.htm", "calculatedOtherExpenses": 0, "calculatedOperatingExpenses": 737422000, "calculatedNetInterest": 3409000, "calculatedOtherIncome": 1251000, "calculatedIncomeNonControlling": 0, "calculatedEbitda": -46167000}, {"date": "2020-01-31", "symbol": "CRWD", "reportedCurrency": "USD", "cik": "0001535527", "fillingDate": "2020-03-23", "acceptedDate": "2020-03-23 16:06:34", "calendarYear": "2020", "period": "FY", "revenue": 481413000, "costOfRevenue": 141627000, "grossProfit": 339786000, "grossProfitRatio": 0.7058097725, "researchAndDevelopmentExpenses": 130188000, "generalAndAdministrativeExpenses": 89068000, "sellingAndMarketingExpenses": 266595000, "sellingGeneralAndAdministrativeExpenses": 355663000, "otherExpenses": 6725000, "operatingExpenses": 485851000, "costAndExpenses": 627478000, "interestIncome": 442000, "interestExpense": 442000, "depreciationAndAmortization": 30238000, "ebitda": -115827000, "ebitdaratio": -0.2405979897, "operatingIncome": -146065000, "operatingIncomeRatio": -0.3034089233, "totalOtherIncomeExpensesNet": 6283000, "incomeBeforeTax": -139782000, "incomeBeforeTaxRatio": -0.2903577593, "incomeTaxExpense": 1997000, "netIncome": -141779000, "netIncomeRatio": -0.2945059647, "eps": -0.67, "epsdiluted": -0.67, "weightedAverageShsOut": 212948000, "weightedAverageShsOutDil": 212948000, "link": "https://www.sec.gov/Archives/edgar/data/1535527/000153552720000006/0001535527-20-000006-index.htm", "finalLink": "https://www.sec.gov/Archives/edgar/data/1535527/000153552720000006/crwd-20200131.htm", "calculatedOtherExpenses": 0, "calculatedOperatingExpenses": 485851000, "calculatedNetInterest": 0, "calculatedOtherIncome": 6283000, "calculatedIncomeNonControlling": 0, "calculatedEbitda": -115827000}, {"date": "2019-01-31", "symbol": "CRWD", "reportedCurrency": "USD", "cik": "0001535527", "fillingDate": "2019-01-31", "acceptedDate": "2019-01-30 19:00:00", "calendarYear": "2019", "period": "FY", "revenue": 249824000, "costOfRevenue": 87238000, "grossProfit": 162586000, "grossProfitRatio": 0.6508021647, "researchAndDevelopmentExpenses": 84551000, "generalAndAdministrativeExpenses": 42217000, "sellingAndMarketingExpenses": 172682000, "sellingGeneralAndAdministrativeExpenses": 214899000, "otherExpenses": -1418000, "operatingExpenses": 299450000, "costAndExpenses": 386688000, "interestIncome": 0, "interestExpense": 428000, "depreciationAndAmortization": 15398000, "ebitda": -122884000, "ebitdaratio": -0.4918822851, "operatingIncome": -136864000, "operatingIncomeRatio": -0.5478416805, "totalOtherIncomeExpensesNet": -1418000, "incomeBeforeTax": -138710000, "incomeBeforeTaxRatio": -0.5552308825, "incomeTaxExpense": 1367000, "netIncome": -140077000, "netIncomeRatio": -0.5607027347, "eps": -0.82, "epsdiluted": -0.82, "weightedAverageShsOut": 171202000, "weightedAverageShsOutDil": 171202000, "link": "", "finalLink": "", "calculatedOtherExpenses": 0, "calculatedOperatingExpenses": 299450000, "calculatedNetInterest": -428000, "calculatedOtherIncome": -1418000, "calculatedIncomeNonControlling": 0, "calculatedEbitda": -121466000}, {"date": "2018-01-31", "symbol": "CRWD", "reportedCurrency": "USD", "cik": "0001535527", "fillingDate": "2018-01-31", "acceptedDate": "2018-01-30 19:00:00", "calendarYear": "2018", "period": "FY", "revenue": 118752000, "costOfRevenue": 54486000, "grossProfit": 64266000, "grossProfitRatio": 0.5411782538, "researchAndDevelopmentExpenses": 58887000, "generalAndAdministrativeExpenses": 32542000, "sellingAndMarketingExpenses": 104277000, "sellingGeneralAndAdministrativeExpenses": 136819000, "otherExpenses": -1473000, "operatingExpenses": 195706000, "costAndExpenses": 250192000, "interestIncome": 0, "interestExpense": 1648000, "depreciationAndAmortization": 7739000, "ebitda": -125174000, "ebitdaratio": -1.0540790892, "operatingIncome": -131440000, "operatingIncomeRatio": -1.1068445163, "totalOtherIncomeExpensesNet": -1473000, "incomeBeforeTax": -134561000, "incomeBeforeTaxRatio": -1.1331261789, "incomeTaxExpense": 929000, "netIncome": -135490000, "netIncomeRatio": -1.1409492051, "eps": -0.79, "epsdiluted": -0.79, "weightedAverageShsOut": 171202000, "weightedAverageShsOutDil": 171202000, "link": "", "finalLink": "", "calculatedOtherExpenses": 0, "calculatedOperatingExpenses": 195706000, "calculatedNetInterest": -1648000, "calculatedOtherIncome": -1473000, "calculatedIncomeNonControlling": 0, "calculatedEbitda": -123701000}, {"date": "2017-01-31", "symbol": "CRWD", "reportedCurrency": "USD", "cik": "0001535527", "fillingDate": "2017-01-31", "acceptedDate": "2017-01-30 19:00:00", "calendarYear": "2017", "period": "FY", "revenue": 52745000, "costOfRevenue": 34006000, "grossProfit": 18739000, "grossProfitRatio": 0.3552753816, "researchAndDevelopmentExpenses": 39145000, "generalAndAdministrativeExpenses": 16402000, "sellingAndMarketingExpenses": 53748000, "sellingGeneralAndAdministrativeExpenses": 70150000, "otherExpenses": -82000, "operatingExpenses": 109295000, "costAndExpenses": 143301000, "interestIncome": 0, "interestExpense": 615000, "depreciationAndAmortization": 3021000, "ebitda": -87617000, "ebitdaratio": -1.6611432363, "operatingIncome": -90556000, "operatingIncomeRatio": -1.7168641577, "totalOtherIncomeExpensesNet": -82000, "incomeBeforeTax": -91253000, "incomeBeforeTaxRatio": -1.7300786804, "incomeTaxExpense": 87000, "netIncome": -91340000, "netIncomeRatio": -1.7317281259, "eps": -0.53, "epsdiluted": -0.53, "weightedAverageShsOut": 171202000, "weightedAverageShsOutDil": 171202000, "link": "", "finalLink": "", "calculatedOtherExpenses": 0, "calculatedOperatingExpenses": 109295000, "calculatedNetInterest": -615000, "calculatedOtherIncome": -82000, "calculatedIncomeNonControlling": 0, "calculatedEbitda": -87535000}]}