{"originalCurrency": "USD", "convertedCurrency": "USD", "report": [{"date": "2023-12-31", "symbol": "CSL", "reportedCurrency": "USD", "cik": "0000790051", "fillingDate": "2024-02-16", "acceptedDate": "2024-02-16 14:06:56", "calendarYear": "2023", "period": "FY", "revenue": 4586900000, "costOfRevenue": 3042900000, "grossProfit": 1544000000, "grossProfitRatio": 0.3366107829, "researchAndDevelopmentExpenses": 27300000, "generalAndAdministrativeExpenses": 0, "sellingAndMarketingExpenses": 0, "sellingGeneralAndAdministrativeExpenses": 528600000, "otherExpenses": 3100000, "operatingExpenses": 555900000, "costAndExpenses": 3598800000, "interestIncome": 20100000, "interestExpense": 75600000, "depreciationAndAmortization": 204700000, "ebitda": 1192800000, "ebitdaratio": 0.2600449105, "operatingIncome": 988100000, "operatingIncomeRatio": 0.2154178203, "totalOtherIncomeExpensesNet": -57700000, "incomeBeforeTax": 930400000, "incomeBeforeTaxRatio": 0.2028385184, "incomeTaxExpense": 211500000, "netIncome": 767400000, "netIncomeRatio": 0.1673025355, "eps": 13.69, "epsdiluted": 13.55, "weightedAverageShsOut": 49900000, "weightedAverageShsOutDil": 50400000, "link": "https://www.sec.gov/Archives/edgar/data/790051/000079005124000058/0000790051-24-000058-index.htm", "finalLink": "https://www.sec.gov/Archives/edgar/data/790051/000079005124000058/csl-20231231.htm", "calculatedOtherExpenses": 0, "calculatedOperatingExpenses": 555900000, "calculatedNetInterest": -55500000, "calculatedOtherIncome": -2200000, "calculatedIncomeNonControlling": -48500000, "calculatedEbitda": 1192800000}, {"date": "2022-12-31", "symbol": "CSL", "reportedCurrency": "USD", "cik": "0000790051", "fillingDate": "2023-02-16", "acceptedDate": "2023-02-16 14:21:43", "calendarYear": "2022", "period": "FY", "revenue": 6591900000, "costOfRevenue": 4434500000, "grossProfit": 2157400000, "grossProfitRatio": 0.3272804502, "researchAndDevelopmentExpenses": 50800000, "generalAndAdministrativeExpenses": 0, "sellingAndMarketingExpenses": 0, "sellingGeneralAndAdministrativeExpenses": 811500000, "otherExpenses": 19400000, "operatingExpenses": 881700000, "costAndExpenses": 5316200000, "interestIncome": 7100000, "interestExpense": 85900000, "depreciationAndAmortization": 5800000, "ebitda": 1281500000, "ebitdaratio": 0.1944052549, "operatingIncome": 1275700000, "operatingIncomeRatio": 0.1935253872, "totalOtherIncomeExpensesNet": -80100000, "incomeBeforeTax": 1195600000, "incomeBeforeTaxRatio": 0.1813741107, "incomeTaxExpense": 270400000, "netIncome": 924000000, "netIncomeRatio": 0.1401720293, "eps": 17.93, "epsdiluted": 17.69, "weightedAverageShsOut": 51800000, "weightedAverageShsOutDil": 52500000, "link": "https://www.sec.gov/Archives/edgar/data/790051/000079005123000044/0000790051-23-000044-index.htm", "finalLink": "https://www.sec.gov/Archives/edgar/data/790051/000079005123000044/csl-20221231.htm", "calculatedOtherExpenses": 19400000, "calculatedOperatingExpenses": 881700000, "calculatedNetInterest": -78800000, "calculatedOtherIncome": -1300000, "calculatedIncomeNonControlling": 1200000, "calculatedEbitda": 1281500000}, {"date": "2021-12-31", "symbol": "CSL", "reportedCurrency": "USD", "cik": "0000790051", "fillingDate": "2022-02-17", "acceptedDate": "2022-02-17 14:46:07", "calendarYear": "2021", "period": "FY", "revenue": 4810300000, "costOfRevenue": 3495600000, "grossProfit": 1314700000, "grossProfitRatio": 0.273309357, "researchAndDevelopmentExpenses": 49900000, "generalAndAdministrativeExpenses": 0, "sellingAndMarketingExpenses": 0, "sellingGeneralAndAdministrativeExpenses": 698200000, "otherExpenses": -900000, "operatingExpenses": 747200000, "costAndExpenses": 4242800000, "interestIncome": 1200000, "interestExpense": 80300000, "depreciationAndAmortization": 226200000, "ebitda": 562800000, "ebitdaratio": 0.1169989398, "operatingIncome": 336600000, "operatingIncomeRatio": 0.0699748456, "totalOtherIncomeExpensesNet": 145900000, "incomeBeforeTax": 482500000, "incomeBeforeTaxRatio": 0.1003055942, "incomeTaxExpense": 95500000, "netIncome": 421700000, "netIncomeRatio": 0.0876660499, "eps": 7.86, "epsdiluted": 7.75, "weightedAverageShsOut": 52500000, "weightedAverageShsOutDil": 53200000, "link": "https://www.sec.gov/Archives/edgar/data/790051/000079005122000061/0000790051-22-000061-index.htm", "finalLink": "https://www.sec.gov/Archives/edgar/data/790051/000079005122000061/csl-20211231.htm", "calculatedOtherExpenses": 230000000, "calculatedOperatingExpenses": 978100000, "calculatedNetInterest": -79100000, "calculatedOtherIncome": 225000000, "calculatedIncomeNonControlling": -34700000, "calculatedEbitda": 562800000}, {"date": "2020-12-31", "symbol": "CSL", "reportedCurrency": "USD", "cik": "0000790051", "fillingDate": "2021-02-11", "acceptedDate": "2021-02-11 16:12:02", "calendarYear": "2020", "period": "FY", "revenue": 3969900000, "costOfRevenue": 2832500000, "grossProfit": 1137400000, "grossProfitRatio": 0.2865059573, "researchAndDevelopmentExpenses": 45400000, "generalAndAdministrativeExpenses": 0, "sellingAndMarketingExpenses": 0, "sellingGeneralAndAdministrativeExpenses": 603200000, "otherExpenses": 1000000, "operatingExpenses": 649600000, "costAndExpenses": 3482100000, "interestIncome": 4700000, "interestExpense": 76600000, "depreciationAndAmortization": 226000000, "ebitda": 713800000, "ebitdaratio": 0.1798030177, "operatingIncome": 487800000, "operatingIncomeRatio": 0.1228746316, "totalOtherIncomeExpensesNet": -83600000, "incomeBeforeTax": 404200000, "incomeBeforeTaxRatio": 0.1018161667, "incomeTaxExpense": 78500000, "netIncome": 320100000, "netIncomeRatio": 0.0806317539, "eps": 5.85, "epsdiluted": 5.8, "weightedAverageShsOut": 54500000, "weightedAverageShsOutDil": 55000000, "link": "https://www.sec.gov/Archives/edgar/data/790051/000079005121000080/0000790051-21-000080-index.htm", "finalLink": "https://www.sec.gov/Archives/edgar/data/790051/000079005121000080/csl-20201231.htm", "calculatedOtherExpenses": 1000000, "calculatedOperatingExpenses": 649600000, "calculatedNetInterest": -71900000, "calculatedOtherIncome": -11700000, "calculatedIncomeNonControlling": 5600000, "calculatedEbitda": 713800000}, {"date": "2019-12-31", "symbol": "CSL", "reportedCurrency": "USD", "cik": "0000790051", "fillingDate": "2020-02-10", "acceptedDate": "2020-02-10 16:14:08", "calendarYear": "2019", "period": "FY", "revenue": 4811600000, "costOfRevenue": 3439900000, "grossProfit": 1371700000, "grossProfitRatio": 0.2850818854, "researchAndDevelopmentExpenses": 60900000, "generalAndAdministrativeExpenses": 0, "sellingAndMarketingExpenses": 0, "sellingGeneralAndAdministrativeExpenses": 667100000, "otherExpenses": -10500000, "operatingExpenses": 717500000, "costAndExpenses": 4157400000, "interestIncome": 7900000, "interestExpense": 66100000, "depreciationAndAmortization": 205400000, "ebitda": 661400000, "ebitdaratio": 0.1374594729, "operatingIncome": 456000000, "operatingIncomeRatio": 0.0947709702, "totalOtherIncomeExpensesNet": 139300000, "incomeBeforeTax": 595300000, "incomeBeforeTaxRatio": 0.1237218389, "incomeTaxExpense": 121600000, "netIncome": 472800000, "netIncomeRatio": 0.0982625322, "eps": 8.28, "epsdiluted": 8.19, "weightedAverageShsOut": 56913000, "weightedAverageShsOutDil": 57547000, "link": "https://www.sec.gov/Archives/edgar/data/790051/000079005120000071/0000790051-20-000071-index.htm", "finalLink": "https://www.sec.gov/Archives/edgar/data/790051/000079005120000071/csl-20191231.htm", "calculatedOtherExpenses": 187700000, "calculatedOperatingExpenses": 915700000, "calculatedNetInterest": -58200000, "calculatedOtherIncome": 197500000, "calculatedIncomeNonControlling": 900000, "calculatedEbitda": 661400000}, {"date": "2018-12-31", "symbol": "CSL", "reportedCurrency": "USD", "cik": "0000790051", "fillingDate": "2019-02-14", "acceptedDate": "2019-02-14 15:50:17", "calendarYear": "2018", "period": "FY", "revenue": 4479500000, "costOfRevenue": 3304800000, "grossProfit": 1174700000, "grossProfitRatio": 0.2622390892, "researchAndDevelopmentExpenses": 55100000, "generalAndAdministrativeExpenses": 625400000, "sellingAndMarketingExpenses": 0, "sellingGeneralAndAdministrativeExpenses": 625400000, "otherExpenses": -9600000, "operatingExpenses": 665700000, "costAndExpenses": 3970500000, "interestIncome": 11200000, "interestExpense": 53500000, "depreciationAndAmortization": 190600000, "ebitda": 499400000, "ebitdaratio": 0.1114856569, "operatingIncome": 509000000, "operatingIncomeRatio": 0.1136287532, "totalOtherIncomeExpensesNet": -9600000, "incomeBeforeTax": 445900000, "incomeBeforeTaxRatio": 0.0995423596, "incomeTaxExpense": 87300000, "netIncome": 611100000, "netIncomeRatio": 0.1364214756, "eps": 10.12, "epsdiluted": 10.05, "weightedAverageShsOut": 60393000, "weightedAverageShsOutDil": 60786000, "link": "https://www.sec.gov/Archives/edgar/data/790051/000079005119000070/0000790051-19-000070-index.htm", "finalLink": "https://www.sec.gov/Archives/edgar/data/790051/000079005119000070/csl2018form10-k.htm", "calculatedOtherExpenses": -14800000, "calculatedOperatingExpenses": 665700000, "calculatedNetInterest": -42300000, "calculatedOtherIncome": -20800000, "calculatedIncomeNonControlling": -252500000, "calculatedEbitda": 699600000}, {"date": "2017-12-31", "symbol": "CSL", "reportedCurrency": "USD", "cik": "0000790051", "fillingDate": "2018-02-16", "acceptedDate": "2018-02-16 15:40:54", "calendarYear": "2017", "period": "FY", "revenue": 4089900000, "costOfRevenue": 2941900000, "grossProfit": 1148000000, "grossProfitRatio": 0.2806914594, "researchAndDevelopmentExpenses": 54900000, "generalAndAdministrativeExpenses": 589400000, "sellingAndMarketingExpenses": 0, "sellingGeneralAndAdministrativeExpenses": 589400000, "otherExpenses": -4000000, "operatingExpenses": 642300000, "costAndExpenses": 3584200000, "interestIncome": 500000, "interestExpense": 33500000, "depreciationAndAmortization": 169100000, "ebitda": 501700000, "ebitdaratio": 0.1226680359, "operatingIncome": 505700000, "operatingIncomeRatio": 0.1236460549, "totalOtherIncomeExpensesNet": -4000000, "incomeBeforeTax": 468200000, "incomeBeforeTaxRatio": 0.1144771266, "incomeTaxExpense": 102900000, "netIncome": 365500000, "netIncomeRatio": 0.0893664882, "eps": 5.75, "epsdiluted": 5.71, "weightedAverageShsOut": 63073000, "weightedAverageShsOutDil": 63551000, "link": "https://www.sec.gov/Archives/edgar/data/790051/000079005118000095/0000790051-18-000095-index.htm", "finalLink": "https://www.sec.gov/Archives/edgar/data/790051/000079005118000095/csl2017form10-k.htm", "calculatedOtherExpenses": -2000000, "calculatedOperatingExpenses": 642300000, "calculatedNetInterest": -33000000, "calculatedOtherIncome": -4500000, "calculatedIncomeNonControlling": -200000, "calculatedEbitda": 674800000}, {"date": "2016-12-31", "symbol": "CSL", "reportedCurrency": "USD", "cik": "0000790051", "fillingDate": "2017-02-13", "acceptedDate": "2017-02-13 14:46:50", "calendarYear": "2016", "period": "FY", "revenue": 3675400000, "costOfRevenue": 2518100000, "grossProfit": 1157300000, "grossProfitRatio": 0.3148772923, "researchAndDevelopmentExpenses": 48100000, "generalAndAdministrativeExpenses": 532000000, "sellingAndMarketingExpenses": 0, "sellingGeneralAndAdministrativeExpenses": 532000000, "otherExpenses": -5400000, "operatingExpenses": 574700000, "costAndExpenses": 3092800000, "interestIncome": 1300000, "interestExpense": 30600000, "depreciationAndAmortization": 137800000, "ebitda": 720400000, "ebitdaratio": 0.1960058769, "operatingIncome": 582600000, "operatingIncomeRatio": 0.1585133591, "totalOtherIncomeExpensesNet": -141500000, "incomeBeforeTax": 410500000, "incomeBeforeTaxRatio": 0.1116885237, "incomeTaxExpense": 159700000, "netIncome": 250100000, "netIncomeRatio": 0.0680470153, "eps": 3.86, "epsdiluted": 3.82, "weightedAverageShsOut": 64226000, "weightedAverageShsOutDil": 64883000, "link": "https://www.sec.gov/Archives/edgar/data/790051/000155837017000547/0001558370-17-000547-index.htm", "finalLink": "https://www.sec.gov/Archives/edgar/data/790051/000155837017000547/csl-20161231x10k.htm", "calculatedOtherExpenses": -5400000, "calculatedOperatingExpenses": 574700000, "calculatedNetInterest": -29300000, "calculatedOtherIncome": -142800000, "calculatedIncomeNonControlling": 700000, "calculatedEbitda": 720400000}, {"date": "2015-12-31", "symbol": "CSL", "reportedCurrency": "USD", "cik": "0000790051", "fillingDate": "2016-02-08", "acceptedDate": "2016-02-08 14:24:04", "calendarYear": "2015", "period": "FY", "revenue": 3543200000, "costOfRevenue": 2536500000, "grossProfit": 1006700000, "grossProfitRatio": 0.2841216979, "researchAndDevelopmentExpenses": 42800000, "generalAndAdministrativeExpenses": 461900000, "sellingAndMarketingExpenses": 0, "sellingGeneralAndAdministrativeExpenses": 461900000, "otherExpenses": 100000, "operatingExpenses": 504800000, "costAndExpenses": 3041300000, "interestIncome": 700000, "interestExpense": 34000000, "depreciationAndAmortization": 129300000, "ebitda": 631200000, "ebitdaratio": 0.1781440506, "operatingIncome": 501900000, "operatingIncomeRatio": 0.1416516144, "totalOtherIncomeExpensesNet": -34000000, "incomeBeforeTax": 467900000, "incomeBeforeTaxRatio": 0.1320557688, "incomeTaxExpense": 148300000, "netIncome": 319700000, "netIncomeRatio": 0.0902291714, "eps": 4.89, "epsdiluted": 4.82, "weightedAverageShsOut": 64844000, "weightedAverageShsOutDil": 65804000, "link": "https://www.sec.gov/Archives/edgar/data/790051/000104746916010052/0001047469-16-010052-index.htm", "finalLink": "https://www.sec.gov/Archives/edgar/data/790051/000104746916010052/a2227259z10-k.htm", "calculatedOtherExpenses": 100000, "calculatedOperatingExpenses": 504800000, "calculatedNetInterest": -33300000, "calculatedOtherIncome": -700000, "calculatedIncomeNonControlling": -100000, "calculatedEbitda": 631200000}, {"date": "2014-12-31", "symbol": "CSL", "reportedCurrency": "USD", "cik": "0000790051", "fillingDate": "2015-02-10", "acceptedDate": "2015-02-10 08:10:56", "calendarYear": "2014", "period": "FY", "revenue": 3204000000, "costOfRevenue": 2384500000, "grossProfit": 819500000, "grossProfitRatio": 0.2557740325, "researchAndDevelopmentExpenses": 33800000, "generalAndAdministrativeExpenses": 379000000, "sellingAndMarketingExpenses": 0, "sellingGeneralAndAdministrativeExpenses": 379000000, "otherExpenses": -1600000, "operatingExpenses": 411200000, "costAndExpenses": 2795700000, "interestIncome": 1500000, "interestExpense": 32200000, "depreciationAndAmortization": 104000000, "ebitda": 512300000, "ebitdaratio": 0.1598938826, "operatingIncome": 408300000, "operatingIncomeRatio": 0.1274344569, "totalOtherIncomeExpensesNet": -32200000, "incomeBeforeTax": 376100000, "incomeBeforeTaxRatio": 0.1173845194, "incomeTaxExpense": 124400000, "netIncome": 251300000, "netIncomeRatio": 0.0784332085, "eps": 3.89, "epsdiluted": 3.82, "weightedAverageShsOut": 64170000, "weightedAverageShsOutDil": 65304000, "link": "https://www.sec.gov/Archives/edgar/data/790051/000104746915000691/0001047469-15-000691-index.htm", "finalLink": "https://www.sec.gov/Archives/edgar/data/790051/000104746915000691/a2222956z10-k.htm", "calculatedOtherExpenses": -1600000, "calculatedOperatingExpenses": 411200000, "calculatedNetInterest": -30700000, "calculatedOtherIncome": -1500000, "calculatedIncomeNonControlling": 400000, "calculatedEbitda": 512300000}, {"date": "2013-12-31", "symbol": "CSL", "reportedCurrency": "USD", "cik": "0000790051", "fillingDate": "2014-02-19", "acceptedDate": "2014-02-19 16:21:08", "calendarYear": "2013", "period": "FY", "revenue": 2943000000, "costOfRevenue": 2197400000, "grossProfit": 745600000, "grossProfitRatio": 0.2533469249, "researchAndDevelopmentExpenses": 29300000, "generalAndAdministrativeExpenses": 353700000, "sellingAndMarketingExpenses": 0, "sellingGeneralAndAdministrativeExpenses": 353700000, "otherExpenses": -4200000, "operatingExpenses": 378800000, "costAndExpenses": 2576200000, "interestIncome": 500000, "interestExpense": 33800000, "depreciationAndAmortization": 113900000, "ebitda": 480700000, "ebitdaratio": 0.1633367312, "operatingIncome": 366800000, "operatingIncomeRatio": 0.1246347265, "totalOtherIncomeExpensesNet": -33800000, "incomeBeforeTax": 333000000, "incomeBeforeTaxRatio": 0.1131498471, "incomeTaxExpense": 97800000, "netIncome": 209700000, "netIncomeRatio": 0.0712538226, "eps": 3.29, "epsdiluted": 3.22, "weightedAverageShsOut": 63471000, "weightedAverageShsOutDil": 64806000, "link": "https://www.sec.gov/Archives/edgar/data/790051/000104746914001036/0001047469-14-001036-index.htm", "finalLink": "https://www.sec.gov/Archives/edgar/data/790051/000104746914001036/a2218340z10-k.htm", "calculatedOtherExpenses": -4200000, "calculatedOperatingExpenses": 378800000, "calculatedNetInterest": -33300000, "calculatedOtherIncome": -500000, "calculatedIncomeNonControlling": 25500000, "calculatedEbitda": 480700000}, {"date": "2012-12-31", "symbol": "CSL", "reportedCurrency": "USD", "cik": "0000790051", "fillingDate": "2013-02-12", "acceptedDate": "2013-02-12 13:45:57", "calendarYear": "2012", "period": "FY", "revenue": 3629400000, "costOfRevenue": 2731700000, "grossProfit": 897700000, "grossProfitRatio": 0.2473411583, "researchAndDevelopmentExpenses": 33000000, "generalAndAdministrativeExpenses": 427700000, "sellingAndMarketingExpenses": 0, "sellingGeneralAndAdministrativeExpenses": 427700000, "otherExpenses": 12700000, "operatingExpenses": 473400000, "costAndExpenses": 3205100000, "interestIncome": 500000, "interestExpense": 25500000, "depreciationAndAmortization": 104900000, "ebitda": 529200000, "ebitdaratio": 0.1458092247, "operatingIncome": 424300000, "operatingIncomeRatio": 0.1169063757, "totalOtherIncomeExpensesNet": -25500000, "incomeBeforeTax": 398800000, "incomeBeforeTaxRatio": 0.109880421, "incomeTaxExpense": 131500000, "netIncome": 270200000, "netIncomeRatio": 0.0744475671, "eps": 4.3, "epsdiluted": 4.22, "weightedAverageShsOut": 62513000, "weightedAverageShsOutDil": 63610000, "link": "https://www.sec.gov/Archives/edgar/data/790051/000104746913000898/0001047469-13-000898-index.htm", "finalLink": "https://www.sec.gov/Archives/edgar/data/790051/000104746913000898/a2212797z10-k.htm", "calculatedOtherExpenses": 12700000, "calculatedOperatingExpenses": 473400000, "calculatedNetInterest": -25000000, "calculatedOtherIncome": -500000, "calculatedIncomeNonControlling": -2900000, "calculatedEbitda": 529200000}, {"date": "2011-12-31", "symbol": "CSL", "reportedCurrency": "USD", "cik": "0000790051", "fillingDate": "2012-02-10", "acceptedDate": "2012-02-10 10:55:15", "calendarYear": "2011", "period": "FY", "revenue": 3224500000, "costOfRevenue": 2547400000, "grossProfit": 677100000, "grossProfitRatio": 0.2099860443, "researchAndDevelopmentExpenses": 28700000, "generalAndAdministrativeExpenses": 376600000, "sellingAndMarketingExpenses": 0, "sellingGeneralAndAdministrativeExpenses": 376600000, "otherExpenses": -3300000, "operatingExpenses": 402000000, "costAndExpenses": 2949400000, "interestIncome": 500000, "interestExpense": 21700000, "depreciationAndAmortization": 88000000, "ebitda": 363100000, "ebitdaratio": 0.1126066057, "operatingIncome": 275100000, "operatingIncomeRatio": 0.0853155528, "totalOtherIncomeExpensesNet": -21200000, "incomeBeforeTax": 253900000, "incomeBeforeTaxRatio": 0.0787408901, "incomeTaxExpense": 72000000, "netIncome": 180300000, "netIncomeRatio": 0.0559156458, "eps": 2.91, "epsdiluted": 2.86, "weightedAverageShsOut": 61958763, "weightedAverageShsOutDil": 63041958, "link": "https://www.sec.gov/Archives/edgar/data/790051/000104746912000814/0001047469-12-000814-index.htm", "finalLink": "https://www.sec.gov/Archives/edgar/data/790051/000104746912000814/a2207134z10-k.htm", "calculatedOtherExpenses": -3300000, "calculatedOperatingExpenses": 402000000, "calculatedNetInterest": -21200000, "calculatedOtherIncome": 0, "calculatedIncomeNonControlling": 1600000, "calculatedEbitda": 363100000}, {"date": "2010-12-31", "symbol": "CSL", "reportedCurrency": "USD", "cik": "0000790051", "fillingDate": "2011-02-16", "acceptedDate": "2011-02-16 09:40:53", "calendarYear": "2010", "period": "FY", "revenue": 2527700000, "costOfRevenue": 1999000000, "grossProfit": 528700000, "grossProfitRatio": 0.2091624797, "researchAndDevelopmentExpenses": 23200000, "generalAndAdministrativeExpenses": 310500000, "sellingAndMarketingExpenses": 0, "sellingGeneralAndAdministrativeExpenses": 310500000, "otherExpenses": -1100000, "operatingExpenses": 332600000, "costAndExpenses": 2331600000, "interestIncome": 300000, "interestExpense": 8300000, "depreciationAndAmortization": 71900000, "ebitda": 196100000, "ebitdaratio": 0.0775804091, "operatingIncome": 196100000, "operatingIncomeRatio": 0.0775804091, "totalOtherIncomeExpensesNet": -8300000, "incomeBeforeTax": 187800000, "incomeBeforeTaxRatio": 0.0742967915, "incomeTaxExpense": 57200000, "netIncome": 145600000, "netIncomeRatio": 0.0576017724, "eps": 2.36, "epsdiluted": 2.34, "weightedAverageShsOut": 60901000, "weightedAverageShsOutDil": 61592000, "link": "https://www.sec.gov/Archives/edgar/data/790051/000104746911000969/0001047469-11-000969-index.htm", "finalLink": "https://www.sec.gov/Archives/edgar/data/790051/000104746911000969/a2201988z10-k.htm", "calculatedOtherExpenses": -1100000, "calculatedOperatingExpenses": 332600000, "calculatedNetInterest": -8000000, "calculatedOtherIncome": -300000, "calculatedIncomeNonControlling": -15000000, "calculatedEbitda": 268000000}, {"date": "2009-12-31", "symbol": "CSL", "reportedCurrency": "USD", "cik": "0000790051", "fillingDate": "2010-02-18", "acceptedDate": "2010-02-18 15:22:50", "calendarYear": "2009", "period": "FY", "revenue": 2379500000, "costOfRevenue": 1875600000, "grossProfit": 503900000, "grossProfitRatio": 0.211767178, "researchAndDevelopmentExpenses": 16600000, "generalAndAdministrativeExpenses": 289000000, "sellingAndMarketingExpenses": 0, "sellingGeneralAndAdministrativeExpenses": 289000000, "otherExpenses": 18400000, "operatingExpenses": 324000000, "costAndExpenses": 2199600000, "interestIncome": 0, "interestExpense": 9000000, "depreciationAndAmortization": 67500000, "ebitda": 247400000, "ebitdaratio": 0.1039714226, "operatingIncome": 206900000, "operatingIncomeRatio": 0.0869510401, "totalOtherIncomeExpensesNet": 27000000, "incomeBeforeTax": 197900000, "incomeBeforeTaxRatio": 0.0831687329, "incomeTaxExpense": 46100000, "netIncome": 144600000, "netIncomeRatio": 0.0607690691, "eps": 2.36, "epsdiluted": 2.34, "weightedAverageShsOut": 60601000, "weightedAverageShsOutDil": 61234000, "link": "https://www.sec.gov/Archives/edgar/data/790051/000104746910000983/0001047469-10-000983-index.htm", "finalLink": "https://www.sec.gov/Archives/edgar/data/790051/000104746910000983/a2196547z10-k.htm", "calculatedOtherExpenses": -8600000, "calculatedOperatingExpenses": 297000000, "calculatedNetInterest": -9000000, "calculatedOtherIncome": 0, "calculatedIncomeNonControlling": 7200000, "calculatedEbitda": 274400000}, {"date": "2008-12-31", "symbol": "CSL", "reportedCurrency": "USD", "cik": "0000790051", "fillingDate": "2009-02-27", "acceptedDate": "2009-02-27 15:50:34", "calendarYear": "2008", "period": "FY", "revenue": 2971400000, "costOfRevenue": 2401400000, "grossProfit": 570000000, "grossProfitRatio": 0.1918287676, "researchAndDevelopmentExpenses": 12800000, "generalAndAdministrativeExpenses": 312300000, "sellingAndMarketingExpenses": 0, "sellingGeneralAndAdministrativeExpenses": 312300000, "otherExpenses": 0, "operatingExpenses": 325100000, "costAndExpenses": 2726500000, "interestIncome": 0, "interestExpense": 0, "depreciationAndAmortization": 69000000, "ebitda": 313400000, "ebitdaratio": 0.105472168, "operatingIncome": 244900000, "operatingIncomeRatio": 0.0824190617, "totalOtherIncomeExpensesNet": 500000, "incomeBeforeTax": 217800000, "incomeBeforeTaxRatio": 0.0732987817, "incomeTaxExpense": 68300000, "netIncome": 55800000, "netIncomeRatio": 0.0187790267, "eps": 0.91, "epsdiluted": 0.91, "weightedAverageShsOut": 60541000, "weightedAverageShsOutDil": 60848000, "link": "https://www.sec.gov/Archives/edgar/data/790051/000104746909001978/0001047469-09-001978-index.htm", "finalLink": "https://www.sec.gov/Archives/edgar/data/790051/000104746909001978/a2191110z10-k.htm", "calculatedOtherExpenses": 0, "calculatedOperatingExpenses": 325100000, "calculatedNetInterest": 0, "calculatedOtherIncome": -27100000, "calculatedIncomeNonControlling": 93700000, "calculatedEbitda": 313900000}, {"date": "2007-12-31", "symbol": "CSL", "reportedCurrency": "USD", "cik": "0000790051", "fillingDate": "2008-02-29", "acceptedDate": "2008-02-29 14:13:13", "calendarYear": "2007", "period": "FY", "revenue": 2876383000, "costOfRevenue": 2293130000, "grossProfit": 583253000, "grossProfitRatio": 0.202773066, "researchAndDevelopmentExpenses": 17392000, "generalAndAdministrativeExpenses": 286056000, "sellingAndMarketingExpenses": 0, "sellingGeneralAndAdministrativeExpenses": 286056000, "otherExpenses": -49581000, "operatingExpenses": 253867000, "costAndExpenses": 2546997000, "interestIncome": 0, "interestExpense": 0, "depreciationAndAmortization": 65874000, "ebitda": 345679000, "ebitdaratio": 0.1201783629, "operatingIncome": 329386000, "operatingIncomeRatio": 0.1145139573, "totalOtherIncomeExpensesNet": 49581000, "incomeBeforeTax": 319342000, "incomeBeforeTaxRatio": 0.1110220718, "incomeTaxExpense": 106321000, "netIncome": 215637000, "netIncomeRatio": 0.074968111, "eps": 3.5, "epsdiluted": 3.44, "weightedAverageShsOut": 61692000, "weightedAverageShsOutDil": 62630000, "link": "https://www.sec.gov/Archives/edgar/data/790051/000104746908002024/0001047469-08-002024-index.htm", "finalLink": "https://www.sec.gov/Archives/edgar/data/790051/000104746908002024/a2183191z10-k.htm", "calculatedOtherExpenses": -49581000, "calculatedOperatingExpenses": 253867000, "calculatedNetInterest": 0, "calculatedOtherIncome": -10044000, "calculatedIncomeNonControlling": -2616000, "calculatedEbitda": 395260000}, {"date": "2006-12-31", "symbol": "CSL", "reportedCurrency": "USD", "cik": "0000790051", "fillingDate": "2007-03-01", "acceptedDate": "2007-03-01 14:43:43", "calendarYear": "2006", "period": "FY", "revenue": 2572510000, "costOfRevenue": 2049921000, "grossProfit": 522589000, "grossProfitRatio": 0.2031436224, "researchAndDevelopmentExpenses": 15081000, "generalAndAdministrativeExpenses": 242513000, "sellingAndMarketingExpenses": 0, "sellingGeneralAndAdministrativeExpenses": 242513000, "otherExpenses": -10636000, "operatingExpenses": 246958000, "costAndExpenses": 2296879000, "interestIncome": 0, "interestExpense": 0, "depreciationAndAmortization": 59836000, "ebitda": 324831000, "ebitdaratio": 0.1262700631, "operatingIncome": 275631000, "operatingIncomeRatio": 0.107144773, "totalOtherIncomeExpensesNet": 10636000, "incomeBeforeTax": 255317000, "incomeBeforeTaxRatio": 0.0992482051, "incomeTaxExpense": 78031000, "netIncome": 215689000, "netIncomeRatio": 0.0838437946, "eps": 3.54, "epsdiluted": 3.49, "weightedAverageShsOut": 61240000, "weightedAverageShsOutDil": 62236000, "link": "https://www.sec.gov/Archives/edgar/data/790051/000110465907015435/0001104659-07-015435-index.htm", "finalLink": "https://www.sec.gov/Archives/edgar/data/790051/000110465907015435/a07-3486_210k.htm", "calculatedOtherExpenses": -10636000, "calculatedOperatingExpenses": 246958000, "calculatedNetInterest": 0, "calculatedOtherIncome": -20314000, "calculatedIncomeNonControlling": -38403000, "calculatedEbitda": 335467000}, {"date": "2005-12-31", "symbol": "CSL", "reportedCurrency": "USD", "cik": "0000790051", "fillingDate": "2006-03-13", "acceptedDate": "2006-03-13 13:03:16", "calendarYear": "2005", "period": "FY", "revenue": 2209610000, "costOfRevenue": 1770694000, "grossProfit": 438916000, "grossProfitRatio": 0.1986395789, "researchAndDevelopmentExpenses": 15386000, "generalAndAdministrativeExpenses": 214887000, "sellingAndMarketingExpenses": 0, "sellingGeneralAndAdministrativeExpenses": 214887000, "otherExpenses": -823000, "operatingExpenses": 229450000, "costAndExpenses": 2000144000, "interestIncome": 0, "interestExpense": 0, "depreciationAndAmortization": 53221000, "ebitda": 261864000, "ebitdaratio": 0.1185114115, "operatingIncome": 209466000, "operatingIncomeRatio": 0.0947977245, "totalOtherIncomeExpensesNet": 823000, "incomeBeforeTax": 193558000, "incomeBeforeTaxRatio": 0.0875982639, "incomeTaxExpense": 60224000, "netIncome": 106365000, "netIncomeRatio": 0.0481374541, "eps": 1.73, "epsdiluted": 1.71, "weightedAverageShsOut": 61472000, "weightedAverageShsOutDil": 62156000, "link": "https://www.sec.gov/Archives/edgar/data/790051/000110465906016056/0001104659-06-016056-index.htm", "finalLink": "https://www.sec.gov/Archives/edgar/data/790051/000110465906016056/a06-1969_110k.htm", "calculatedOtherExpenses": -823000, "calculatedOperatingExpenses": 229450000, "calculatedNetInterest": 0, "calculatedOtherIncome": -15908000, "calculatedIncomeNonControlling": 26969000, "calculatedEbitda": 262687000}, {"date": "2004-12-31", "symbol": "CSL", "reportedCurrency": "USD", "cik": "0000790051", "fillingDate": "2005-03-09", "acceptedDate": "2005-03-09 17:15:42", "calendarYear": "2004", "period": "FY", "revenue": 2227614000, "costOfRevenue": 1804486000, "grossProfit": 423128000, "grossProfitRatio": 0.1899467322, "researchAndDevelopmentExpenses": 16315000, "generalAndAdministrativeExpenses": 221676000, "sellingAndMarketingExpenses": 0, "sellingGeneralAndAdministrativeExpenses": 221676000, "otherExpenses": -553000, "operatingExpenses": 237438000, "costAndExpenses": 2041924000, "interestIncome": 0, "interestExpense": 0, "depreciationAndAmortization": 52639000, "ebitda": 237776000, "ebitdaratio": 0.1067402162, "operatingIncome": 185690000, "operatingIncomeRatio": 0.0833582479, "totalOtherIncomeExpensesNet": 553000, "incomeBeforeTax": 170340000, "incomeBeforeTaxRatio": 0.076467467, "incomeTaxExpense": 52026000, "netIncome": 79612000, "netIncomeRatio": 0.0357386872, "eps": 1.29, "epsdiluted": 1.27, "weightedAverageShsOut": 62064000, "weightedAverageShsOutDil": 62818000, "link": "https://www.sec.gov/Archives/edgar/data/790051/000110465905010191/0001104659-05-010191-index.htm", "finalLink": "https://www.sec.gov/Archives/edgar/data/790051/000110465905010191/a05-4777_110k.htm", "calculatedOtherExpenses": -553000, "calculatedOperatingExpenses": 237438000, "calculatedNetInterest": 0, "calculatedOtherIncome": -15350000, "calculatedIncomeNonControlling": 38702000, "calculatedEbitda": 238329000}, {"date": "2003-12-31", "symbol": "CSL", "reportedCurrency": "USD", "cik": "0000790051", "fillingDate": "2004-03-11", "acceptedDate": "2004-03-11 09:45:46", "calendarYear": "2003", "period": "FY", "revenue": 2108164000, "costOfRevenue": 1732654000, "grossProfit": 375510000, "grossProfitRatio": 0.1781218159, "researchAndDevelopmentExpenses": 20219000, "generalAndAdministrativeExpenses": 213810000, "sellingAndMarketingExpenses": 0, "sellingGeneralAndAdministrativeExpenses": 213810000, "otherExpenses": -4713000, "operatingExpenses": 229316000, "costAndExpenses": 1961970000, "interestIncome": 0, "interestExpense": 0, "depreciationAndAmortization": 60366000, "ebitda": 201847000, "ebitdaratio": 0.0957453974, "operatingIncome": 146194000, "operatingIncomeRatio": 0.0693465973, "totalOtherIncomeExpensesNet": 4713000, "incomeBeforeTax": 131733000, "incomeBeforeTaxRatio": 0.0624870741, "incomeTaxExpense": 42813000, "netIncome": 88920000, "netIncomeRatio": 0.0421788817, "eps": 1.45, "epsdiluted": 1.44, "weightedAverageShsOut": 61410000, "weightedAverageShsOutDil": 61726000, "link": "https://www.sec.gov/Archives/edgar/data/790051/000110465904006998/0001104659-04-006998-index.htm", "finalLink": "https://www.sec.gov/Archives/edgar/data/790051/000110465904006998/a04-3155_110k.htm", "calculatedOtherExpenses": -4713000, "calculatedOperatingExpenses": 229316000, "calculatedNetInterest": 0, "calculatedOtherIncome": -14461000, "calculatedIncomeNonControlling": 0, "calculatedEbitda": 206560000}, {"date": "2002-12-31", "symbol": "CSL", "reportedCurrency": "USD", "cik": "0000790051", "fillingDate": "2003-03-07", "acceptedDate": "2003-03-07 14:03:31", "calendarYear": "2002", "period": "FY", "revenue": 1971280000, "costOfRevenue": 1611805000, "grossProfit": 359475000, "grossProfitRatio": 0.1823561341, "researchAndDevelopmentExpenses": 19929000, "generalAndAdministrativeExpenses": 211802000, "sellingAndMarketingExpenses": 0, "sellingGeneralAndAdministrativeExpenses": 211802000, "otherExpenses": 93000, "operatingExpenses": 231824000, "costAndExpenses": 1843629000, "interestIncome": 0, "interestExpense": 17151000, "depreciationAndAmortization": 56994000, "ebitda": 184738000, "ebitdaratio": 0.0937147437, "operatingIncome": 127651000, "operatingIncomeRatio": 0.0647553874, "totalOtherIncomeExpensesNet": -93000, "incomeBeforeTax": 110500000, "incomeBeforeTaxRatio": 0.0560549491, "incomeTaxExpense": 38122000, "netIncome": 28625000, "netIncomeRatio": 0.0145210219, "eps": 0.47, "epsdiluted": 0.47, "weightedAverageShsOut": 60882000, "weightedAverageShsOutDil": 61166000, "link": "https://www.sec.gov/Archives/edgar/data/790051/000104746903008051/0001047469-03-008051-index.htm", "finalLink": "https://www.sec.gov/Archives/edgar/data/790051/000104746903008051/a2105093z10-k.htm", "calculatedOtherExpenses": 93000, "calculatedOperatingExpenses": 231824000, "calculatedNetInterest": -17151000, "calculatedOtherIncome": 0, "calculatedIncomeNonControlling": 43753000, "calculatedEbitda": 184645000}, {"date": "2001-12-31", "symbol": "CSL", "reportedCurrency": "USD", "cik": "0000790051", "fillingDate": "2002-03-21", "acceptedDate": "2002-03-21 00:00:00", "calendarYear": "2001", "period": "FY", "revenue": 1849477000, "costOfRevenue": 1527620000, "grossProfit": 321857000, "grossProfitRatio": 0.1740259544, "researchAndDevelopmentExpenses": 17325000, "generalAndAdministrativeExpenses": 207103000, "sellingAndMarketingExpenses": 0, "sellingGeneralAndAdministrativeExpenses": 207103000, "otherExpenses": -2427000, "operatingExpenses": 222001000, "costAndExpenses": 1749621000, "interestIncome": 0, "interestExpense": 0, "depreciationAndAmortization": 63960000, "ebitda": 194200000, "ebitdaratio": 0.1050026575, "operatingIncome": 67045000, "operatingIncomeRatio": 0.0362507887, "totalOtherIncomeExpensesNet": -30384000, "incomeBeforeTax": 37925000, "incomeBeforeTaxRatio": 0.020505797, "incomeTaxExpense": 13084000, "netIncome": 24841000, "netIncomeRatio": 0.0134313647, "eps": 0.41, "epsdiluted": 0.41, "weightedAverageShsOut": 60520000, "weightedAverageShsOutDil": 60900000, "link": "https://www.sec.gov/Archives/edgar/data/790051/000091205702010885/0000912057-02-010885-index.htm", "finalLink": "https://www.sec.gov/Archives/edgar/data/790051/000091205702010885/a2074088z10-k.htm", "calculatedOtherExpenses": 30384000, "calculatedOperatingExpenses": 254812000, "calculatedNetInterest": 0, "calculatedOtherIncome": -29120000, "calculatedIncomeNonControlling": 0, "calculatedEbitda": 131005000}, {"date": "2000-12-31", "symbol": "CSL", "reportedCurrency": "USD", "cik": "0000790051", "fillingDate": "2001-03-09", "acceptedDate": "2001-03-09 00:00:00", "calendarYear": "2000", "period": "FY", "revenue": 1771067000, "costOfRevenue": 1343134000, "grossProfit": 427933000, "grossProfitRatio": 0.2416243993, "researchAndDevelopmentExpenses": 16463000, "generalAndAdministrativeExpenses": 176484000, "sellingAndMarketingExpenses": 0, "sellingGeneralAndAdministrativeExpenses": 176484000, "otherExpenses": 59549000, "operatingExpenses": 252496000, "costAndExpenses": 1595630000, "interestIncome": 0, "interestExpense": 0, "depreciationAndAmortization": 59549000, "ebitda": 231540000, "ebitdaratio": 0.1307347492, "operatingIncome": 175437000, "operatingIncomeRatio": 0.099057235, "totalOtherIncomeExpensesNet": 3446000, "incomeBeforeTax": 150865000, "incomeBeforeTaxRatio": 0.0851831128, "incomeTaxExpense": 54685000, "netIncome": 96180000, "netIncomeRatio": 0.0543062459, "eps": 1.59, "epsdiluted": 1.57, "weightedAverageShsOut": 60478000, "weightedAverageShsOutDil": 61198000, "link": "https://www.sec.gov/Archives/edgar/data/790051/000091205701503080/0000912057-01-503080-index.htm", "finalLink": "https://www.sec.gov/Archives/edgar/data/790051/000091205701503080/a2040157z10-k.txt", "calculatedOtherExpenses": 59549000, "calculatedOperatingExpenses": 252496000, "calculatedNetInterest": 0, "calculatedOtherIncome": -24572000, "calculatedIncomeNonControlling": 0, "calculatedEbitda": 234986000}, {"date": "1999-12-31", "symbol": "CSL", "reportedCurrency": "USD", "cik": "0000790051", "fillingDate": "2000-03-09", "acceptedDate": "2000-03-09 00:00:00", "calendarYear": "1999", "period": "FY", "revenue": 1611300000, "costOfRevenue": 1206900000, "grossProfit": 404400000, "grossProfitRatio": 0.2509774716, "researchAndDevelopmentExpenses": 15800000, "generalAndAdministrativeExpenses": 173400000, "sellingAndMarketingExpenses": 0, "sellingGeneralAndAdministrativeExpenses": 173400000, "otherExpenses": 47400000, "operatingExpenses": 236600000, "costAndExpenses": 1443500000, "interestIncome": 0, "interestExpense": 0, "depreciationAndAmortization": 47400000, "ebitda": 208400000, "ebitdaratio": 0.1293365605, "operatingIncome": 167800000, "operatingIncomeRatio": 0.1041395147, "totalOtherIncomeExpensesNet": 6800000, "incomeBeforeTax": 155500000, "incomeBeforeTaxRatio": 0.0965059269, "incomeTaxExpense": 59700000, "netIncome": 95800000, "netIncomeRatio": 0.0594550984, "eps": 1.59, "epsdiluted": 1.57, "weightedAverageShsOut": 60332000, "weightedAverageShsOutDil": 61270000, "link": "https://www.sec.gov/Archives/edgar/data/790051/000091205700010691/0000912057-00-010691-index.html", "finalLink": "https://www.sec.gov/Archives/edgar/data/790051/000091205700010691/", "calculatedOtherExpenses": 47400000, "calculatedOperatingExpenses": 236600000, "calculatedNetInterest": 0, "calculatedOtherIncome": -12300000, "calculatedIncomeNonControlling": 0, "calculatedEbitda": 215200000}, {"date": "1998-12-31", "symbol": "CSL", "reportedCurrency": "USD", "cik": "0000790051", "fillingDate": "1999-03-09", "acceptedDate": "1999-03-09 00:00:00", "calendarYear": "1998", "period": "FY", "revenue": 1517500000, "costOfRevenue": 1144200000, "grossProfit": 373300000, "grossProfitRatio": 0.2459967051, "researchAndDevelopmentExpenses": 16200000, "generalAndAdministrativeExpenses": 160400000, "sellingAndMarketingExpenses": 0, "sellingGeneralAndAdministrativeExpenses": 160400000, "otherExpenses": 45200000, "operatingExpenses": 221800000, "costAndExpenses": 1366000000, "interestIncome": 0, "interestExpense": 0, "depreciationAndAmortization": 45200000, "ebitda": 185300000, "ebitdaratio": 0.1221087315, "operatingIncome": 151500000, "operatingIncomeRatio": 0.0998352554, "totalOtherIncomeExpensesNet": 11400000, "incomeBeforeTax": 140300000, "incomeBeforeTaxRatio": 0.0924546952, "incomeTaxExpense": 55400000, "netIncome": 84900000, "netIncomeRatio": 0.0559472817, "eps": 1.41, "epsdiluted": 1.39, "weightedAverageShsOut": 60358000, "weightedAverageShsOutDil": 61348000, "link": "https://www.sec.gov/Archives/edgar/data/790051/000100547799001067/0001005477-99-001067-index.html", "finalLink": "https://www.sec.gov/Archives/edgar/data/790051/", "calculatedOtherExpenses": 45200000, "calculatedOperatingExpenses": 221800000, "calculatedNetInterest": 0, "calculatedOtherIncome": -11200000, "calculatedIncomeNonControlling": 0, "calculatedEbitda": 196700000}, {"date": "1997-12-31", "symbol": "CSL", "reportedCurrency": "USD", "cik": "0000790051", "fillingDate": "1998-03-09", "acceptedDate": "1998-03-09 00:00:00", "calendarYear": "1997", "period": "FY", "revenue": 1260600000, "costOfRevenue": 935300000, "grossProfit": 325300000, "grossProfitRatio": 0.2580517214, "researchAndDevelopmentExpenses": 15800000, "generalAndAdministrativeExpenses": 143200000, "sellingAndMarketingExpenses": 0, "sellingGeneralAndAdministrativeExpenses": 143200000, "otherExpenses": 38800000, "operatingExpenses": 197800000, "costAndExpenses": 1133100000, "interestIncome": 0, "interestExpense": 0, "depreciationAndAmortization": 38800000, "ebitda": 160400000, "ebitdaratio": 0.1272409964, "operatingIncome": 127500000, "operatingIncomeRatio": 0.1011423132, "totalOtherIncomeExpensesNet": 5900000, "incomeBeforeTax": 116800000, "incomeBeforeTaxRatio": 0.0926542916, "incomeTaxExpense": 46100000, "netIncome": 70700000, "netIncomeRatio": 0.0560844043, "eps": 1.17, "epsdiluted": 1.14, "weightedAverageShsOut": 60470000, "weightedAverageShsOutDil": 62050000, "link": "https://www.sec.gov/Archives/edgar/data/790051/000104746998008996/0001047469-98-008996-index.html", "finalLink": "https://www.sec.gov/Archives/edgar/data/790051/", "calculatedOtherExpenses": 38800000, "calculatedOperatingExpenses": 197800000, "calculatedNetInterest": 0, "calculatedOtherIncome": -10700000, "calculatedIncomeNonControlling": 0, "calculatedEbitda": 166300000}, {"date": "1996-12-31", "symbol": "CSL", "reportedCurrency": "USD", "cik": "0000790051", "fillingDate": "1997-03-06", "acceptedDate": "1997-03-06 00:00:00", "calendarYear": "1996", "period": "FY", "revenue": 1017500000, "costOfRevenue": 750000000, "grossProfit": 267500000, "grossProfitRatio": 0.2628992629, "researchAndDevelopmentExpenses": 0, "generalAndAdministrativeExpenses": 140600000, "sellingAndMarketingExpenses": 0, "sellingGeneralAndAdministrativeExpenses": 140600000, "otherExpenses": 29800000, "operatingExpenses": 170400000, "costAndExpenses": 920400000, "interestIncome": 0, "interestExpense": 0, "depreciationAndAmortization": 29800000, "ebitda": 122900000, "ebitdaratio": 0.1207862408, "operatingIncome": 97100000, "operatingIncomeRatio": 0.0954299754, "totalOtherIncomeExpensesNet": 4000000, "incomeBeforeTax": 92100000, "incomeBeforeTaxRatio": 0.0905159705, "incomeTaxExpense": 36400000, "netIncome": 55700000, "netIncomeRatio": 0.0547420147, "eps": 0.9, "epsdiluted": 0.9, "weightedAverageShsOut": 61906000, "weightedAverageShsOutDil": 61906000, "link": "https://www.sec.gov/Archives/edgar/data/790051/000091205797007945/0000912057-97-007945-index.html", "finalLink": "https://www.sec.gov/Archives/edgar/data/790051/", "calculatedOtherExpenses": 29800000, "calculatedOperatingExpenses": 170400000, "calculatedNetInterest": 0, "calculatedOtherIncome": -5000000, "calculatedIncomeNonControlling": 0, "calculatedEbitda": 126900000}, {"date": "1995-12-31", "symbol": "CSL", "reportedCurrency": "USD", "cik": "0000790051", "fillingDate": "1996-03-14", "acceptedDate": "1996-03-14 00:00:00", "calendarYear": "1995", "period": "FY", "revenue": 822500000, "costOfRevenue": 601700000, "grossProfit": 220800000, "grossProfitRatio": 0.268449848, "researchAndDevelopmentExpenses": 0, "generalAndAdministrativeExpenses": 121600000, "sellingAndMarketingExpenses": 0, "sellingGeneralAndAdministrativeExpenses": 121600000, "otherExpenses": 23200000, "operatingExpenses": 144800000, "costAndExpenses": 746500000, "interestIncome": 0, "interestExpense": 0, "depreciationAndAmortization": 23200000, "ebitda": 96400000, "ebitdaratio": 0.1172036474, "operatingIncome": 76000000, "operatingIncomeRatio": 0.0924012158, "totalOtherIncomeExpensesNet": 2800000, "incomeBeforeTax": 72900000, "incomeBeforeTaxRatio": 0.0886322188, "incomeTaxExpense": 28800000, "netIncome": 44100000, "netIncomeRatio": 0.0536170213, "eps": 0.71, "epsdiluted": 0.71, "weightedAverageShsOut": 62532000, "weightedAverageShsOutDil": 62616822, "link": "https://www.sec.gov/Archives/edgar/data/790051/000091205796004521/0000912057-96-004521-index.html", "finalLink": "https://www.sec.gov/Archives/edgar/data/790051/", "calculatedOtherExpenses": 23200000, "calculatedOperatingExpenses": 144800000, "calculatedNetInterest": 0, "calculatedOtherIncome": -3100000, "calculatedIncomeNonControlling": 0, "calculatedEbitda": 99200000}, {"date": "1994-12-31", "symbol": "CSL", "reportedCurrency": "USD", "cik": "0000790051", "fillingDate": "1995-03-22", "acceptedDate": "1995-03-22 00:00:00", "calendarYear": "1994", "period": "FY", "revenue": 692700000, "costOfRevenue": 494400000, "grossProfit": 198300000, "grossProfitRatio": 0.286271113, "researchAndDevelopmentExpenses": 0, "generalAndAdministrativeExpenses": 114900000, "sellingAndMarketingExpenses": 0, "sellingGeneralAndAdministrativeExpenses": 114900000, "otherExpenses": 21900000, "operatingExpenses": 136800000, "costAndExpenses": 631200000, "interestIncome": 0, "interestExpense": 0, "depreciationAndAmortization": 21900000, "ebitda": 81400000, "ebitdaratio": 0.1175111881, "operatingIncome": 61500000, "operatingIncomeRatio": 0.088783023, "totalOtherIncomeExpensesNet": 2000000, "incomeBeforeTax": 58800000, "incomeBeforeTaxRatio": 0.0848852317, "incomeTaxExpense": 23200000, "netIncome": 35600000, "netIncomeRatio": 0.0513930995, "eps": 0.57, "epsdiluted": 0.57, "weightedAverageShsOut": 61920000, "weightedAverageShsOutDil": 61920000, "link": "https://www.sec.gov/Archives/edgar/data/790051/000091205795001590/0000912057-95-001590-index.html", "finalLink": "https://www.sec.gov/Archives/edgar/data/790051/", "calculatedOtherExpenses": 21900000, "calculatedOperatingExpenses": 136800000, "calculatedNetInterest": 0, "calculatedOtherIncome": -2700000, "calculatedIncomeNonControlling": 0, "calculatedEbitda": 83400000}, {"date": "1993-12-31", "symbol": "CSL", "reportedCurrency": "USD", "cik": "0000790051", "fillingDate": "1994-03-31", "acceptedDate": "1994-03-31 00:00:00", "calendarYear": "1993", "period": "FY", "revenue": 611300000, "costOfRevenue": 432100000, "grossProfit": 179200000, "grossProfitRatio": 0.2931457549, "researchAndDevelopmentExpenses": 0, "generalAndAdministrativeExpenses": 109600000, "sellingAndMarketingExpenses": 0, "sellingGeneralAndAdministrativeExpenses": 109600000, "otherExpenses": 20700000, "operatingExpenses": 130300000, "costAndExpenses": 562400000, "interestIncome": 0, "interestExpense": 0, "depreciationAndAmortization": 20700000, "ebitda": 67200000, "ebitdaratio": 0.1099296581, "operatingIncome": 48900000, "operatingIncomeRatio": 0.0799934566, "totalOtherIncomeExpensesNet": 2400000, "incomeBeforeTax": 46900000, "incomeBeforeTaxRatio": 0.0767217406, "incomeTaxExpense": 18500000, "netIncome": 28400000, "netIncomeRatio": 0.0464583674, "eps": 0.47, "epsdiluted": 0.46, "weightedAverageShsOut": 61075269, "weightedAverageShsOutDil": 61739130, "link": "https://www.sec.gov/Archives/edgar/data/790051/000091205794001187/0000912057-94-001187-index.html", "finalLink": "https://www.sec.gov/Archives/edgar/data/790051/", "calculatedOtherExpenses": 20700000, "calculatedOperatingExpenses": 130300000, "calculatedNetInterest": 0, "calculatedOtherIncome": -2000000, "calculatedIncomeNonControlling": 0, "calculatedEbitda": 69600000}, {"date": "1992-12-31", "symbol": "CSL", "reportedCurrency": "USD", "cik": "0000790051", "fillingDate": "1992-12-31", "acceptedDate": "1992-12-30 19:00:00", "calendarYear": "1992", "period": "FY", "revenue": 528100000, "costOfRevenue": 370400000, "grossProfit": 157700000, "grossProfitRatio": 0.298617686, "researchAndDevelopmentExpenses": 0, "generalAndAdministrativeExpenses": 97600000, "sellingAndMarketingExpenses": 0, "sellingGeneralAndAdministrativeExpenses": 97600000, "otherExpenses": 18800000, "operatingExpenses": 116400000, "costAndExpenses": 486800000, "interestIncome": 0, "interestExpense": 0, "depreciationAndAmortization": 18800000, "ebitda": 56500000, "ebitdaratio": 0.106987313, "operatingIncome": 41300000, "operatingIncomeRatio": 0.0782048854, "totalOtherIncomeExpensesNet": 3600000, "incomeBeforeTax": 39700000, "incomeBeforeTaxRatio": 0.0751751562, "incomeTaxExpense": 15500000, "netIncome": 24700000, "netIncomeRatio": 0.0467714448, "eps": 0.41, "epsdiluted": 0.41, "weightedAverageShsOut": 60987654, "weightedAverageShsOutDil": 60987654, "link": "", "finalLink": "", "calculatedOtherExpenses": 18800000, "calculatedOperatingExpenses": 116400000, "calculatedNetInterest": 0, "calculatedOtherIncome": -1600000, "calculatedIncomeNonControlling": -500000, "calculatedEbitda": 60100000}, {"date": "1991-12-31", "symbol": "CSL", "reportedCurrency": "USD", "cik": "0000790051", "fillingDate": "1991-12-31", "acceptedDate": "1991-12-30 19:00:00", "calendarYear": "1991", "period": "FY", "revenue": 500800000, "costOfRevenue": 351300000, "grossProfit": 149500000, "grossProfitRatio": 0.2985223642, "researchAndDevelopmentExpenses": 0, "generalAndAdministrativeExpenses": 115400000, "sellingAndMarketingExpenses": 0, "sellingGeneralAndAdministrativeExpenses": 115400000, "otherExpenses": 19400000, "operatingExpenses": 134800000, "costAndExpenses": 486100000, "interestIncome": 0, "interestExpense": 0, "depreciationAndAmortization": 19400000, "ebitda": 33800000, "ebitdaratio": 0.0674920128, "operatingIncome": 14700000, "operatingIncomeRatio": 0.0293530351, "totalOtherIncomeExpensesNet": 300000, "incomeBeforeTax": 10600000, "incomeBeforeTaxRatio": 0.0211661342, "incomeTaxExpense": 4000000, "netIncome": -8400000, "netIncomeRatio": -0.0167731629, "eps": -0.14, "epsdiluted": -0.14, "weightedAverageShsOut": 62222222, "weightedAverageShsOutDil": 62222222, "link": "", "finalLink": "", "calculatedOtherExpenses": 19400000, "calculatedOperatingExpenses": 134800000, "calculatedNetInterest": 0, "calculatedOtherIncome": -4100000, "calculatedIncomeNonControlling": 15000000, "calculatedEbitda": 34100000}, {"date": "1990-12-31", "symbol": "CSL", "reportedCurrency": "USD", "cik": "0000790051", "fillingDate": "1990-12-31", "acceptedDate": "1990-12-30 19:00:00", "calendarYear": "1990", "period": "FY", "revenue": 621100000, "costOfRevenue": 429500000, "grossProfit": 191600000, "grossProfitRatio": 0.3084849461, "researchAndDevelopmentExpenses": 0, "generalAndAdministrativeExpenses": 131000000, "sellingAndMarketingExpenses": 0, "sellingGeneralAndAdministrativeExpenses": 131000000, "otherExpenses": 23000000, "operatingExpenses": 154000000, "costAndExpenses": 583500000, "interestIncome": 0, "interestExpense": 0, "depreciationAndAmortization": 23000000, "ebitda": 58100000, "ebitdaratio": 0.0935437128, "operatingIncome": 37600000, "operatingIncomeRatio": 0.0605377556, "totalOtherIncomeExpensesNet": 2500000, "incomeBeforeTax": 36600000, "incomeBeforeTaxRatio": 0.0589277089, "incomeTaxExpense": 13900000, "netIncome": 22700000, "netIncomeRatio": 0.0365480599, "eps": 0.36, "epsdiluted": 0.36, "weightedAverageShsOut": 63055556, "weightedAverageShsOutDil": 63055556, "link": "", "finalLink": "", "calculatedOtherExpenses": 23000000, "calculatedOperatingExpenses": 154000000, "calculatedNetInterest": 0, "calculatedOtherIncome": -1000000, "calculatedIncomeNonControlling": 0, "calculatedEbitda": 60600000}, {"date": "1989-12-31", "symbol": "CSL", "reportedCurrency": "USD", "cik": "0000790051", "fillingDate": "1989-12-31", "acceptedDate": "1989-12-30 19:00:00", "calendarYear": "1989", "period": "FY", "revenue": 553700000, "costOfRevenue": 376500000, "grossProfit": 177200000, "grossProfitRatio": 0.3200288965, "researchAndDevelopmentExpenses": 0, "generalAndAdministrativeExpenses": 124500000, "sellingAndMarketingExpenses": 0, "sellingGeneralAndAdministrativeExpenses": 124500000, "otherExpenses": 21700000, "operatingExpenses": 146200000, "costAndExpenses": 522700000, "interestIncome": 0, "interestExpense": 0, "depreciationAndAmortization": 21700000, "ebitda": 37800000, "ebitdaratio": 0.0682680152, "operatingIncome": 31000000, "operatingIncomeRatio": 0.0559869966, "totalOtherIncomeExpensesNet": 14900000, "incomeBeforeTax": 43500000, "incomeBeforeTaxRatio": 0.0785623984, "incomeTaxExpense": 16500000, "netIncome": 27000000, "netIncomeRatio": 0.048762868, "eps": 0.42, "epsdiluted": 0.42, "weightedAverageShsOut": 64285714, "weightedAverageShsOutDil": 64285714, "link": "", "finalLink": "", "calculatedOtherExpenses": 21700000, "calculatedOperatingExpenses": 146200000, "calculatedNetInterest": 0, "calculatedOtherIncome": 12500000, "calculatedIncomeNonControlling": 0, "calculatedEbitda": 52700000}, {"date": "1988-12-31", "symbol": "CSL", "reportedCurrency": "USD", "cik": "0000790051", "fillingDate": "1988-12-31", "acceptedDate": "1988-12-30 19:00:00", "calendarYear": "1988", "period": "FY", "revenue": 567400000, "costOfRevenue": 386200000, "grossProfit": 181200000, "grossProfitRatio": 0.3193514276, "researchAndDevelopmentExpenses": 0, "generalAndAdministrativeExpenses": 119500000, "sellingAndMarketingExpenses": 0, "sellingGeneralAndAdministrativeExpenses": 119500000, "otherExpenses": 24400000, "operatingExpenses": 143900000, "costAndExpenses": 530100000, "interestIncome": 0, "interestExpense": 0, "depreciationAndAmortization": 24400000, "ebitda": 66800000, "ebitdaratio": 0.1177299965, "operatingIncome": 37300000, "operatingIncomeRatio": 0.0657384561, "totalOtherIncomeExpensesNet": -5100000, "incomeBeforeTax": 28600000, "incomeBeforeTaxRatio": 0.0504053578, "incomeTaxExpense": 11200000, "netIncome": 17400000, "netIncomeRatio": 0.0306661967, "eps": 0.27, "epsdiluted": 0.27, "weightedAverageShsOut": 64444444, "weightedAverageShsOutDil": 64444444, "link": "", "finalLink": "", "calculatedOtherExpenses": 24400000, "calculatedOperatingExpenses": 143900000, "calculatedNetInterest": 0, "calculatedOtherIncome": -8700000, "calculatedIncomeNonControlling": 0, "calculatedEbitda": 61700000}, {"date": "1987-12-31", "symbol": "CSL", "reportedCurrency": "USD", "cik": "0000790051", "fillingDate": "1987-12-31", "acceptedDate": "1987-12-30 19:00:00", "calendarYear": "1987", "period": "FY", "revenue": 542800000, "costOfRevenue": 375100000, "grossProfit": 167700000, "grossProfitRatio": 0.3089535741, "researchAndDevelopmentExpenses": 0, "generalAndAdministrativeExpenses": 108100000, "sellingAndMarketingExpenses": 0, "sellingGeneralAndAdministrativeExpenses": 108100000, "otherExpenses": 25500000, "operatingExpenses": 133600000, "costAndExpenses": 508700000, "interestIncome": 0, "interestExpense": 0, "depreciationAndAmortization": 25500000, "ebitda": 57500000, "ebitdaratio": 0.1059322034, "operatingIncome": 34100000, "operatingIncomeRatio": 0.0628224024, "totalOtherIncomeExpensesNet": 2100000, "incomeBeforeTax": 31900000, "incomeBeforeTaxRatio": 0.0587693441, "incomeTaxExpense": 13100000, "netIncome": 18800000, "netIncomeRatio": 0.0346352248, "eps": 0.28, "epsdiluted": 0.28, "weightedAverageShsOut": 65964912, "weightedAverageShsOutDil": 65964912, "link": "", "finalLink": "", "calculatedOtherExpenses": 25500000, "calculatedOperatingExpenses": 133600000, "calculatedNetInterest": 0, "calculatedOtherIncome": -2200000, "calculatedIncomeNonControlling": 0, "calculatedEbitda": 59600000}, {"date": "1986-12-31", "symbol": "CSL", "reportedCurrency": "USD", "cik": "0000790051", "fillingDate": "1986-12-31", "acceptedDate": "1986-12-30 19:00:00", "calendarYear": "1986", "period": "FY", "revenue": 466100000, "costOfRevenue": 324100000, "grossProfit": 142000000, "grossProfitRatio": 0.3046556533, "researchAndDevelopmentExpenses": 0, "generalAndAdministrativeExpenses": 85700000, "sellingAndMarketingExpenses": 0, "sellingGeneralAndAdministrativeExpenses": 85700000, "otherExpenses": 21000000, "operatingExpenses": 106700000, "costAndExpenses": 430800000, "interestIncome": 0, "interestExpense": 0, "depreciationAndAmortization": 21000000, "ebitda": 52700000, "ebitdaratio": 0.1130658657, "operatingIncome": 35300000, "operatingIncomeRatio": 0.0757348209, "totalOtherIncomeExpensesNet": 3600000, "incomeBeforeTax": 34700000, "incomeBeforeTaxRatio": 0.0744475434, "incomeTaxExpense": 15000000, "netIncome": 19700000, "netIncomeRatio": 0.0422656082, "eps": 0.27, "epsdiluted": 0.27, "weightedAverageShsOut": 72962963, "weightedAverageShsOutDil": 72962963, "link": "", "finalLink": "", "calculatedOtherExpenses": 21000000, "calculatedOperatingExpenses": 106700000, "calculatedNetInterest": 0, "calculatedOtherIncome": -600000, "calculatedIncomeNonControlling": 0, "calculatedEbitda": 56300000}, {"date": "1985-12-31", "symbol": "CSL", "reportedCurrency": "USD", "cik": "0000790051", "fillingDate": "1985-12-31", "acceptedDate": "1985-12-30 19:00:00", "calendarYear": "1985", "period": "FY", "revenue": 481900000, "costOfRevenue": 333200000, "grossProfit": 148700000, "grossProfitRatio": 0.3085702428, "researchAndDevelopmentExpenses": 0, "generalAndAdministrativeExpenses": 73700000, "sellingAndMarketingExpenses": 0, "sellingGeneralAndAdministrativeExpenses": 73700000, "otherExpenses": 20800000, "operatingExpenses": 94500000, "costAndExpenses": 427700000, "interestIncome": 0, "interestExpense": 0, "depreciationAndAmortization": 20800000, "ebitda": 77300000, "ebitdaratio": 0.1604067234, "operatingIncome": 54200000, "operatingIncomeRatio": 0.1124714671, "totalOtherIncomeExpensesNet": -2300000, "incomeBeforeTax": 46800000, "incomeBeforeTaxRatio": 0.0971155841, "incomeTaxExpense": 22700000, "netIncome": 24100000, "netIncomeRatio": 0.0500103756, "eps": 0.33, "epsdiluted": 0.33, "weightedAverageShsOut": 73030303, "weightedAverageShsOutDil": 73030303, "link": "", "finalLink": "", "calculatedOtherExpenses": 20800000, "calculatedOperatingExpenses": 94500000, "calculatedNetInterest": 0, "calculatedOtherIncome": -7400000, "calculatedIncomeNonControlling": 0, "calculatedEbitda": 75000000}]}