{"originalCurrency": "USD", "convertedCurrency": "USD", "report": [{"date": "2023-03-31", "symbol": "CSWI", "reportedCurrency": "USD", "cik": "0001624794", "fillingDate": "2023-05-25", "acceptedDate": "2023-05-25 06:37:03", "calendarYear": "2023", "period": "FY", "revenue": 757904000, "costOfRevenue": 439690000, "grossProfit": 318214000, "grossProfitRatio": 0.4198605628, "researchAndDevelopmentExpenses": 4800000, "generalAndAdministrativeExpenses": 0, "sellingAndMarketingExpenses": 0, "sellingGeneralAndAdministrativeExpenses": 179148000, "otherExpenses": 42000, "operatingExpenses": 179148000, "costAndExpenses": 618838000, "interestIncome": 13197000, "interestExpense": 13197000, "depreciationAndAmortization": 35554000, "ebitda": 174620000, "ebitdaratio": 0.2303985729, "operatingIncome": 139066000, "operatingIncomeRatio": 0.1834876185, "totalOtherIncomeExpensesNet": -13155000, "incomeBeforeTax": 125911000, "incomeBeforeTaxRatio": 0.166130539, "incomeTaxExpense": 29337000, "netIncome": 96435000, "netIncomeRatio": 0.1272390699, "eps": 6.22, "epsdiluted": 6.2, "weightedAverageShsOut": 15509000, "weightedAverageShsOutDil": 15546000, "link": "https://www.sec.gov/Archives/edgar/data/1624794/000162479423000039/0001624794-23-000039-index.htm", "finalLink": "https://www.sec.gov/Archives/edgar/data/1624794/000162479423000039/cswi-20230331.htm", "calculatedOtherExpenses": -4800000, "calculatedOperatingExpenses": 179148000, "calculatedNetInterest": 0, "calculatedOtherIncome": -13155000, "calculatedIncomeNonControlling": 139000, "calculatedEbitda": 174620000}, {"date": "2022-03-31", "symbol": "CSWI", "reportedCurrency": "USD", "cik": "0001624794", "fillingDate": "2022-05-18", "acceptedDate": "2022-05-18 06:24:21", "calendarYear": "2022", "period": "FY", "revenue": 626435000, "costOfRevenue": 370473000, "grossProfit": 255962000, "grossProfitRatio": 0.408601052, "researchAndDevelopmentExpenses": 4800000, "generalAndAdministrativeExpenses": 0, "sellingAndMarketingExpenses": 0, "sellingGeneralAndAdministrativeExpenses": 158582000, "otherExpenses": -466000, "operatingExpenses": 158582000, "costAndExpenses": 529055000, "interestIncome": 5449000, "interestExpense": 5449000, "depreciationAndAmortization": 36420000, "ebitda": 133800000, "ebitdaratio": 0.2135895983, "operatingIncome": 97380000, "operatingIncomeRatio": 0.1554510843, "totalOtherIncomeExpensesNet": -5915000, "incomeBeforeTax": 91465000, "incomeBeforeTaxRatio": 0.1460087639, "incomeTaxExpense": 24146000, "netIncome": 66385000, "netIncomeRatio": 0.1059726867, "eps": 4.21, "epsdiluted": 4.2, "weightedAverageShsOut": 15755000, "weightedAverageShsOutDil": 15807000, "link": "https://www.sec.gov/Archives/edgar/data/1624794/000162479422000040/0001624794-22-000040-index.htm", "finalLink": "https://www.sec.gov/Archives/edgar/data/1624794/000162479422000040/cswi-20220331.htm", "calculatedOtherExpenses": -4800000, "calculatedOperatingExpenses": 158582000, "calculatedNetInterest": 0, "calculatedOtherIncome": -5915000, "calculatedIncomeNonControlling": 934000, "calculatedEbitda": 133800000}, {"date": "2021-03-31", "symbol": "CSWI", "reportedCurrency": "USD", "cik": "0001624794", "fillingDate": "2021-05-20", "acceptedDate": "2021-05-20 06:51:24", "calendarYear": "2021", "period": "FY", "revenue": 419205000, "costOfRevenue": 234405000, "grossProfit": 184800000, "grossProfitRatio": 0.4408344366, "researchAndDevelopmentExpenses": 4500000, "generalAndAdministrativeExpenses": 0, "sellingAndMarketingExpenses": 0, "sellingGeneralAndAdministrativeExpenses": 125330000, "otherExpenses": -5969000, "operatingExpenses": 125330000, "costAndExpenses": 359735000, "interestIncome": 2383000, "interestExpense": 2383000, "depreciationAndAmortization": 17068000, "ebitda": 76538000, "ebitdaratio": 0.1825789292, "operatingIncome": 59470000, "operatingIncomeRatio": 0.1418637659, "totalOtherIncomeExpensesNet": -8352000, "incomeBeforeTax": 51118000, "incomeBeforeTaxRatio": 0.1219403395, "incomeTaxExpense": 10830000, "netIncome": 40099000, "netIncomeRatio": 0.0956548705, "eps": 2.67, "epsdiluted": 2.65, "weightedAverageShsOut": 15015000, "weightedAverageShsOutDil": 15126000, "link": "https://www.sec.gov/Archives/edgar/data/1624794/000162479421000031/0001624794-21-000031-index.htm", "finalLink": "https://www.sec.gov/Archives/edgar/data/1624794/000162479421000031/cswi-20210331.htm", "calculatedOtherExpenses": -4500000, "calculatedOperatingExpenses": 125330000, "calculatedNetInterest": 0, "calculatedOtherIncome": -8352000, "calculatedIncomeNonControlling": 189000, "calculatedEbitda": 76538000}, {"date": "2020-03-31", "symbol": "CSWI", "reportedCurrency": "USD", "cik": "0001624794", "fillingDate": "2020-05-20", "acceptedDate": "2020-05-20 06:58:00", "calendarYear": "2020", "period": "FY", "revenue": 385871000, "costOfRevenue": 208821000, "grossProfit": 177050000, "grossProfitRatio": 0.4588320967, "researchAndDevelopmentExpenses": 4300000, "generalAndAdministrativeExpenses": 0, "sellingAndMarketingExpenses": 0, "sellingGeneralAndAdministrativeExpenses": 110032000, "otherExpenses": -7135000, "operatingExpenses": 110032000, "costAndExpenses": 318853000, "interestIncome": 1331000, "interestExpense": 1331000, "depreciationAndAmortization": 8661000, "ebitda": 74728000, "ebitdaratio": 0.1936605757, "operatingIncome": 66067000, "operatingIncomeRatio": 0.1712152507, "totalOtherIncomeExpensesNet": -8466000, "incomeBeforeTax": 57601000, "incomeBeforeTaxRatio": 0.1492752759, "incomeTaxExpense": 12784000, "netIncome": 45717000, "netIncomeRatio": 0.1184774186, "eps": 3.05, "epsdiluted": 3.02, "weightedAverageShsOut": 15039000, "weightedAverageShsOutDil": 15206000, "link": "https://www.sec.gov/Archives/edgar/data/1624794/000162479420000051/0001624794-20-000051-index.htm", "finalLink": "https://www.sec.gov/Archives/edgar/data/1624794/000162479420000051/cswi-20200331.htm", "calculatedOtherExpenses": -3349000, "calculatedOperatingExpenses": 110983000, "calculatedNetInterest": 0, "calculatedOtherIncome": -8466000, "calculatedIncomeNonControlling": -900000, "calculatedEbitda": 74728000}, {"date": "2019-03-31", "symbol": "CSWI", "reportedCurrency": "USD", "cik": "0001624794", "fillingDate": "2019-05-22", "acceptedDate": "2019-05-22 07:04:10", "calendarYear": "2019", "period": "FY", "revenue": 350155000, "costOfRevenue": 188785000, "grossProfit": 161370000, "grossProfitRatio": 0.4608530508, "researchAndDevelopmentExpenses": 4300000, "generalAndAdministrativeExpenses": 100930000, "sellingAndMarketingExpenses": 0, "sellingGeneralAndAdministrativeExpenses": 100930000, "otherExpenses": 2443000, "operatingExpenses": 100930000, "costAndExpenses": 289715000, "interestIncome": 1442000, "interestExpense": 1442000, "depreciationAndAmortization": 13836000, "ebitda": 76719000, "ebitdaratio": 0.2191001128, "operatingIncome": 60440000, "operatingIncomeRatio": 0.172609273, "totalOtherIncomeExpensesNet": 2443000, "incomeBeforeTax": 61441000, "incomeBeforeTaxRatio": 0.175468007, "incomeTaxExpense": 15389000, "netIncome": 45574000, "netIncomeRatio": 0.130153789, "eps": 2.96, "epsdiluted": 2.93, "weightedAverageShsOut": 15414000, "weightedAverageShsOutDil": 15532000, "link": "https://www.sec.gov/Archives/edgar/data/1624794/000162479419000021/0001624794-19-000021-index.htm", "finalLink": "https://www.sec.gov/Archives/edgar/data/1624794/000162479419000021/wfx-20190331.htm", "calculatedOtherExpenses": -4300000, "calculatedOperatingExpenses": 100930000, "calculatedNetInterest": 0, "calculatedOtherIncome": 1001000, "calculatedIncomeNonControlling": 478000, "calculatedEbitda": 74276000}, {"date": "2018-03-31", "symbol": "CSWI", "reportedCurrency": "USD", "cik": "0001624794", "fillingDate": "2018-05-30", "acceptedDate": "2018-05-30 07:09:00", "calendarYear": "2018", "period": "FY", "revenue": 326222000, "costOfRevenue": 178306000, "grossProfit": 147916000, "grossProfitRatio": 0.4534212898, "researchAndDevelopmentExpenses": 4600000, "generalAndAdministrativeExpenses": 97202000, "sellingAndMarketingExpenses": 0, "sellingGeneralAndAdministrativeExpenses": 97202000, "otherExpenses": -150000, "operatingExpenses": 97202000, "costAndExpenses": 275508000, "interestIncome": 0, "interestExpense": 2317000, "depreciationAndAmortization": 14933000, "ebitda": 65497000, "ebitdaratio": 0.2007743193, "operatingIncome": 50714000, "operatingIncomeRatio": 0.1554585528, "totalOtherIncomeExpensesNet": -150000, "incomeBeforeTax": 48247000, "incomeBeforeTaxRatio": 0.1478962179, "incomeTaxExpense": 15565000, "netIncome": -11882000, "netIncomeRatio": -0.0364230493, "eps": -0.76, "epsdiluted": -0.76, "weightedAverageShsOut": 15671000, "weightedAverageShsOutDil": 15671000, "link": "https://www.sec.gov/Archives/edgar/data/1624794/000162479418000009/0001624794-18-000009-index.htm", "finalLink": "https://www.sec.gov/Archives/edgar/data/1624794/000162479418000009/fy18201810-kdocument.htm", "calculatedOtherExpenses": -4600000, "calculatedOperatingExpenses": 97202000, "calculatedNetInterest": -2317000, "calculatedOtherIncome": -150000, "calculatedIncomeNonControlling": 44564000, "calculatedEbitda": 65647000}, {"date": "2017-03-31", "symbol": "CSWI", "reportedCurrency": "USD", "cik": "0001624794", "fillingDate": "2017-06-14", "acceptedDate": "2017-06-14 07:08:15", "calendarYear": "2017", "period": "FY", "revenue": 327084000, "costOfRevenue": 193247000, "grossProfit": 133837000, "grossProfitRatio": 0.4091823507, "researchAndDevelopmentExpenses": 4800000, "generalAndAdministrativeExpenses": 107241000, "sellingAndMarketingExpenses": 0, "sellingGeneralAndAdministrativeExpenses": 107241000, "otherExpenses": 1758000, "operatingExpenses": 107241000, "costAndExpenses": 300488000, "interestIncome": 0, "interestExpense": 2695000, "depreciationAndAmortization": 15796000, "ebitda": 44150000, "ebitdaratio": 0.1349806166, "operatingIncome": 22481000, "operatingIncomeRatio": 0.0687315797, "totalOtherIncomeExpensesNet": -2357000, "incomeBeforeTax": 21544000, "incomeBeforeTaxRatio": 0.0658668721, "incomeTaxExpense": 10473000, "netIncome": 11071000, "netIncomeRatio": 0.0338475743, "eps": 0.7, "epsdiluted": 0.7, "weightedAverageShsOut": 15773000, "weightedAverageShsOutDil": 15839000, "link": "https://www.sec.gov/Archives/edgar/data/1624794/000162479417000014/0001624794-17-000014-index.htm", "finalLink": "https://www.sec.gov/Archives/edgar/data/1624794/000162479417000014/q4201710-kdocument.htm", "calculatedOtherExpenses": -685000, "calculatedOperatingExpenses": 111356000, "calculatedNetInterest": -2695000, "calculatedOtherIncome": 1758000, "calculatedIncomeNonControlling": 0, "calculatedEbitda": 38277000}, {"date": "2016-03-31", "symbol": "CSWI", "reportedCurrency": "USD", "cik": "0001624794", "fillingDate": "2016-06-08", "acceptedDate": "2016-06-08 16:08:04", "calendarYear": "2016", "period": "FY", "revenue": 319831000, "costOfRevenue": 171967000, "grossProfit": 147864000, "grossProfitRatio": 0.4623191623, "researchAndDevelopmentExpenses": 4500000, "generalAndAdministrativeExpenses": 100378000, "sellingAndMarketingExpenses": 0, "sellingGeneralAndAdministrativeExpenses": 100378000, "otherExpenses": -226000, "operatingExpenses": 100378000, "costAndExpenses": 272345000, "interestIncome": 0, "interestExpense": 3035000, "depreciationAndAmortization": 14161000, "ebitda": 61421000, "ebitdaratio": 0.1920420472, "operatingIncome": 47486000, "operatingIncomeRatio": 0.1484721619, "totalOtherIncomeExpensesNet": -226000, "incomeBeforeTax": 44225000, "incomeBeforeTaxRatio": 0.1382761521, "incomeTaxExpense": 18754000, "netIncome": 25471000, "netIncomeRatio": 0.0796389343, "eps": 1.63, "epsdiluted": 1.62, "weightedAverageShsOut": 15625000, "weightedAverageShsOutDil": 15675000, "link": "https://www.sec.gov/Archives/edgar/data/1624794/000119312516616636/0001193125-16-616636-index.htm", "finalLink": "https://www.sec.gov/Archives/edgar/data/1624794/000119312516616636/d179685d10k.htm", "calculatedOtherExpenses": -4500000, "calculatedOperatingExpenses": 100378000, "calculatedNetInterest": -3035000, "calculatedOtherIncome": -226000, "calculatedIncomeNonControlling": 0, "calculatedEbitda": 61647000}, {"date": "2015-03-31", "symbol": "CSWI", "reportedCurrency": "USD", "cik": "0001624794", "fillingDate": "2015-03-31", "acceptedDate": "2015-03-30 20:00:00", "calendarYear": "2015", "period": "FY", "revenue": 261834000, "costOfRevenue": 135409000, "grossProfit": 126425000, "grossProfitRatio": 0.4828440921, "researchAndDevelopmentExpenses": 5688000, "generalAndAdministrativeExpenses": 35508000, "sellingAndMarketingExpenses": 40485000, "sellingGeneralAndAdministrativeExpenses": 75993000, "otherExpenses": 1505000, "operatingExpenses": 81681000, "costAndExpenses": 217090000, "interestIncome": 404000, "interestExpense": 1015000, "depreciationAndAmortization": 10515000, "ebitda": 57168000, "ebitdaratio": 0.2183368088, "operatingIncome": 44034000, "operatingIncomeRatio": 0.1681752561, "totalOtherIncomeExpensesNet": 795000, "incomeBeforeTax": 44928000, "incomeBeforeTaxRatio": 0.1715896331, "incomeTaxExpense": 15223000, "netIncome": 29705000, "netIncomeRatio": 0.113449743, "eps": 1.91, "epsdiluted": 1.91, "weightedAverageShsOut": 15583000, "weightedAverageShsOutDil": 15583000, "link": "", "finalLink": "", "calculatedOtherExpenses": 710000, "calculatedOperatingExpenses": 82391000, "calculatedNetInterest": -611000, "calculatedOtherIncome": 1505000, "calculatedIncomeNonControlling": 0, "calculatedEbitda": 54549000}, {"date": "2014-03-31", "symbol": "CSWI", "reportedCurrency": "USD", "cik": "0001624794", "fillingDate": "2014-03-31", "acceptedDate": "2014-03-30 20:00:00", "calendarYear": "2014", "period": "FY", "revenue": 231713000, "costOfRevenue": 119627000, "grossProfit": 112086000, "grossProfitRatio": 0.4837277149, "researchAndDevelopmentExpenses": 5500000, "generalAndAdministrativeExpenses": 72864000, "sellingAndMarketingExpenses": 0, "sellingGeneralAndAdministrativeExpenses": 72864000, "otherExpenses": -256000, "operatingExpenses": 72864000, "costAndExpenses": 192491000, "interestIncome": 0, "interestExpense": 131000, "depreciationAndAmortization": 9113000, "ebitda": 48079000, "ebitdaratio": 0.207493753, "operatingIncome": 37913000, "operatingIncomeRatio": 0.1636205133, "totalOtherIncomeExpensesNet": -1565000, "incomeBeforeTax": 37526000, "incomeBeforeTaxRatio": 0.1619503437, "incomeTaxExpense": 12794000, "netIncome": 24732000, "netIncomeRatio": 0.1067354874, "eps": 1.59, "epsdiluted": 1.59, "weightedAverageShsOut": 15583000, "weightedAverageShsOutDil": 15583000, "link": "", "finalLink": "", "calculatedOtherExpenses": -4191000, "calculatedOperatingExpenses": 74173000, "calculatedNetInterest": -131000, "calculatedOtherIncome": -256000, "calculatedIncomeNonControlling": 0, "calculatedEbitda": 47026000}, {"date": "2013-03-31", "symbol": "CSWI", "reportedCurrency": "USD", "cik": "0001624794", "fillingDate": "2013-03-31", "acceptedDate": "2013-03-30 20:00:00", "calendarYear": "2013", "period": "FY", "revenue": 199094000, "costOfRevenue": 104512000, "grossProfit": 94582000, "grossProfitRatio": 0.475062031, "researchAndDevelopmentExpenses": 4322000, "generalAndAdministrativeExpenses": 24699000, "sellingAndMarketingExpenses": 33314000, "sellingGeneralAndAdministrativeExpenses": 58013000, "otherExpenses": 899000, "operatingExpenses": 62335000, "costAndExpenses": 166847000, "interestIncome": 589000, "interestExpense": 515000, "depreciationAndAmortization": 6701000, "ebitda": 40436000, "ebitdaratio": 0.2031000432, "operatingIncome": 32247000, "operatingIncomeRatio": 0.1619687183, "totalOtherIncomeExpensesNet": 899000, "incomeBeforeTax": 33220000, "incomeBeforeTaxRatio": 0.166855857, "incomeTaxExpense": 10707000, "netIncome": 21698000, "netIncomeRatio": 0.1089836961, "eps": 1.39, "epsdiluted": 1.39, "weightedAverageShsOut": 15583000, "weightedAverageShsOutDil": 15583000, "link": "", "finalLink": "", "calculatedOtherExpenses": 0, "calculatedOperatingExpenses": 62335000, "calculatedNetInterest": 74000, "calculatedOtherIncome": 899000, "calculatedIncomeNonControlling": 815000, "calculatedEbitda": 38948000}, {"date": "2012-03-31", "symbol": "CSWI", "reportedCurrency": "USD", "cik": "0001624794", "fillingDate": "2012-03-31", "acceptedDate": "2012-03-30 20:00:00", "calendarYear": "2012", "period": "FY", "revenue": 171000000, "costOfRevenue": 92600000, "grossProfit": 78400000, "grossProfitRatio": 0.4584795322, "researchAndDevelopmentExpenses": 0, "generalAndAdministrativeExpenses": 53700000, "sellingAndMarketingExpenses": 0, "sellingGeneralAndAdministrativeExpenses": 53700000, "otherExpenses": 100000, "operatingExpenses": 53800000, "costAndExpenses": 146400000, "interestIncome": 0, "interestExpense": 0, "depreciationAndAmortization": 0, "ebitda": 24600000, "ebitdaratio": 0.1438596491, "operatingIncome": 24600000, "operatingIncomeRatio": 0.1438596491, "totalOtherIncomeExpensesNet": 0, "incomeBeforeTax": 24600000, "incomeBeforeTaxRatio": 0.1438596491, "incomeTaxExpense": 7800000, "netIncome": 16800000, "netIncomeRatio": 0.098245614, "eps": 1.08, "epsdiluted": 1.08, "weightedAverageShsOut": 15600000, "weightedAverageShsOutDil": 15600000, "link": "", "finalLink": "", "calculatedOtherExpenses": 100000, "calculatedOperatingExpenses": 53800000, "calculatedNetInterest": 0, "calculatedOtherIncome": 0, "calculatedIncomeNonControlling": 0, "calculatedEbitda": 24600000}, {"date": "2011-03-31", "symbol": "CSWI", "reportedCurrency": "USD", "cik": "0001624794", "fillingDate": "2011-03-31", "acceptedDate": "2011-03-30 20:00:00", "calendarYear": "2011", "period": "FY", "revenue": 142800000, "costOfRevenue": 76500000, "grossProfit": 66300000, "grossProfitRatio": 0.4642857143, "researchAndDevelopmentExpenses": 0, "generalAndAdministrativeExpenses": 46600000, "sellingAndMarketingExpenses": 0, "sellingGeneralAndAdministrativeExpenses": 46600000, "otherExpenses": 100000, "operatingExpenses": 46700000, "costAndExpenses": 123200000, "interestIncome": 0, "interestExpense": 0, "depreciationAndAmortization": 700000, "ebitda": 20400000, "ebitdaratio": 0.1428571429, "operatingIncome": 19700000, "operatingIncomeRatio": 0.1379551821, "totalOtherIncomeExpensesNet": 700000, "incomeBeforeTax": 20400000, "incomeBeforeTaxRatio": 0.1428571429, "incomeTaxExpense": 6200000, "netIncome": 14200000, "netIncomeRatio": 0.0994397759, "eps": 0.91, "epsdiluted": 0.91, "weightedAverageShsOut": 15600000, "weightedAverageShsOutDil": 15600000, "link": "", "finalLink": "", "calculatedOtherExpenses": 0, "calculatedOperatingExpenses": 46600000, "calculatedNetInterest": 0, "calculatedOtherIncome": 700000, "calculatedIncomeNonControlling": 0, "calculatedEbitda": 20400000}]}