{"originalCurrency": "USD", "convertedCurrency": "USD", "report": [{"date": "2023-05-31", "symbol": "CTAS", "reportedCurrency": "USD", "cik": "0000723254", "fillingDate": "2023-07-27", "acceptedDate": "2023-07-27 13:14:03", "calendarYear": "2023", "period": "FY", "revenue": 8815769000, "costOfRevenue": 4642401000, "grossProfit": 4173368000, "grossProfitRatio": 0.4733980666, "researchAndDevelopmentExpenses": 24500000, "generalAndAdministrativeExpenses": 0, "sellingAndMarketingExpenses": 0, "sellingGeneralAndAdministrativeExpenses": 2370704000, "otherExpenses": 0, "operatingExpenses": 2370704000, "costAndExpenses": 7013105000, "interestIncome": 1716000, "interestExpense": 111232000, "depreciationAndAmortization": 410878000, "ebitda": 2213542000, "ebitdaratio": 0.2510889294, "operatingIncome": 1802664000, "operatingIncomeRatio": 0.2044817644, "totalOtherIncomeExpensesNet": -109516000, "incomeBeforeTax": 1693148000, "incomeBeforeTaxRatio": 0.1920590251, "incomeTaxExpense": 345138000, "netIncome": 1348010000, "netIncomeRatio": 0.1529089521, "eps": 13.21, "epsdiluted": 12.99, "weightedAverageShsOut": 101645000, "weightedAverageShsOutDil": 103377000, "link": "https://www.sec.gov/Archives/edgar/data/723254/000072325423000025/0000723254-23-000025-index.htm", "finalLink": "https://www.sec.gov/Archives/edgar/data/723254/000072325423000025/ctas-20230531.htm", "calculatedOtherExpenses": -24500000, "calculatedOperatingExpenses": 2370704000, "calculatedNetInterest": -109516000, "calculatedOtherIncome": 0, "calculatedIncomeNonControlling": 0, "calculatedEbitda": 2213542000}, {"date": "2022-05-31", "symbol": "CTAS", "reportedCurrency": "USD", "cik": "0000723254", "fillingDate": "2022-07-27", "acceptedDate": "2022-07-27 14:21:24", "calendarYear": "2022", "period": "FY", "revenue": 7854459000, "costOfRevenue": 4222213000, "grossProfit": 3632246000, "grossProfitRatio": 0.4624438169, "researchAndDevelopmentExpenses": 23500000, "generalAndAdministrativeExpenses": 0, "sellingAndMarketingExpenses": 0, "sellingGeneralAndAdministrativeExpenses": 2044876000, "otherExpenses": 0, "operatingExpenses": 2044876000, "costAndExpenses": 6267089000, "interestIncome": 242000, "interestExpense": 88844000, "depreciationAndAmortization": 399943000, "ebitda": 1987313000, "ebitdaratio": 0.2530171715, "operatingIncome": 1587370000, "operatingIncomeRatio": 0.2020979421, "totalOtherIncomeExpensesNet": -88602000, "incomeBeforeTax": 1498768000, "incomeBeforeTaxRatio": 0.1908174707, "incomeTaxExpense": 263011000, "netIncome": 1235757000, "netIncomeRatio": 0.1573319054, "eps": 11.92, "epsdiluted": 11.65, "weightedAverageShsOut": 103172000, "weightedAverageShsOutDil": 105523000, "link": "https://www.sec.gov/Archives/edgar/data/723254/000072325422000019/0000723254-22-000019-index.htm", "finalLink": "https://www.sec.gov/Archives/edgar/data/723254/000072325422000019/ctas-20220531.htm", "calculatedOtherExpenses": -23500000, "calculatedOperatingExpenses": 2044876000, "calculatedNetInterest": -88602000, "calculatedOtherIncome": 0, "calculatedIncomeNonControlling": 0, "calculatedEbitda": 1987313000}, {"date": "2021-05-31", "symbol": "CTAS", "reportedCurrency": "USD", "cik": "0000723254", "fillingDate": "2021-07-28", "acceptedDate": "2021-07-28 13:24:07", "calendarYear": "2021", "period": "FY", "revenue": 7116340000, "costOfRevenue": 3801689000, "grossProfit": 3314651000, "grossProfitRatio": 0.4657803028, "researchAndDevelopmentExpenses": 22300000, "generalAndAdministrativeExpenses": 0, "sellingAndMarketingExpenses": 0, "sellingGeneralAndAdministrativeExpenses": 1929159000, "otherExpenses": 0, "operatingExpenses": 1929159000, "costAndExpenses": 5730848000, "interestIncome": 467000, "interestExpense": 98210000, "depreciationAndAmortization": 388418000, "ebitda": 1773910000, "ebitdaratio": 0.2492728003, "operatingIncome": 1385492000, "operatingIncomeRatio": 0.1946916533, "totalOtherIncomeExpensesNet": -97743000, "incomeBeforeTax": 1287749000, "incomeBeforeTaxRatio": 0.1809566434, "incomeTaxExpense": 176781000, "netIncome": 1110968000, "netIncomeRatio": 0.1561150816, "eps": 10.52, "epsdiluted": 10.24, "weightedAverageShsOut": 104874000, "weightedAverageShsOutDil": 107707000, "link": "https://www.sec.gov/Archives/edgar/data/723254/000072325421000021/0000723254-21-000021-index.htm", "finalLink": "https://www.sec.gov/Archives/edgar/data/723254/000072325421000021/ctas-20210531.htm", "calculatedOtherExpenses": -22300000, "calculatedOperatingExpenses": 1929159000, "calculatedNetInterest": -97743000, "calculatedOtherIncome": 0, "calculatedIncomeNonControlling": 0, "calculatedEbitda": 1773910000}, {"date": "2020-05-31", "symbol": "CTAS", "reportedCurrency": "USD", "cik": "0000723254", "fillingDate": "2020-07-29", "acceptedDate": "2020-07-29 14:20:47", "calendarYear": "2020", "period": "FY", "revenue": 7085120000, "costOfRevenue": 3851372000, "grossProfit": 3233748000, "grossProfitRatio": 0.4564140057, "researchAndDevelopmentExpenses": 21500000, "generalAndAdministrativeExpenses": 0, "sellingAndMarketingExpenses": 0, "sellingGeneralAndAdministrativeExpenses": 2071052000, "otherExpenses": 0, "operatingExpenses": 2071052000, "costAndExpenses": 5922424000, "interestIncome": 988000, "interestExpense": 105393000, "depreciationAndAmortization": 380041000, "ebitda": 1542737000, "ebitdaratio": 0.2177432422, "operatingIncome": 1162696000, "operatingIncomeRatio": 0.1641039248, "totalOtherIncomeExpensesNet": -104405000, "incomeBeforeTax": 1058291000, "incomeBeforeTaxRatio": 0.1493681123, "incomeTaxExpense": 181931000, "netIncome": 876037000, "netIncomeRatio": 0.1236446242, "eps": 8.36, "epsdiluted": 8.11, "weightedAverageShsOut": 103816000, "weightedAverageShsOutDil": 107012000, "link": "https://www.sec.gov/Archives/edgar/data/723254/000072325420000025/0000723254-20-000025-index.htm", "finalLink": "https://www.sec.gov/Archives/edgar/data/723254/000072325420000025/ctas-20200531.htm", "calculatedOtherExpenses": -21500000, "calculatedOperatingExpenses": 2071052000, "calculatedNetInterest": -104405000, "calculatedOtherIncome": 0, "calculatedIncomeNonControlling": 323000, "calculatedEbitda": 1542737000}, {"date": "2019-05-31", "symbol": "CTAS", "reportedCurrency": "USD", "cik": "0000723254", "fillingDate": "2019-07-26", "acceptedDate": "2019-07-26 12:05:44", "calendarYear": "2019", "period": "FY", "revenue": 6892303000, "costOfRevenue": 3763715000, "grossProfit": 3128588000, "grossProfitRatio": 0.4539249072, "researchAndDevelopmentExpenses": 21600000, "generalAndAdministrativeExpenses": 0, "sellingAndMarketingExpenses": 0, "sellingGeneralAndAdministrativeExpenses": 1980644000, "otherExpenses": 0, "operatingExpenses": 1980644000, "costAndExpenses": 5744359000, "interestIncome": 1228000, "interestExpense": 101736000, "depreciationAndAmortization": 375731000, "ebitda": 1509265000, "ebitdaratio": 0.2189783299, "operatingIncome": 1133534000, "operatingIncomeRatio": 0.1644637504, "totalOtherIncomeExpensesNet": -31135000, "incomeBeforeTax": 1102399000, "incomeBeforeTaxRatio": 0.1599463924, "incomeTaxExpense": 219764000, "netIncome": 884981000, "netIncomeRatio": 0.1284013486, "eps": 8.23, "epsdiluted": 7.97, "weightedAverageShsOut": 106080000, "weightedAverageShsOutDil": 109495000, "link": "https://www.sec.gov/Archives/edgar/data/723254/000072325419000021/0000723254-19-000021-index.htm", "finalLink": "https://www.sec.gov/Archives/edgar/data/723254/000072325419000021/ctas531201910k.htm", "calculatedOtherExpenses": -7190000, "calculatedOperatingExpenses": 1995054000, "calculatedNetInterest": -100508000, "calculatedOtherIncome": 69373000, "calculatedIncomeNonControlling": -2346000, "calculatedEbitda": 1509265000}, {"date": "2018-05-31", "symbol": "CTAS", "reportedCurrency": "USD", "cik": "0000723254", "fillingDate": "2018-07-27", "acceptedDate": "2018-07-27 12:27:03", "calendarYear": "2018", "period": "FY", "revenue": 6476632000, "costOfRevenue": 3568109000, "grossProfit": 2908523000, "grossProfitRatio": 0.4490795525, "researchAndDevelopmentExpenses": 22800000, "generalAndAdministrativeExpenses": 1916792000, "sellingAndMarketingExpenses": 0, "sellingGeneralAndAdministrativeExpenses": 1916792000, "otherExpenses": 0, "operatingExpenses": 1916792000, "costAndExpenses": 5484901000, "interestIncome": 1342000, "interestExpense": 110175000, "depreciationAndAmortization": 279416000, "ebitda": 1272489000, "ebitdaratio": 0.1964738772, "operatingIncome": 949834000, "operatingIncomeRatio": 0.1466555457, "totalOtherIncomeExpensesNet": -41897000, "incomeBeforeTax": 841001000, "incomeBeforeTaxRatio": 0.1298515957, "incomeTaxExpense": 57069000, "netIncome": 842586000, "netIncomeRatio": 0.1300963217, "eps": 7.9, "epsdiluted": 7.67, "weightedAverageShsOut": 106593000, "weightedAverageShsOutDil": 109810000, "link": "https://www.sec.gov/Archives/edgar/data/723254/000072325418000015/0000723254-18-000015-index.htm", "finalLink": "https://www.sec.gov/Archives/edgar/data/723254/000072325418000015/ctas531201810k.htm", "calculatedOtherExpenses": 19097000, "calculatedOperatingExpenses": 1958689000, "calculatedNetInterest": -108833000, "calculatedOtherIncome": 0, "calculatedIncomeNonControlling": -58654000, "calculatedEbitda": 1229250000}, {"date": "2017-05-31", "symbol": "CTAS", "reportedCurrency": "USD", "cik": "0000723254", "fillingDate": "2017-07-31", "acceptedDate": "2017-07-31 16:54:23", "calendarYear": "2017", "period": "FY", "revenue": 5323381000, "costOfRevenue": 2943086000, "grossProfit": 2380295000, "grossProfitRatio": 0.4471397031, "researchAndDevelopmentExpenses": 0, "generalAndAdministrativeExpenses": 1527380000, "sellingAndMarketingExpenses": 0, "sellingGeneralAndAdministrativeExpenses": 1527380000, "otherExpenses": 0, "operatingExpenses": 1527380000, "costAndExpenses": 4470466000, "interestIncome": 237000, "interestExpense": 86524000, "depreciationAndAmortization": 196595000, "ebitda": 1049747000, "ebitdaratio": 0.1971955417, "operatingIncome": 773691000, "operatingIncomeRatio": 0.1453382728, "totalOtherIncomeExpensesNet": -79224000, "incomeBeforeTax": 687404000, "incomeBeforeTaxRatio": 0.1291292132, "incomeTaxExpense": 230118000, "netIncome": 480708000, "netIncomeRatio": 0.0903012578, "eps": 4.49, "epsdiluted": 4.38, "weightedAverageShsOut": 104964000, "weightedAverageShsOutDil": 107783000, "link": "https://www.sec.gov/Archives/edgar/data/723254/000072325417000020/0000723254-17-000020-index.htm", "finalLink": "https://www.sec.gov/Archives/edgar/data/723254/000072325417000020/ctas531201710k.htm", "calculatedOtherExpenses": 79224000, "calculatedOperatingExpenses": 1606604000, "calculatedNetInterest": -86287000, "calculatedOtherIncome": 0, "calculatedIncomeNonControlling": -23422000, "calculatedEbitda": 970286000}, {"date": "2016-05-31", "symbol": "CTAS", "reportedCurrency": "USD", "cik": "0000723254", "fillingDate": "2016-07-29", "acceptedDate": "2016-07-29 13:32:52", "calendarYear": "2016", "period": "FY", "revenue": 4905458000, "costOfRevenue": 2775588000, "grossProfit": 2129870000, "grossProfitRatio": 0.4341837194, "researchAndDevelopmentExpenses": 0, "generalAndAdministrativeExpenses": 1348122000, "sellingAndMarketingExpenses": 0, "sellingGeneralAndAdministrativeExpenses": 1348122000, "otherExpenses": 0, "operatingExpenses": 1348122000, "costAndExpenses": 4123710000, "interestIncome": 896000, "interestExpense": 64522000, "depreciationAndAmortization": 165279000, "ebitda": 947923000, "ebitdaratio": 0.1932384295, "operatingIncome": 781748000, "operatingIncomeRatio": 0.1593628974, "totalOtherIncomeExpensesNet": -63626000, "incomeBeforeTax": 718122000, "incomeBeforeTaxRatio": 0.1463924469, "incomeTaxExpense": 261181000, "netIncome": 693520000, "netIncomeRatio": 0.141377217, "eps": 6.3, "epsdiluted": 6.21, "weightedAverageShsOut": 108221000, "weightedAverageShsOutDil": 109956000, "link": "https://www.sec.gov/Archives/edgar/data/723254/000072325416000050/0000723254-16-000050-index.htm", "finalLink": "https://www.sec.gov/Archives/edgar/data/723254/000072325416000050/ctas531201610k.htm", "calculatedOtherExpenses": 0, "calculatedOperatingExpenses": 1348122000, "calculatedNetInterest": -63626000, "calculatedOtherIncome": 0, "calculatedIncomeNonControlling": -236579000, "calculatedEbitda": 947027000}, {"date": "2015-05-31", "symbol": "CTAS", "reportedCurrency": "USD", "cik": "0000723254", "fillingDate": "2015-07-30", "acceptedDate": "2015-07-30 16:42:08", "calendarYear": "2015", "period": "FY", "revenue": 4476886000, "costOfRevenue": 2555549000, "grossProfit": 1921337000, "grossProfitRatio": 0.4291681763, "researchAndDevelopmentExpenses": 0, "generalAndAdministrativeExpenses": 1224930000, "sellingAndMarketingExpenses": 0, "sellingGeneralAndAdministrativeExpenses": 1224930000, "otherExpenses": 0, "operatingExpenses": 1224930000, "costAndExpenses": 3780479000, "interestIncome": 339000, "interestExpense": 65161000, "depreciationAndAmortization": 155082000, "ebitda": 851828000, "ebitdaratio": 0.1902724349, "operatingIncome": 696407000, "operatingIncomeRatio": 0.1555561165, "totalOtherIncomeExpensesNet": 26691000, "incomeBeforeTax": 658276000, "incomeBeforeTaxRatio": 0.1470388122, "incomeTaxExpense": 244660000, "netIncome": 430618000, "netIncomeRatio": 0.0961869478, "eps": 3.68, "epsdiluted": 3.63, "weightedAverageShsOut": 115900000, "weightedAverageShsOutDil": 117543000, "link": "https://www.sec.gov/Archives/edgar/data/723254/000072325415000017/0000723254-15-000017-index.htm", "finalLink": "https://www.sec.gov/Archives/edgar/data/723254/000072325415000017/ctas531201510k.htm", "calculatedOtherExpenses": 0, "calculatedOperatingExpenses": 1224930000, "calculatedNetInterest": -64822000, "calculatedOtherIncome": 26691000, "calculatedIncomeNonControlling": -17002000, "calculatedEbitda": 851489000}, {"date": "2014-05-31", "symbol": "CTAS", "reportedCurrency": "USD", "cik": "0000723254", "fillingDate": "2014-07-30", "acceptedDate": "2014-07-30 14:07:22", "calendarYear": "2014", "period": "FY", "revenue": 4551812000, "costOfRevenue": 2637426000, "grossProfit": 1914386000, "grossProfitRatio": 0.4205766846, "researchAndDevelopmentExpenses": 0, "generalAndAdministrativeExpenses": 1302752000, "sellingAndMarketingExpenses": 0, "sellingGeneralAndAdministrativeExpenses": 1302752000, "otherExpenses": 0, "operatingExpenses": 1302752000, "costAndExpenses": 3940178000, "interestIncome": 229000, "interestExpense": 65822000, "depreciationAndAmortization": 190862000, "ebitda": 802725000, "ebitdaratio": 0.1763528459, "operatingIncome": 567010000, "operatingIncomeRatio": 0.1245679742, "totalOtherIncomeExpensesNet": 61817000, "incomeBeforeTax": 607858000, "incomeBeforeTaxRatio": 0.1335419828, "incomeTaxExpense": 233416000, "netIncome": 374442000, "netIncomeRatio": 0.0822621848, "eps": 3.08, "epsdiluted": 3.05, "weightedAverageShsOut": 120377000, "weightedAverageShsOutDil": 121640000, "link": "https://www.sec.gov/Archives/edgar/data/723254/000072325414000020/0000723254-14-000020-index.htm", "finalLink": "https://www.sec.gov/Archives/edgar/data/723254/000072325414000020/ctas531201410k.htm", "calculatedOtherExpenses": 44624000, "calculatedOperatingExpenses": 1347376000, "calculatedNetInterest": -65593000, "calculatedOtherIncome": 106441000, "calculatedIncomeNonControlling": 0, "calculatedEbitda": 757872000}, {"date": "2013-05-31", "symbol": "CTAS", "reportedCurrency": "USD", "cik": "0000723254", "fillingDate": "2013-07-30", "acceptedDate": "2013-07-30 16:00:17", "calendarYear": "2013", "period": "FY", "revenue": 4316471000, "costOfRevenue": 2529404000, "grossProfit": 1787067000, "grossProfitRatio": 0.4140111216, "researchAndDevelopmentExpenses": 0, "generalAndAdministrativeExpenses": 1221856000, "sellingAndMarketingExpenses": 0, "sellingGeneralAndAdministrativeExpenses": 1221856000, "otherExpenses": 0, "operatingExpenses": 1221856000, "costAndExpenses": 3751260000, "interestIncome": 409000, "interestExpense": 65712000, "depreciationAndAmortization": 189377000, "ebitda": 754997000, "ebitdaratio": 0.1749107083, "operatingIncome": 565211000, "operatingIncomeRatio": 0.1309428466, "totalOtherIncomeExpensesNet": -65303000, "incomeBeforeTax": 499908000, "incomeBeforeTaxRatio": 0.1158140527, "incomeTaxExpense": 184466000, "netIncome": 315442000, "netIncomeRatio": 0.0730786793, "eps": 2.53, "epsdiluted": 2.52, "weightedAverageShsOut": 123956000, "weightedAverageShsOutDil": 124531000, "link": "https://www.sec.gov/Archives/edgar/data/723254/000072325413000011/0000723254-13-000011-index.htm", "finalLink": "https://www.sec.gov/Archives/edgar/data/723254/000072325413000011/ctas531201310k.htm", "calculatedOtherExpenses": 0, "calculatedOperatingExpenses": 1221856000, "calculatedNetInterest": -65303000, "calculatedOtherIncome": 0, "calculatedIncomeNonControlling": 0, "calculatedEbitda": 754588000}, {"date": "2012-05-31", "symbol": "CTAS", "reportedCurrency": "USD", "cik": "0000723254", "fillingDate": "2012-07-30", "acceptedDate": "2012-07-30 15:55:40", "calendarYear": "2012", "period": "FY", "revenue": 4102000000, "costOfRevenue": 2363392000, "grossProfit": 1738608000, "grossProfitRatio": 0.4238439785, "researchAndDevelopmentExpenses": 0, "generalAndAdministrativeExpenses": 1198981000, "sellingAndMarketingExpenses": 0, "sellingGeneralAndAdministrativeExpenses": 1198981000, "otherExpenses": 0, "operatingExpenses": 1198981000, "costAndExpenses": 3562373000, "interestIncome": 1942000, "interestExpense": 70625000, "depreciationAndAmortization": 155831000, "ebitda": 697400000, "ebitdaratio": 0.170014627, "operatingIncome": 539627000, "operatingIncomeRatio": 0.1315521697, "totalOtherIncomeExpensesNet": -68683000, "incomeBeforeTax": 470944000, "incomeBeforeTaxRatio": 0.1148083862, "incomeTaxExpense": 173307000, "netIncome": 297637000, "netIncomeRatio": 0.0725589956, "eps": 2.27, "epsdiluted": 2.27, "weightedAverageShsOut": 129891000, "weightedAverageShsOutDil": 130033000, "link": "https://www.sec.gov/Archives/edgar/data/723254/000072325412000004/0000723254-12-000004-index.htm", "finalLink": "https://www.sec.gov/Archives/edgar/data/723254/000072325412000004/ctas531201210k.htm", "calculatedOtherExpenses": 0, "calculatedOperatingExpenses": 1198981000, "calculatedNetInterest": -68683000, "calculatedOtherIncome": 0, "calculatedIncomeNonControlling": 0, "calculatedEbitda": 695458000}, {"date": "2011-05-31", "symbol": "CTAS", "reportedCurrency": "USD", "cik": "0000723254", "fillingDate": "2011-07-29", "acceptedDate": "2011-07-29 12:40:22", "calendarYear": "2011", "period": "FY", "revenue": 3810384000, "costOfRevenue": 2201097000, "grossProfit": 1609287000, "grossProfitRatio": 0.4223424726, "researchAndDevelopmentExpenses": 0, "generalAndAdministrativeExpenses": 1168944000, "sellingAndMarketingExpenses": 0, "sellingGeneralAndAdministrativeExpenses": 1168944000, "otherExpenses": 0, "operatingExpenses": 1168944000, "costAndExpenses": 3370041000, "interestIncome": 2030000, "interestExpense": 49704000, "depreciationAndAmortization": 193467000, "ebitda": 635840000, "ebitdaratio": 0.1668703207, "operatingIncome": 440343000, "operatingIncomeRatio": 0.1155639432, "totalOtherIncomeExpensesNet": -47674000, "incomeBeforeTax": 392669000, "incomeBeforeTaxRatio": 0.1030523433, "incomeTaxExpense": 145680000, "netIncome": 246989000, "netIncomeRatio": 0.0648199761, "eps": 1.68, "epsdiluted": 1.68, "weightedAverageShsOut": 146586000, "weightedAverageShsOutDil": 146586000, "link": "https://www.sec.gov/Archives/edgar/data/723254/000104746911006745/0001047469-11-006745-index.htm", "finalLink": "https://www.sec.gov/Archives/edgar/data/723254/000104746911006745/a2204868z10-k.htm", "calculatedOtherExpenses": 0, "calculatedOperatingExpenses": 1168944000, "calculatedNetInterest": -47674000, "calculatedOtherIncome": 0, "calculatedIncomeNonControlling": 0, "calculatedEbitda": 633810000}, {"date": "2010-05-31", "symbol": "CTAS", "reportedCurrency": "USD", "cik": "0000723254", "fillingDate": "2010-07-30", "acceptedDate": "2010-07-30 10:25:20", "calendarYear": "2010", "period": "FY", "revenue": 3547339000, "costOfRevenue": 2049522000, "grossProfit": 1497817000, "grossProfitRatio": 0.4222367809, "researchAndDevelopmentExpenses": 0, "generalAndAdministrativeExpenses": 1109888000, "sellingAndMarketingExpenses": 0, "sellingGeneralAndAdministrativeExpenses": 1109888000, "otherExpenses": 0, "operatingExpenses": 1109888000, "costAndExpenses": 3159410000, "interestIncome": 1695000, "interestExpense": 48612000, "depreciationAndAmortization": 152059000, "ebitda": 541683000, "ebitdaratio": 0.152701222, "operatingIncome": 390809000, "operatingIncomeRatio": 0.1101696229, "totalOtherIncomeExpensesNet": 2880000, "incomeBeforeTax": 343892000, "incomeBeforeTaxRatio": 0.0969436527, "incomeTaxExpense": 128272000, "netIncome": 215620000, "netIncomeRatio": 0.0607835902, "eps": 1.4, "epsdiluted": 1.4, "weightedAverageShsOut": 152859000, "weightedAverageShsOutDil": 152859000, "link": "https://www.sec.gov/Archives/edgar/data/723254/000104746910006785/0001047469-10-006785-index.htm", "finalLink": "https://www.sec.gov/Archives/edgar/data/723254/000104746910006785/a2199462z10-k.htm", "calculatedOtherExpenses": -2880000, "calculatedOperatingExpenses": 1107008000, "calculatedNetInterest": -46917000, "calculatedOtherIncome": 0, "calculatedIncomeNonControlling": 0, "calculatedEbitda": 542868000}, {"date": "2009-05-31", "symbol": "CTAS", "reportedCurrency": "USD", "cik": "0000723254", "fillingDate": "2009-07-30", "acceptedDate": "2009-07-30 09:52:56", "calendarYear": "2009", "period": "FY", "revenue": 3774685000, "costOfRevenue": 2223814000, "grossProfit": 1550871000, "grossProfitRatio": 0.4108610387, "researchAndDevelopmentExpenses": 0, "generalAndAdministrativeExpenses": 1082709000, "sellingAndMarketingExpenses": 0, "sellingGeneralAndAdministrativeExpenses": 1082709000, "otherExpenses": 0, "operatingExpenses": 1082709000, "costAndExpenses": 3306523000, "interestIncome": 2764000, "interestExpense": 50236000, "depreciationAndAmortization": 157572000, "ebitda": 628498000, "ebitdaratio": 0.1665034301, "operatingIncome": 409065000, "operatingIncomeRatio": 0.1083706323, "totalOtherIncomeExpensesNet": -59097000, "incomeBeforeTax": 361593000, "incomeBeforeTaxRatio": 0.0957942186, "incomeTaxExpense": 135236000, "netIncome": 226357000, "netIncomeRatio": 0.0599671231, "eps": 1.48, "epsdiluted": 1.48, "weightedAverageShsOut": 152942000, "weightedAverageShsOutDil": 153366000, "link": "https://www.sec.gov/Archives/edgar/data/723254/000104746909007009/0001047469-09-007009-index.htm", "finalLink": "https://www.sec.gov/Archives/edgar/data/723254/000104746909007009/a2193768z10-k.htm", "calculatedOtherExpenses": 59097000, "calculatedOperatingExpenses": 1141806000, "calculatedNetInterest": -47472000, "calculatedOtherIncome": 0, "calculatedIncomeNonControlling": 0, "calculatedEbitda": 566637000}, {"date": "2008-05-31", "symbol": "CTAS", "reportedCurrency": "USD", "cik": "0000723254", "fillingDate": "2008-07-30", "acceptedDate": "2008-07-30 14:00:35", "calendarYear": "2008", "period": "FY", "revenue": 3937900000, "costOfRevenue": 2256300000, "grossProfit": 1681600000, "grossProfitRatio": 0.4270296351, "researchAndDevelopmentExpenses": 0, "generalAndAdministrativeExpenses": 1104145000, "sellingAndMarketingExpenses": 0, "sellingGeneralAndAdministrativeExpenses": 1104145000, "otherExpenses": 0, "operatingExpenses": 1104145000, "costAndExpenses": 3360445000, "interestIncome": -6072000, "interestExpense": 52823000, "depreciationAndAmortization": 191903000, "ebitda": 769358000, "ebitdaratio": 0.1953726606, "operatingIncome": 577455000, "operatingIncomeRatio": 0.1466403413, "totalOtherIncomeExpensesNet": -46751000, "incomeBeforeTax": 530704000, "incomeBeforeTaxRatio": 0.1347682775, "incomeTaxExpense": 195299000, "netIncome": 335405000, "netIncomeRatio": 0.0851735697, "eps": 2.15, "epsdiluted": 2.15, "weightedAverageShsOut": 155678000, "weightedAverageShsOutDil": 155930000, "link": "https://www.sec.gov/Archives/edgar/data/723254/000089225108000175/0000892251-08-000175-index.htm", "finalLink": "https://www.sec.gov/Archives/edgar/data/723254/000089225108000175/form10k053108.htm", "calculatedOtherExpenses": 0, "calculatedOperatingExpenses": 1104145000, "calculatedNetInterest": -58895000, "calculatedOtherIncome": 12144000, "calculatedIncomeNonControlling": 0, "calculatedEbitda": 769358000}, {"date": "2007-05-31", "symbol": "CTAS", "reportedCurrency": "USD", "cik": "0000723254", "fillingDate": "2007-07-30", "acceptedDate": "2007-07-30 16:50:55", "calendarYear": "2007", "period": "FY", "revenue": 3706900000, "costOfRevenue": 2125545000, "grossProfit": 1581355000, "grossProfitRatio": 0.4265976962, "researchAndDevelopmentExpenses": 0, "generalAndAdministrativeExpenses": 1003958000, "sellingAndMarketingExpenses": 0, "sellingGeneralAndAdministrativeExpenses": 1003958000, "otherExpenses": 0, "operatingExpenses": 1003958000, "costAndExpenses": 3129503000, "interestIncome": -6480000, "interestExpense": 50324000, "depreciationAndAmortization": 175926000, "ebitda": 753323000, "ebitdaratio": 0.2032218296, "operatingIncome": 577397000, "operatingIncomeRatio": 0.1557627667, "totalOtherIncomeExpensesNet": -43844000, "incomeBeforeTax": 533553000, "incomeBeforeTaxRatio": 0.143935094, "incomeTaxExpense": 199015000, "netIncome": 334538000, "netIncomeRatio": 0.0902473765, "eps": 2.09, "epsdiluted": 2.09, "weightedAverageShsOut": 160066029, "weightedAverageShsOutDil": 160066029, "link": "https://www.sec.gov/Archives/edgar/data/723254/000089225107000154/0000892251-07-000154-index.htm", "finalLink": "https://www.sec.gov/Archives/edgar/data/723254/000089225107000154/form10k053107.htm", "calculatedOtherExpenses": 0, "calculatedOperatingExpenses": 1003958000, "calculatedNetInterest": -56804000, "calculatedOtherIncome": 12960000, "calculatedIncomeNonControlling": 0, "calculatedEbitda": 753323000}, {"date": "2006-05-31", "symbol": "CTAS", "reportedCurrency": "USD", "cik": "0000723254", "fillingDate": "2006-08-11", "acceptedDate": "2006-08-11 13:56:46", "calendarYear": "2006", "period": "FY", "revenue": 3403608000, "costOfRevenue": 1948816000, "grossProfit": 1454792000, "grossProfitRatio": 0.4274264251, "researchAndDevelopmentExpenses": 0, "generalAndAdministrativeExpenses": 907954000, "sellingAndMarketingExpenses": 0, "sellingGeneralAndAdministrativeExpenses": 907954000, "otherExpenses": 0, "operatingExpenses": 907954000, "costAndExpenses": 2856770000, "interestIncome": 0, "interestExpense": 0, "depreciationAndAmortization": 160653000, "ebitda": 707491000, "ebitdaratio": 0.2078650068, "operatingIncome": 546838000, "operatingIncomeRatio": 0.1606642128, "totalOtherIncomeExpensesNet": -25023000, "incomeBeforeTax": 521815000, "incomeBeforeTaxRatio": 0.1533123086, "incomeTaxExpense": 194637000, "netIncome": 327178000, "netIncomeRatio": 0.096126816, "eps": 1.93, "epsdiluted": 1.92, "weightedAverageShsOut": 167555440, "weightedAverageShsOutDil": 168428125, "link": "https://www.sec.gov/Archives/edgar/data/723254/000110465906053974/0001104659-06-053974-index.htm", "finalLink": "https://www.sec.gov/Archives/edgar/data/723254/000110465906053974/a06-16851_110k.htm", "calculatedOtherExpenses": 0, "calculatedOperatingExpenses": 907954000, "calculatedNetInterest": 0, "calculatedOtherIncome": -25023000, "calculatedIncomeNonControlling": 0, "calculatedEbitda": 707491000}, {"date": "2005-05-31", "symbol": "CTAS", "reportedCurrency": "USD", "cik": "0000723254", "fillingDate": "2005-08-15", "acceptedDate": "2005-08-15 11:41:36", "calendarYear": "2005", "period": "FY", "revenue": 3067283000, "costOfRevenue": 1762524000, "grossProfit": 1304759000, "grossProfitRatio": 0.4253793993, "researchAndDevelopmentExpenses": 0, "generalAndAdministrativeExpenses": 810232000, "sellingAndMarketingExpenses": 0, "sellingGeneralAndAdministrativeExpenses": 810232000, "otherExpenses": 0, "operatingExpenses": 810232000, "costAndExpenses": 2572756000, "interestIncome": 0, "interestExpense": 0, "depreciationAndAmortization": 148175000, "ebitda": 642702000, "ebitdaratio": 0.2095346272, "operatingIncome": 494527000, "operatingIncomeRatio": 0.1612264013, "totalOtherIncomeExpensesNet": -17534000, "incomeBeforeTax": 476993000, "incomeBeforeTaxRatio": 0.1555099415, "incomeTaxExpense": 176475000, "netIncome": 300518000, "netIncomeRatio": 0.0979753091, "eps": 1.7, "epsdiluted": 1.69, "weightedAverageShsOut": 172086471, "weightedAverageShsOutDil": 173104734, "link": "https://www.sec.gov/Archives/edgar/data/723254/000110465905039417/0001104659-05-039417-index.htm", "finalLink": "https://www.sec.gov/Archives/edgar/data/723254/000110465905039417/a05-13922_110k.htm", "calculatedOtherExpenses": 0, "calculatedOperatingExpenses": 810232000, "calculatedNetInterest": 0, "calculatedOtherIncome": -17534000, "calculatedIncomeNonControlling": 0, "calculatedEbitda": 642702000}, {"date": "2004-05-31", "symbol": "CTAS", "reportedCurrency": "USD", "cik": "0000723254", "fillingDate": "2004-08-16", "acceptedDate": "2004-08-16 10:55:56", "calendarYear": "2004", "period": "FY", "revenue": 2814059000, "costOfRevenue": 1627567000, "grossProfit": 1186492000, "grossProfitRatio": 0.421630108, "researchAndDevelopmentExpenses": 0, "generalAndAdministrativeExpenses": 727618000, "sellingAndMarketingExpenses": 0, "sellingGeneralAndAdministrativeExpenses": 727618000, "otherExpenses": 0, "operatingExpenses": 727618000, "costAndExpenses": 2355185000, "interestIncome": 0, "interestExpense": 0, "depreciationAndAmortization": 143259000, "ebitda": 606476000, "ebitdaratio": 0.2155164479, "operatingIncome": 458874000, "operatingIncomeRatio": 0.1630648114, "totalOtherIncomeExpensesNet": -4343000, "incomeBeforeTax": 432080000, "incomeBeforeTaxRatio": 0.1535433337, "incomeTaxExpense": 159875000, "netIncome": 272205000, "netIncomeRatio": 0.0967303813, "eps": 1.55, "epsdiluted": 1.54, "weightedAverageShsOut": 175616129, "weightedAverageShsOutDil": 176756494, "link": "https://www.sec.gov/Archives/edgar/data/723254/000110465904024519/0001104659-04-024519-index.htm", "finalLink": "https://www.sec.gov/Archives/edgar/data/723254/000110465904024519/a04-8825_110k.htm", "calculatedOtherExpenses": 0, "calculatedOperatingExpenses": 727618000, "calculatedNetInterest": 0, "calculatedOtherIncome": -26794000, "calculatedIncomeNonControlling": 0, "calculatedEbitda": 602133000}, {"date": "2003-05-31", "symbol": "CTAS", "reportedCurrency": "USD", "cik": "0000723254", "fillingDate": "2003-08-29", "acceptedDate": "2003-08-29 13:35:23", "calendarYear": "2003", "period": "FY", "revenue": 2686585000, "costOfRevenue": 1567377000, "grossProfit": 1119208000, "grossProfitRatio": 0.4165913232, "researchAndDevelopmentExpenses": 0, "generalAndAdministrativeExpenses": 695437000, "sellingAndMarketingExpenses": 0, "sellingGeneralAndAdministrativeExpenses": 695437000, "otherExpenses": 0, "operatingExpenses": 695437000, "costAndExpenses": 2262814000, "interestIncome": 0, "interestExpense": 0, "depreciationAndAmortization": 143061000, "ebitda": 566832000, "ebitdaratio": 0.210986066, "operatingIncome": 423771000, "operatingIncomeRatio": 0.1577359361, "totalOtherIncomeExpensesNet": -28012000, "incomeBeforeTax": 395759000, "incomeBeforeTaxRatio": 0.1473093165, "incomeTaxExpense": 146506000, "netIncome": 249253000, "netIncomeRatio": 0.0927768896, "eps": 1.46, "epsdiluted": 1.45, "weightedAverageShsOut": 170721233, "weightedAverageShsOutDil": 171898621, "link": "https://www.sec.gov/Archives/edgar/data/723254/000104746903029303/0001047469-03-029303-index.htm", "finalLink": "https://www.sec.gov/Archives/edgar/data/723254/000104746903029303/a2117508z10-k.htm", "calculatedOtherExpenses": 0, "calculatedOperatingExpenses": 695437000, "calculatedNetInterest": 0, "calculatedOtherIncome": -28012000, "calculatedIncomeNonControlling": 0, "calculatedEbitda": 566832000}, {"date": "2002-05-31", "symbol": "CTAS", "reportedCurrency": "USD", "cik": "0000723254", "fillingDate": "2002-08-26", "acceptedDate": "2002-08-26 08:29:56", "calendarYear": "2002", "period": "FY", "revenue": 2271052000, "costOfRevenue": 1313682000, "grossProfit": 957370000, "grossProfitRatio": 0.4215535355, "researchAndDevelopmentExpenses": 0, "generalAndAdministrativeExpenses": 580469000, "sellingAndMarketingExpenses": 0, "sellingGeneralAndAdministrativeExpenses": 580469000, "otherExpenses": 0, "operatingExpenses": 580469000, "costAndExpenses": 1894151000, "interestIncome": 0, "interestExpense": 0, "depreciationAndAmortization": 120025000, "ebitda": 496926000, "ebitdaratio": 0.2188087283, "operatingIncome": 376901000, "operatingIncomeRatio": 0.1659587715, "totalOtherIncomeExpensesNet": -5316000, "incomeBeforeTax": 371585000, "incomeBeforeTaxRatio": 0.1636180061, "incomeTaxExpense": 137334000, "netIncome": 234251000, "netIncomeRatio": 0.1031464713, "eps": 1.38, "epsdiluted": 1.36, "weightedAverageShsOut": 169747101, "weightedAverageShsOutDil": 172243382, "link": "https://www.sec.gov/Archives/edgar/data/723254/000091205702033406/0000912057-02-033406-index.htm", "finalLink": "https://www.sec.gov/Archives/edgar/data/723254/000091205702033406/a2087131z10-k.htm", "calculatedOtherExpenses": 0, "calculatedOperatingExpenses": 580469000, "calculatedNetInterest": 0, "calculatedOtherIncome": -5316000, "calculatedIncomeNonControlling": 0, "calculatedEbitda": 496926000}, {"date": "2001-05-31", "symbol": "CTAS", "reportedCurrency": "USD", "cik": "0000723254", "fillingDate": "2001-08-29", "acceptedDate": "2001-08-29 00:00:00", "calendarYear": "2001", "period": "FY", "revenue": 2160700000, "costOfRevenue": 1264433000, "grossProfit": 896267000, "grossProfitRatio": 0.4148039987, "researchAndDevelopmentExpenses": 0, "generalAndAdministrativeExpenses": 528354000, "sellingAndMarketingExpenses": 0, "sellingGeneralAndAdministrativeExpenses": 528354000, "otherExpenses": 0, "operatingExpenses": 528354000, "costAndExpenses": 1792787000, "interestIncome": 0, "interestExpense": 0, "depreciationAndAmortization": 112089000, "ebitda": 480711000, "ebitdaratio": 0.2224792891, "operatingIncome": 367204000, "operatingIncomeRatio": 0.1699467765, "totalOtherIncomeExpensesNet": -709000, "incomeBeforeTax": 356454000, "incomeBeforeTaxRatio": 0.164971537, "incomeTaxExpense": 134003000, "netIncome": 222451000, "netIncomeRatio": 0.1029532096, "eps": 1.32, "epsdiluted": 1.3, "weightedAverageShsOut": 168523485, "weightedAverageShsOutDil": 171116154, "link": "https://www.sec.gov/Archives/edgar/data/723254/000095010901503261/0000950109-01-503261-index.htm", "finalLink": "https://www.sec.gov/Archives/edgar/data/723254/000095010901503261/d10k.htm", "calculatedOtherExpenses": 709000, "calculatedOperatingExpenses": 529063000, "calculatedNetInterest": 0, "calculatedOtherIncome": -10750000, "calculatedIncomeNonControlling": 0, "calculatedEbitda": 479293000}, {"date": "2000-05-31", "symbol": "CTAS", "reportedCurrency": "USD", "cik": "0000723254", "fillingDate": "2000-08-28", "acceptedDate": "2000-08-28 00:00:00", "calendarYear": "2000", "period": "FY", "revenue": 1901991000, "costOfRevenue": 1022926000, "grossProfit": 879065000, "grossProfitRatio": 0.4621814719, "researchAndDevelopmentExpenses": 0, "generalAndAdministrativeExpenses": 455794000, "sellingAndMarketingExpenses": 0, "sellingGeneralAndAdministrativeExpenses": 455794000, "otherExpenses": 99513000, "operatingExpenses": 555307000, "costAndExpenses": 1578233000, "interestIncome": 0, "interestExpense": 0, "depreciationAndAmortization": 99513000, "ebitda": 424105000, "ebitdaratio": 0.2229794989, "operatingIncome": 323758000, "operatingIncomeRatio": 0.1702205741, "totalOtherIncomeExpensesNet": -834000, "incomeBeforeTax": 311759000, "incomeBeforeTaxRatio": 0.1639119218, "incomeTaxExpense": 118372000, "netIncome": 193387000, "netIncomeRatio": 0.1016760857, "eps": 1.16, "epsdiluted": 1.14, "weightedAverageShsOut": 166712931, "weightedAverageShsOutDil": 169637719, "link": "https://www.sec.gov/Archives/edgar/data/723254/000091205700039325/0000912057-00-039325-index.htm", "finalLink": "https://www.sec.gov/Archives/edgar/data/723254/000091205700039325/a10-k.txt", "calculatedOtherExpenses": 99513000, "calculatedOperatingExpenses": 555307000, "calculatedNetInterest": 0, "calculatedOtherIncome": -11999000, "calculatedIncomeNonControlling": 0, "calculatedEbitda": 423271000}, {"date": "1999-05-31", "symbol": "CTAS", "reportedCurrency": "USD", "cik": "0000723254", "fillingDate": "1999-08-27", "acceptedDate": "1999-08-27 00:00:00", "calendarYear": "1999", "period": "FY", "revenue": 1751600000, "costOfRevenue": 976500000, "grossProfit": 775100000, "grossProfitRatio": 0.4425097054, "researchAndDevelopmentExpenses": 0, "generalAndAdministrativeExpenses": 403600000, "sellingAndMarketingExpenses": 0, "sellingGeneralAndAdministrativeExpenses": 403600000, "otherExpenses": 90200000, "operatingExpenses": 493800000, "costAndExpenses": 1470300000, "interestIncome": 0, "interestExpense": 0, "depreciationAndAmortization": 90200000, "ebitda": 417000000, "ebitdaratio": 0.2380680521, "operatingIncome": 281300000, "operatingIncomeRatio": 0.1605960265, "totalOtherIncomeExpensesNet": -45500000, "incomeBeforeTax": 224000000, "incomeBeforeTaxRatio": 0.1278830783, "incomeTaxExpense": 85100000, "netIncome": 138900000, "netIncomeRatio": 0.0792989267, "eps": 0.84, "epsdiluted": 0.82, "weightedAverageShsOut": 165357143, "weightedAverageShsOutDil": 169390244, "link": "https://www.sec.gov/Archives/edgar/data/723254/000095015299007187/0000950152-99-007187-index.html", "finalLink": "https://www.sec.gov/Archives/edgar/data/723254/000095015299007187/", "calculatedOtherExpenses": 90200000, "calculatedOperatingExpenses": 493800000, "calculatedNetInterest": 0, "calculatedOtherIncome": -57300000, "calculatedIncomeNonControlling": 0, "calculatedEbitda": 371500000}, {"date": "1998-05-31", "symbol": "CTAS", "reportedCurrency": "USD", "cik": "0000723254", "fillingDate": "1998-08-28", "acceptedDate": "1998-08-28 00:00:00", "calendarYear": "1998", "period": "FY", "revenue": 1198300000, "costOfRevenue": 653000000, "grossProfit": 545300000, "grossProfitRatio": 0.4550613369, "researchAndDevelopmentExpenses": 0, "generalAndAdministrativeExpenses": 287200000, "sellingAndMarketingExpenses": 0, "sellingGeneralAndAdministrativeExpenses": 287200000, "otherExpenses": 57200000, "operatingExpenses": 344400000, "costAndExpenses": 997400000, "interestIncome": 0, "interestExpense": 0, "depreciationAndAmortization": 57200000, "ebitda": 270500000, "ebitdaratio": 0.22573646, "operatingIncome": 200900000, "operatingIncomeRatio": 0.1676541768, "totalOtherIncomeExpensesNet": -12400000, "incomeBeforeTax": 179500000, "incomeBeforeTaxRatio": 0.1497955437, "incomeTaxExpense": 56600000, "netIncome": 122900000, "netIncomeRatio": 0.1025619628, "eps": 0.83, "epsdiluted": 0.82, "weightedAverageShsOut": 160440000, "weightedAverageShsOutDil": 163048780, "link": "https://www.sec.gov/Archives/edgar/data/723254/000089225198000270/0000892251-98-000270-index.html", "finalLink": "https://www.sec.gov/Archives/edgar/data/723254/", "calculatedOtherExpenses": 57200000, "calculatedOperatingExpenses": 344400000, "calculatedNetInterest": 0, "calculatedOtherIncome": -21400000, "calculatedIncomeNonControlling": 0, "calculatedEbitda": 258100000}, {"date": "1997-05-31", "symbol": "CTAS", "reportedCurrency": "USD", "cik": "0000723254", "fillingDate": "1997-08-27", "acceptedDate": "1997-08-27 00:00:00", "calendarYear": "1997", "period": "FY", "revenue": 839900000, "costOfRevenue": 452900000, "grossProfit": 387000000, "grossProfitRatio": 0.4607691392, "researchAndDevelopmentExpenses": 0, "generalAndAdministrativeExpenses": 188900000, "sellingAndMarketingExpenses": 0, "sellingGeneralAndAdministrativeExpenses": 188900000, "otherExpenses": 47700000, "operatingExpenses": 236600000, "costAndExpenses": 689500000, "interestIncome": 0, "interestExpense": 0, "depreciationAndAmortization": 47700000, "ebitda": 193900000, "ebitdaratio": 0.2308608168, "operatingIncome": 150400000, "operatingIncomeRatio": 0.1790689368, "totalOtherIncomeExpensesNet": 4200000, "incomeBeforeTax": 146600000, "incomeBeforeTaxRatio": 0.1745445886, "incomeTaxExpense": 55800000, "netIncome": 90800000, "netIncomeRatio": 0.1081081081, "eps": 0.71, "epsdiluted": 0.7, "weightedAverageShsOut": 167042254, "weightedAverageShsOutDil": 169428571, "link": "https://www.sec.gov/Archives/edgar/data/723254/000089225197000145/0000892251-97-000145-index.html", "finalLink": "https://www.sec.gov/Archives/edgar/data/723254/", "calculatedOtherExpenses": 47700000, "calculatedOperatingExpenses": 236600000, "calculatedNetInterest": 0, "calculatedOtherIncome": -3800000, "calculatedIncomeNonControlling": 0, "calculatedEbitda": 198100000}, {"date": "1996-05-31", "symbol": "CTAS", "reportedCurrency": "USD", "cik": "0000723254", "fillingDate": "1996-08-28", "acceptedDate": "1996-08-28 00:00:00", "calendarYear": "1996", "period": "FY", "revenue": 730100000, "costOfRevenue": 393700000, "grossProfit": 336400000, "grossProfitRatio": 0.4607588002, "researchAndDevelopmentExpenses": 0, "generalAndAdministrativeExpenses": 164500000, "sellingAndMarketingExpenses": 0, "sellingGeneralAndAdministrativeExpenses": 164500000, "otherExpenses": 43100000, "operatingExpenses": 207600000, "costAndExpenses": 601300000, "interestIncome": 0, "interestExpense": 0, "depreciationAndAmortization": 43100000, "ebitda": 169400000, "ebitdaratio": 0.2320230105, "operatingIncome": 128800000, "operatingIncomeRatio": 0.1764141898, "totalOtherIncomeExpensesNet": 2500000, "incomeBeforeTax": 122200000, "incomeBeforeTaxRatio": 0.1673743323, "incomeTaxExpense": 47000000, "netIncome": 75200000, "netIncomeRatio": 0.1029995891, "eps": 0.59, "epsdiluted": 0.59, "weightedAverageShsOut": 148644068, "weightedAverageShsOutDil": 148644068, "link": "https://www.sec.gov/Archives/edgar/data/723254/000072325496000007/0000723254-96-000007-index.html", "finalLink": "https://www.sec.gov/Archives/edgar/data/723254/", "calculatedOtherExpenses": 43100000, "calculatedOperatingExpenses": 207600000, "calculatedNetInterest": 0, "calculatedOtherIncome": -6600000, "calculatedIncomeNonControlling": 0, "calculatedEbitda": 171900000}, {"date": "1995-05-31", "symbol": "CTAS", "reportedCurrency": "USD", "cik": "0000723254", "fillingDate": "1995-08-29", "acceptedDate": "1995-08-29 00:00:00", "calendarYear": "1995", "period": "FY", "revenue": 615100000, "costOfRevenue": 333600000, "grossProfit": 281500000, "grossProfitRatio": 0.4576491627, "researchAndDevelopmentExpenses": 0, "generalAndAdministrativeExpenses": 137700000, "sellingAndMarketingExpenses": 0, "sellingGeneralAndAdministrativeExpenses": 137700000, "otherExpenses": 37700000, "operatingExpenses": 175400000, "costAndExpenses": 509000000, "interestIncome": 0, "interestExpense": 0, "depreciationAndAmortization": 37700000, "ebitda": 141700000, "ebitdaratio": 0.2303690457, "operatingIncome": 106100000, "operatingIncomeRatio": 0.1724922777, "totalOtherIncomeExpensesNet": 2100000, "incomeBeforeTax": 100900000, "incomeBeforeTaxRatio": 0.1640383677, "incomeTaxExpense": 38200000, "netIncome": 62700000, "netIncomeRatio": 0.1019346448, "eps": 0.45, "epsdiluted": 0.45, "weightedAverageShsOut": 140673000, "weightedAverageShsOutDil": 140673000, "link": "https://www.sec.gov/Archives/edgar/data/723254/000072325495000006/0000723254-95-000006-index.html", "finalLink": "https://www.sec.gov/Archives/edgar/data/723254/", "calculatedOtherExpenses": 37700000, "calculatedOperatingExpenses": 175400000, "calculatedNetInterest": 0, "calculatedOtherIncome": -5200000, "calculatedIncomeNonControlling": 0, "calculatedEbitda": 143800000}, {"date": "1994-05-31", "symbol": "CTAS", "reportedCurrency": "USD", "cik": "0000723254", "fillingDate": "1994-08-29", "acceptedDate": "1994-08-29 00:00:00", "calendarYear": "1994", "period": "FY", "revenue": 523200000, "costOfRevenue": 278200000, "grossProfit": 245000000, "grossProfitRatio": 0.4682721713, "researchAndDevelopmentExpenses": 0, "generalAndAdministrativeExpenses": 119400000, "sellingAndMarketingExpenses": 0, "sellingGeneralAndAdministrativeExpenses": 119400000, "otherExpenses": 35100000, "operatingExpenses": 154500000, "costAndExpenses": 432700000, "interestIncome": 0, "interestExpense": 0, "depreciationAndAmortization": 35100000, "ebitda": 123900000, "ebitdaratio": 0.2368119266, "operatingIncome": 90500000, "operatingIncomeRatio": 0.1729740061, "totalOtherIncomeExpensesNet": 1700000, "incomeBeforeTax": 85500000, "incomeBeforeTaxRatio": 0.1634174312, "incomeTaxExpense": 33300000, "netIncome": 52200000, "netIncomeRatio": 0.0997706422, "eps": 0.37, "epsdiluted": 0.37, "weightedAverageShsOut": 140118000, "weightedAverageShsOutDil": 140118000, "link": "https://www.sec.gov/Archives/edgar/data/723254/000072325494000007/0000723254-94-000007-index.html", "finalLink": "https://www.sec.gov/Archives/edgar/data/723254/", "calculatedOtherExpenses": 35100000, "calculatedOperatingExpenses": 154500000, "calculatedNetInterest": 0, "calculatedOtherIncome": -5000000, "calculatedIncomeNonControlling": 0, "calculatedEbitda": 125600000}, {"date": "1993-05-31", "symbol": "CTAS", "reportedCurrency": "USD", "cik": "0000723254", "fillingDate": "1993-05-31", "acceptedDate": "1993-05-30 20:00:00", "calendarYear": "1993", "period": "FY", "revenue": 452700000, "costOfRevenue": 246500000, "grossProfit": 206200000, "grossProfitRatio": 0.4554892865, "researchAndDevelopmentExpenses": 0, "generalAndAdministrativeExpenses": 106100000, "sellingAndMarketingExpenses": 0, "sellingGeneralAndAdministrativeExpenses": 106100000, "otherExpenses": 23100000, "operatingExpenses": 129200000, "costAndExpenses": 375700000, "interestIncome": 0, "interestExpense": 0, "depreciationAndAmortization": 23100000, "ebitda": 98700000, "ebitdaratio": 0.2180251822, "operatingIncome": 77000000, "operatingIncomeRatio": 0.1700905677, "totalOtherIncomeExpensesNet": 1400000, "incomeBeforeTax": 71300000, "incomeBeforeTaxRatio": 0.1574994478, "incomeTaxExpense": 26400000, "netIncome": 44900000, "netIncomeRatio": 0.0991826817, "eps": 0.34, "epsdiluted": 0.33, "weightedAverageShsOut": 132058824, "weightedAverageShsOutDil": 136060606, "link": "", "finalLink": "", "calculatedOtherExpenses": 23100000, "calculatedOperatingExpenses": 129200000, "calculatedNetInterest": 0, "calculatedOtherIncome": -5700000, "calculatedIncomeNonControlling": 0, "calculatedEbitda": 100100000}, {"date": "1992-05-31", "symbol": "CTAS", "reportedCurrency": "USD", "cik": "0000723254", "fillingDate": "1992-05-31", "acceptedDate": "1992-05-30 20:00:00", "calendarYear": "1992", "period": "FY", "revenue": 401600000, "costOfRevenue": 223900000, "grossProfit": 177700000, "grossProfitRatio": 0.4424800797, "researchAndDevelopmentExpenses": 0, "generalAndAdministrativeExpenses": 95100000, "sellingAndMarketingExpenses": 0, "sellingGeneralAndAdministrativeExpenses": 95100000, "otherExpenses": 19400000, "operatingExpenses": 114500000, "costAndExpenses": 338400000, "interestIncome": 0, "interestExpense": 0, "depreciationAndAmortization": 19400000, "ebitda": 82000000, "ebitdaratio": 0.2041832669, "operatingIncome": 63200000, "operatingIncomeRatio": 0.1573705179, "totalOtherIncomeExpensesNet": 600000, "incomeBeforeTax": 58200000, "incomeBeforeTaxRatio": 0.1449203187, "incomeTaxExpense": 21700000, "netIncome": 39200000, "netIncomeRatio": 0.0976095618, "eps": 0.28, "epsdiluted": 0.28, "weightedAverageShsOut": 140000000, "weightedAverageShsOutDil": 140000000, "link": "", "finalLink": "", "calculatedOtherExpenses": 19400000, "calculatedOperatingExpenses": 114500000, "calculatedNetInterest": 0, "calculatedOtherIncome": -5000000, "calculatedIncomeNonControlling": -2700000, "calculatedEbitda": 82600000}, {"date": "1991-05-31", "symbol": "CTAS", "reportedCurrency": "USD", "cik": "0000723254", "fillingDate": "1991-05-31", "acceptedDate": "1991-05-30 20:00:00", "calendarYear": "1991", "period": "FY", "revenue": 322500000, "costOfRevenue": 177100000, "grossProfit": 145400000, "grossProfitRatio": 0.4508527132, "researchAndDevelopmentExpenses": 0, "generalAndAdministrativeExpenses": 78900000, "sellingAndMarketingExpenses": 0, "sellingGeneralAndAdministrativeExpenses": 78900000, "otherExpenses": 16400000, "operatingExpenses": 95300000, "costAndExpenses": 272400000, "interestIncome": 0, "interestExpense": 0, "depreciationAndAmortization": 16400000, "ebitda": 65000000, "ebitdaratio": 0.2015503876, "operatingIncome": 50100000, "operatingIncomeRatio": 0.1553488372, "totalOtherIncomeExpensesNet": 1500000, "incomeBeforeTax": 48700000, "incomeBeforeTaxRatio": 0.1510077519, "incomeTaxExpense": 17300000, "netIncome": 31400000, "netIncomeRatio": 0.0973643411, "eps": 0.24, "epsdiluted": 0.24, "weightedAverageShsOut": 130833333, "weightedAverageShsOutDil": 130833333, "link": "", "finalLink": "", "calculatedOtherExpenses": 16400000, "calculatedOperatingExpenses": 95300000, "calculatedNetInterest": 0, "calculatedOtherIncome": -1400000, "calculatedIncomeNonControlling": 0, "calculatedEbitda": 66500000}, {"date": "1990-05-31", "symbol": "CTAS", "reportedCurrency": "USD", "cik": "0000723254", "fillingDate": "1990-05-31", "acceptedDate": "1990-05-30 20:00:00", "calendarYear": "1990", "period": "FY", "revenue": 284500000, "costOfRevenue": 159500000, "grossProfit": 125000000, "grossProfitRatio": 0.4393673111, "researchAndDevelopmentExpenses": 0, "generalAndAdministrativeExpenses": 69800000, "sellingAndMarketingExpenses": 0, "sellingGeneralAndAdministrativeExpenses": 69800000, "otherExpenses": 12300000, "operatingExpenses": 82100000, "costAndExpenses": 241600000, "interestIncome": 0, "interestExpense": 0, "depreciationAndAmortization": 12300000, "ebitda": 53100000, "ebitdaratio": 0.1866432337, "operatingIncome": 42900000, "operatingIncomeRatio": 0.1507908612, "totalOtherIncomeExpensesNet": 2100000, "incomeBeforeTax": 41600000, "incomeBeforeTaxRatio": 0.1462214411, "incomeTaxExpense": 15000000, "netIncome": 26600000, "netIncomeRatio": 0.0934973638, "eps": 0.21, "epsdiluted": 0.21, "weightedAverageShsOut": 126666667, "weightedAverageShsOutDil": 126666667, "link": "", "finalLink": "", "calculatedOtherExpenses": 12300000, "calculatedOperatingExpenses": 82100000, "calculatedNetInterest": 0, "calculatedOtherIncome": -1300000, "calculatedIncomeNonControlling": 0, "calculatedEbitda": 55200000}, {"date": "1989-05-31", "symbol": "CTAS", "reportedCurrency": "USD", "cik": "0000723254", "fillingDate": "1989-05-31", "acceptedDate": "1989-05-30 20:00:00", "calendarYear": "1989", "period": "FY", "revenue": 243600000, "costOfRevenue": 137500000, "grossProfit": 106100000, "grossProfitRatio": 0.4355500821, "researchAndDevelopmentExpenses": 0, "generalAndAdministrativeExpenses": 59300000, "sellingAndMarketingExpenses": 0, "sellingGeneralAndAdministrativeExpenses": 59300000, "otherExpenses": 10100000, "operatingExpenses": 69400000, "costAndExpenses": 206900000, "interestIncome": 0, "interestExpense": 0, "depreciationAndAmortization": 10100000, "ebitda": 45300000, "ebitdaratio": 0.1859605911, "operatingIncome": 36700000, "operatingIncomeRatio": 0.1506568144, "totalOtherIncomeExpensesNet": 1500000, "incomeBeforeTax": 34900000, "incomeBeforeTaxRatio": 0.1432676519, "incomeTaxExpense": 12800000, "netIncome": 22100000, "netIncomeRatio": 0.0907224959, "eps": 0.2, "epsdiluted": 0.2, "weightedAverageShsOut": 110500000, "weightedAverageShsOutDil": 110500000, "link": "", "finalLink": "", "calculatedOtherExpenses": 10100000, "calculatedOperatingExpenses": 69400000, "calculatedNetInterest": 0, "calculatedOtherIncome": -1800000, "calculatedIncomeNonControlling": 0, "calculatedEbitda": 46800000}, {"date": "1988-05-31", "symbol": "CTAS", "reportedCurrency": "USD", "cik": "0000723254", "fillingDate": "1988-05-31", "acceptedDate": "1988-05-30 20:00:00", "calendarYear": "1988", "period": "FY", "revenue": 204500000, "costOfRevenue": 114200000, "grossProfit": 90300000, "grossProfitRatio": 0.4415647922, "researchAndDevelopmentExpenses": 0, "generalAndAdministrativeExpenses": 51800000, "sellingAndMarketingExpenses": 0, "sellingGeneralAndAdministrativeExpenses": 51800000, "otherExpenses": 8200000, "operatingExpenses": 60000000, "costAndExpenses": 174200000, "interestIncome": 0, "interestExpense": 0, "depreciationAndAmortization": 8200000, "ebitda": 37200000, "ebitdaratio": 0.1819070905, "operatingIncome": 30300000, "operatingIncomeRatio": 0.1481662592, "totalOtherIncomeExpensesNet": 1300000, "incomeBeforeTax": 27700000, "incomeBeforeTaxRatio": 0.1354523227, "incomeTaxExpense": 10500000, "netIncome": 17200000, "netIncomeRatio": 0.0841075795, "eps": 0.15, "epsdiluted": 0.15, "weightedAverageShsOut": 114666667, "weightedAverageShsOutDil": 114666667, "link": "", "finalLink": "", "calculatedOtherExpenses": 8200000, "calculatedOperatingExpenses": 60000000, "calculatedNetInterest": 0, "calculatedOtherIncome": -2600000, "calculatedIncomeNonControlling": 0, "calculatedEbitda": 38500000}, {"date": "1987-05-31", "symbol": "CTAS", "reportedCurrency": "USD", "cik": "0000723254", "fillingDate": "1987-05-31", "acceptedDate": "1987-05-30 20:00:00", "calendarYear": "1987", "period": "FY", "revenue": 163400000, "costOfRevenue": 90200000, "grossProfit": 73200000, "grossProfitRatio": 0.4479804162, "researchAndDevelopmentExpenses": 0, "generalAndAdministrativeExpenses": 39600000, "sellingAndMarketingExpenses": 0, "sellingGeneralAndAdministrativeExpenses": 39600000, "otherExpenses": 6500000, "operatingExpenses": 46100000, "costAndExpenses": 136300000, "interestIncome": 0, "interestExpense": 0, "depreciationAndAmortization": 6500000, "ebitda": 32100000, "ebitdaratio": 0.1964504284, "operatingIncome": 27100000, "operatingIncomeRatio": 0.1658506732, "totalOtherIncomeExpensesNet": 1500000, "incomeBeforeTax": 25100000, "incomeBeforeTaxRatio": 0.1536107711, "incomeTaxExpense": 11200000, "netIncome": 13900000, "netIncomeRatio": 0.0850673195, "eps": 0.12, "epsdiluted": 0.12, "weightedAverageShsOut": 115833333, "weightedAverageShsOutDil": 115833333, "link": "", "finalLink": "", "calculatedOtherExpenses": 6500000, "calculatedOperatingExpenses": 46100000, "calculatedNetInterest": 0, "calculatedOtherIncome": -2000000, "calculatedIncomeNonControlling": 0, "calculatedEbitda": 33600000}, {"date": "1986-05-31", "symbol": "CTAS", "reportedCurrency": "USD", "cik": "0000723254", "fillingDate": "1986-05-31", "acceptedDate": "1986-05-30 20:00:00", "calendarYear": "1986", "period": "FY", "revenue": 123700000, "costOfRevenue": 70000000, "grossProfit": 53700000, "grossProfitRatio": 0.4341147939, "researchAndDevelopmentExpenses": 0, "generalAndAdministrativeExpenses": 27500000, "sellingAndMarketingExpenses": 0, "sellingGeneralAndAdministrativeExpenses": 27500000, "otherExpenses": 5300000, "operatingExpenses": 32800000, "costAndExpenses": 102800000, "interestIncome": 0, "interestExpense": 0, "depreciationAndAmortization": 5300000, "ebitda": 24500000, "ebitdaratio": 0.1980598222, "operatingIncome": 20900000, "operatingIncomeRatio": 0.1689571544, "totalOtherIncomeExpensesNet": 1700000, "incomeBeforeTax": 20100000, "incomeBeforeTaxRatio": 0.1624898949, "incomeTaxExpense": 8800000, "netIncome": 11300000, "netIncomeRatio": 0.0913500404, "eps": 0.1, "epsdiluted": 0.1, "weightedAverageShsOut": 113000000, "weightedAverageShsOutDil": 113000000, "link": "", "finalLink": "", "calculatedOtherExpenses": 5300000, "calculatedOperatingExpenses": 32800000, "calculatedNetInterest": 0, "calculatedOtherIncome": -800000, "calculatedIncomeNonControlling": 0, "calculatedEbitda": 26200000}]}