{"originalCurrency": "USD", "convertedCurrency": "USD", "report": [{"date": "2023-06-30", "symbol": "CTLT", "reportedCurrency": "USD", "cik": "0001596783", "fillingDate": "2023-12-08", "acceptedDate": "2023-12-08 17:05:20", "calendarYear": "2023", "period": "FY", "revenue": 4276000000, "costOfRevenue": 3216000000, "grossProfit": 1060000000, "grossProfitRatio": 0.2478952292, "researchAndDevelopmentExpenses": 18000000, "generalAndAdministrativeExpenses": 0, "sellingAndMarketingExpenses": 0, "sellingGeneralAndAdministrativeExpenses": 831000000, "otherExpenses": 6000000, "operatingExpenses": 987000000, "costAndExpenses": 4203000000, "interestIncome": 184000000, "interestExpense": 184000000, "depreciationAndAmortization": 216000000, "ebitda": 79000000, "ebitdaratio": 0.0184752105, "operatingIncome": -137000000, "operatingIncomeRatio": -0.0320392891, "totalOtherIncomeExpensesNet": -204000000, "incomeBeforeTax": -315000000, "incomeBeforeTaxRatio": -0.0736669785, "incomeTaxExpense": -83000000, "netIncome": -232000000, "netIncomeRatio": -0.0542563143, "eps": -1.28, "epsdiluted": -1.28, "weightedAverageShsOut": 181000000, "weightedAverageShsOutDil": 181000000, "link": "https://www.sec.gov/Archives/edgar/data/1596783/000159678323000185/0001596783-23-000185-index.htm", "finalLink": "https://www.sec.gov/Archives/edgar/data/1596783/000159678323000185/ctlt-20230630.htm", "calculatedOtherExpenses": 348000000, "calculatedOperatingExpenses": 1197000000, "calculatedNetInterest": 0, "calculatedOtherIncome": -178000000, "calculatedIncomeNonControlling": 0, "calculatedEbitda": 79000000}, {"date": "2022-06-30", "symbol": "CTLT", "reportedCurrency": "USD", "cik": "0001596783", "fillingDate": "2022-08-29", "acceptedDate": "2022-08-29 09:21:25", "calendarYear": "2022", "period": "FY", "revenue": 4828000000, "costOfRevenue": 3188000000, "grossProfit": 1640000000, "grossProfitRatio": 0.3396851698, "researchAndDevelopmentExpenses": 23000000, "generalAndAdministrativeExpenses": 0, "sellingAndMarketingExpenses": 0, "sellingGeneralAndAdministrativeExpenses": 844000000, "otherExpenses": 41000000, "operatingExpenses": 885000000, "costAndExpenses": 4073000000, "interestIncome": 123000000, "interestExpense": 123000000, "depreciationAndAmortization": 378000000, "ebitda": 727000000, "ebitdaratio": 0.1505799503, "operatingIncome": 349000000, "operatingIncomeRatio": 0.0722866611, "totalOtherIncomeExpensesNet": 256000000, "incomeBeforeTax": 605000000, "incomeBeforeTaxRatio": 0.1253106877, "incomeTaxExpense": 86000000, "netIncome": 499000000, "netIncomeRatio": 0.1033554267, "eps": 2.74, "epsdiluted": 2.71, "weightedAverageShsOut": 176000000, "weightedAverageShsOutDil": 178000000, "link": "https://www.sec.gov/Archives/edgar/data/1596783/000159678322000129/0001596783-22-000129-index.htm", "finalLink": "https://www.sec.gov/Archives/edgar/data/1596783/000159678322000129/ctlt-20220630.htm", "calculatedOtherExpenses": 424000000, "calculatedOperatingExpenses": 1291000000, "calculatedNetInterest": 0, "calculatedOtherIncome": 256000000, "calculatedIncomeNonControlling": 20000000, "calculatedEbitda": 727000000}, {"date": "2021-06-30", "symbol": "CTLT", "reportedCurrency": "USD", "cik": "0001596783", "fillingDate": "2021-08-30", "acceptedDate": "2021-08-30 09:26:48", "calendarYear": "2021", "period": "FY", "revenue": 3998000000, "costOfRevenue": 2646000000, "grossProfit": 1352000000, "grossProfitRatio": 0.3381690845, "researchAndDevelopmentExpenses": 21000000, "generalAndAdministrativeExpenses": 0, "sellingAndMarketingExpenses": 0, "sellingGeneralAndAdministrativeExpenses": 687000000, "otherExpenses": 19000000, "operatingExpenses": 706000000, "costAndExpenses": 3352000000, "interestIncome": 110000000, "interestExpense": 110000000, "depreciationAndAmortization": 289000000, "ebitda": 643000000, "ebitdaratio": 0.1608304152, "operatingIncome": 354000000, "operatingIncomeRatio": 0.0885442721, "totalOtherIncomeExpensesNet": 361000000, "incomeBeforeTax": 715000000, "incomeBeforeTaxRatio": 0.1788394197, "incomeTaxExpense": 130000000, "netIncome": 585000000, "netIncomeRatio": 0.1463231616, "eps": 3.15, "epsdiluted": 3.11, "weightedAverageShsOut": 168000000, "weightedAverageShsOutDil": 170000000, "link": "https://www.sec.gov/Archives/edgar/data/1596783/000159678321000110/0001596783-21-000110-index.htm", "finalLink": "https://www.sec.gov/Archives/edgar/data/1596783/000159678321000110/ctlt-20210630.htm", "calculatedOtherExpenses": 290000000, "calculatedOperatingExpenses": 998000000, "calculatedNetInterest": 0, "calculatedOtherIncome": 361000000, "calculatedIncomeNonControlling": 0, "calculatedEbitda": 643000000}, {"date": "2020-06-30", "symbol": "CTLT", "reportedCurrency": "USD", "cik": "0001596783", "fillingDate": "2020-08-31", "acceptedDate": "2020-08-31 16:28:27", "calendarYear": "2020", "period": "FY", "revenue": 3094300000, "costOfRevenue": 2111000000, "grossProfit": 983300000, "grossProfitRatio": 0.3177778496, "researchAndDevelopmentExpenses": 63800000, "generalAndAdministrativeExpenses": 0, "sellingAndMarketingExpenses": 0, "sellingGeneralAndAdministrativeExpenses": 577900000, "otherExpenses": -7900000, "operatingExpenses": 577900000, "costAndExpenses": 2688900000, "interestIncome": 126000000, "interestExpense": 126100000, "depreciationAndAmortization": 253700000, "ebitda": 397500000, "ebitdaratio": 0.1284620108, "operatingIncome": 143800000, "operatingIncomeRatio": 0.0464725463, "totalOtherIncomeExpensesNet": 116600000, "incomeBeforeTax": 260400000, "incomeBeforeTaxRatio": 0.0841547361, "incomeTaxExpense": 39700000, "netIncome": 173000000, "netIncomeRatio": 0.0559092525, "eps": 1.15, "epsdiluted": 1.14, "weightedAverageShsOut": 149794191, "weightedAverageShsOutDil": 152321803, "link": "https://www.sec.gov/Archives/edgar/data/1596783/000159678320000155/0001596783-20-000155-index.htm", "finalLink": "https://www.sec.gov/Archives/edgar/data/1596783/000159678320000155/ctlt-20200630.htm", "calculatedOtherExpenses": 197800000, "calculatedOperatingExpenses": 839500000, "calculatedNetInterest": -100000, "calculatedOtherIncome": 116700000, "calculatedIncomeNonControlling": 47700000, "calculatedEbitda": 397500000}, {"date": "2019-06-30", "symbol": "CTLT", "reportedCurrency": "USD", "cik": "0001596783", "fillingDate": "2019-08-27", "acceptedDate": "2019-08-27 17:24:00", "calendarYear": "2019", "period": "FY", "revenue": 2518000000, "costOfRevenue": 1712900000, "grossProfit": 805100000, "grossProfitRatio": 0.3197378872, "researchAndDevelopmentExpenses": 54500000, "generalAndAdministrativeExpenses": 0, "sellingAndMarketingExpenses": 0, "sellingGeneralAndAdministrativeExpenses": 512000000, "otherExpenses": -2700000, "operatingExpenses": 512000000, "costAndExpenses": 2224900000, "interestIncome": 111000000, "interestExpense": 110900000, "depreciationAndAmortization": 228600000, "ebitda": 290400000, "ebitdaratio": 0.1153296267, "operatingIncome": 61800000, "operatingIncomeRatio": 0.0245432883, "totalOtherIncomeExpensesNet": 98500000, "incomeBeforeTax": 160300000, "incomeBeforeTaxRatio": 0.0636616362, "incomeTaxExpense": 22900000, "netIncome": 137400000, "netIncomeRatio": 0.0545671168, "eps": 0.92, "epsdiluted": 0.9, "weightedAverageShsOut": 144245956, "weightedAverageShsOutDil": 145954475, "link": "https://www.sec.gov/Archives/edgar/data/1596783/000159678319000183/0001596783-19-000183-index.htm", "finalLink": "https://www.sec.gov/Archives/edgar/data/1596783/000159678319000183/ctlt-20190630.htm", "calculatedOtherExpenses": 176800000, "calculatedOperatingExpenses": 743300000, "calculatedNetInterest": 100000, "calculatedOtherIncome": 98400000, "calculatedIncomeNonControlling": 0, "calculatedEbitda": 290400000}, {"date": "2018-06-30", "symbol": "CTLT", "reportedCurrency": "USD", "cik": "0001596783", "fillingDate": "2018-08-28", "acceptedDate": "2018-08-28 09:11:45", "calendarYear": "2018", "period": "FY", "revenue": 2463400000, "costOfRevenue": 1710800000, "grossProfit": 752600000, "grossProfitRatio": 0.305512706, "researchAndDevelopmentExpenses": 0, "generalAndAdministrativeExpenses": 462600000, "sellingAndMarketingExpenses": 0, "sellingGeneralAndAdministrativeExpenses": 462600000, "otherExpenses": -7700000, "operatingExpenses": 462600000, "costAndExpenses": 2173400000, "interestIncome": 0, "interestExpense": 111400000, "depreciationAndAmortization": 190100000, "ebitda": 282300000, "ebitdaratio": 0.1145977105, "operatingIncome": 271100000, "operatingIncomeRatio": 0.1100511488, "totalOtherIncomeExpensesNet": -26600000, "incomeBeforeTax": 152000000, "incomeBeforeTaxRatio": 0.0617033369, "incomeTaxExpense": 68400000, "netIncome": 83600000, "netIncomeRatio": 0.0339368353, "eps": 0.64, "epsdiluted": 0.63, "weightedAverageShsOut": 131200000, "weightedAverageShsOutDil": 133200000, "link": "https://www.sec.gov/Archives/edgar/data/1596783/000159678318000101/0001596783-18-000101-index.htm", "finalLink": "https://www.sec.gov/Archives/edgar/data/1596783/000159678318000101/a10-kfy18xq4.htm", "calculatedOtherExpenses": 18900000, "calculatedOperatingExpenses": 481500000, "calculatedNetInterest": -111400000, "calculatedOtherIncome": -7700000, "calculatedIncomeNonControlling": 0, "calculatedEbitda": 461200000}, {"date": "2017-06-30", "symbol": "CTLT", "reportedCurrency": "USD", "cik": "0001596783", "fillingDate": "2017-08-28", "acceptedDate": "2017-08-28 17:21:21", "calendarYear": "2017", "period": "FY", "revenue": 2075400000, "costOfRevenue": 1420800000, "grossProfit": 654600000, "grossProfitRatio": 0.3154090778, "researchAndDevelopmentExpenses": 0, "generalAndAdministrativeExpenses": 402600000, "sellingAndMarketingExpenses": 0, "sellingGeneralAndAdministrativeExpenses": 402600000, "otherExpenses": -8500000, "operatingExpenses": 402600000, "costAndExpenses": 1823400000, "interestIncome": 0, "interestExpense": 90100000, "depreciationAndAmortization": 146500000, "ebitda": 243500000, "ebitdaratio": 0.1173267804, "operatingIncome": 234200000, "operatingIncomeRatio": 0.1128457165, "totalOtherIncomeExpensesNet": -26300000, "incomeBeforeTax": 135600000, "incomeBeforeTaxRatio": 0.0653368025, "incomeTaxExpense": 25800000, "netIncome": 109800000, "netIncomeRatio": 0.052905464, "eps": 0.88, "epsdiluted": 0.87, "weightedAverageShsOut": 125000000, "weightedAverageShsOutDil": 126700000, "link": "https://www.sec.gov/Archives/edgar/data/1596783/000159678317000148/0001596783-17-000148-index.htm", "finalLink": "https://www.sec.gov/Archives/edgar/data/1596783/000159678317000148/a10-kfy17xq4.htm", "calculatedOtherExpenses": 17800000, "calculatedOperatingExpenses": 420400000, "calculatedNetInterest": -90100000, "calculatedOtherIncome": -8500000, "calculatedIncomeNonControlling": 0, "calculatedEbitda": 380700000}, {"date": "2016-06-30", "symbol": "CTLT", "reportedCurrency": "USD", "cik": "0001596783", "fillingDate": "2016-08-29", "acceptedDate": "2016-08-29 17:16:57", "calendarYear": "2016", "period": "FY", "revenue": 1848100000, "costOfRevenue": 1260500000, "grossProfit": 587600000, "grossProfitRatio": 0.317948163, "researchAndDevelopmentExpenses": 0, "generalAndAdministrativeExpenses": 358100000, "sellingAndMarketingExpenses": 0, "sellingGeneralAndAdministrativeExpenses": 358100000, "otherExpenses": 15600000, "operatingExpenses": 358100000, "costAndExpenses": 1618600000, "interestIncome": 0, "interestExpense": 88500000, "depreciationAndAmortization": 140600000, "ebitda": 245100000, "ebitdaratio": 0.1326226936, "operatingIncome": 217800000, "operatingIncomeRatio": 0.1178507657, "totalOtherIncomeExpensesNet": 3900000, "incomeBeforeTax": 144900000, "incomeBeforeTaxRatio": 0.0784048482, "incomeTaxExpense": 33700000, "netIncome": 111500000, "netIncomeRatio": 0.0603322331, "eps": 0.89, "epsdiluted": 0.89, "weightedAverageShsOut": 124800000, "weightedAverageShsOutDil": 125900000, "link": "https://www.sec.gov/Archives/edgar/data/1596783/000159678316000114/0001596783-16-000114-index.htm", "finalLink": "https://www.sec.gov/Archives/edgar/data/1596783/000159678316000114/a10-kfy16xq4.htm", "calculatedOtherExpenses": 11700000, "calculatedOperatingExpenses": 369800000, "calculatedNetInterest": -88500000, "calculatedOtherIncome": 15600000, "calculatedIncomeNonControlling": -300000, "calculatedEbitda": 358400000}, {"date": "2015-06-30", "symbol": "CTLT", "reportedCurrency": "USD", "cik": "0001596783", "fillingDate": "2015-09-02", "acceptedDate": "2015-09-02 16:12:54", "calendarYear": "2015", "period": "FY", "revenue": 1830800000, "costOfRevenue": 1215500000, "grossProfit": 615300000, "grossProfitRatio": 0.3360825868, "researchAndDevelopmentExpenses": 0, "generalAndAdministrativeExpenses": 337300000, "sellingAndMarketingExpenses": 0, "sellingGeneralAndAdministrativeExpenses": 337300000, "otherExpenses": -42400000, "operatingExpenses": 337300000, "costAndExpenses": 1552800000, "interestIncome": 0, "interestExpense": 105000000, "depreciationAndAmortization": 140800000, "ebitda": 235600000, "ebitdaratio": 0.1286869128, "operatingIncome": 259900000, "operatingIncomeRatio": 0.141959799, "totalOtherIncomeExpensesNet": -60500000, "incomeBeforeTax": 112500000, "incomeBeforeTaxRatio": 0.0614485471, "incomeTaxExpense": -97700000, "netIncome": 212200000, "netIncomeRatio": 0.115905615, "eps": 1.77, "epsdiluted": 1.75, "weightedAverageShsOut": 119887006, "weightedAverageShsOutDil": 121300000, "link": "https://www.sec.gov/Archives/edgar/data/1596783/000159678315000026/0001596783-15-000026-index.htm", "finalLink": "https://www.sec.gov/Archives/edgar/data/1596783/000159678315000026/a10-kfy15xq4.htm", "calculatedOtherExpenses": 18100000, "calculatedOperatingExpenses": 355400000, "calculatedNetInterest": -105000000, "calculatedOtherIncome": -42400000, "calculatedIncomeNonControlling": -2000000, "calculatedEbitda": 400700000}, {"date": "2014-06-30", "symbol": "CTLT", "reportedCurrency": "USD", "cik": "0001596783", "fillingDate": "2014-09-08", "acceptedDate": "2014-09-08 15:45:22", "calendarYear": "2014", "period": "FY", "revenue": 1827700000, "costOfRevenue": 1229100000, "grossProfit": 598600000, "grossProfitRatio": 0.3275154566, "researchAndDevelopmentExpenses": 0, "generalAndAdministrativeExpenses": 334800000, "sellingAndMarketingExpenses": 0, "sellingGeneralAndAdministrativeExpenses": 334800000, "otherExpenses": -10400000, "operatingExpenses": 334800000, "costAndExpenses": 1563900000, "interestIncome": 0, "interestExpense": 163100000, "depreciationAndAmortization": 142900000, "ebitda": 253400000, "ebitdaratio": 0.1386441976, "operatingIncome": 240900000, "operatingIncomeRatio": 0.1318050008, "totalOtherIncomeExpensesNet": -33300000, "incomeBeforeTax": 67400000, "incomeBeforeTaxRatio": 0.0368769492, "incomeTaxExpense": 49500000, "netIncome": 16200000, "netIncomeRatio": 0.0088635991, "eps": 0.14, "epsdiluted": 0.14, "weightedAverageShsOut": 117301370, "weightedAverageShsOutDil": 117301370, "link": "https://www.sec.gov/Archives/edgar/data/1596783/000159678314000008/0001596783-14-000008-index.htm", "finalLink": "https://www.sec.gov/Archives/edgar/data/1596783/000159678314000008/a10-kfy14xq4.htm", "calculatedOtherExpenses": 22900000, "calculatedOperatingExpenses": 357700000, "calculatedNetInterest": -163100000, "calculatedOtherIncome": -10400000, "calculatedIncomeNonControlling": 1700000, "calculatedEbitda": 383800000}, {"date": "2013-06-30", "symbol": "CTLT", "reportedCurrency": "USD", "cik": "0001596783", "fillingDate": "2013-06-30", "acceptedDate": "2013-06-29 20:00:00", "calendarYear": "2013", "period": "FY", "revenue": 1800300000, "costOfRevenue": 1231700000, "grossProfit": 568600000, "grossProfitRatio": 0.3158362495, "researchAndDevelopmentExpenses": 0, "generalAndAdministrativeExpenses": 340600000, "sellingAndMarketingExpenses": 0, "sellingGeneralAndAdministrativeExpenses": 340600000, "otherExpenses": -25100000, "operatingExpenses": 340600000, "costAndExpenses": 1572300000, "interestIncome": 0, "interestExpense": 203200000, "depreciationAndAmortization": 152200000, "ebitda": 355100000, "ebitdaratio": 0.1972449036, "operatingIncome": 204400000, "operatingIncomeRatio": 0.1135366328, "totalOtherIncomeExpensesNet": -48700000, "incomeBeforeTax": -23900000, "incomeBeforeTaxRatio": -0.0132755652, "incomeTaxExpense": 24100000, "netIncome": -46700000, "netIncomeRatio": -0.0259401211, "eps": -0.4, "epsdiluted": -0.4, "weightedAverageShsOut": 117321337, "weightedAverageShsOutDil": 117321337, "link": "", "finalLink": "", "calculatedOtherExpenses": 23600000, "calculatedOperatingExpenses": 364200000, "calculatedNetInterest": -203200000, "calculatedOtherIncome": -25100000, "calculatedIncomeNonControlling": -1300000, "calculatedEbitda": 356600000}, {"date": "2012-06-30", "symbol": "CTLT", "reportedCurrency": "USD", "cik": "0001596783", "fillingDate": "2012-06-30", "acceptedDate": "2012-06-29 20:00:00", "calendarYear": "2012", "period": "FY", "revenue": 1694800000, "costOfRevenue": 1136200000, "grossProfit": 558600000, "grossProfitRatio": 0.3295964126, "researchAndDevelopmentExpenses": 0, "generalAndAdministrativeExpenses": 339300000, "sellingAndMarketingExpenses": 0, "sellingGeneralAndAdministrativeExpenses": 339300000, "otherExpenses": 3800000, "operatingExpenses": 339300000, "costAndExpenses": 1475500000, "interestIncome": 0, "interestExpense": 183200000, "depreciationAndAmortization": 129700000, "ebitda": 352800000, "ebitdaratio": 0.2081661553, "operatingIncome": 198000000, "operatingIncomeRatio": 0.1168279443, "totalOtherIncomeExpensesNet": -17500000, "incomeBeforeTax": 18600000, "incomeBeforeTaxRatio": 0.0109747463, "incomeTaxExpense": 500000, "netIncome": -24400000, "netIncomeRatio": -0.014396979, "eps": -0.21, "epsdiluted": -0.21, "weightedAverageShsOut": 117321337, "weightedAverageShsOutDil": 117321337, "link": "", "finalLink": "", "calculatedOtherExpenses": 21300000, "calculatedOperatingExpenses": 360600000, "calculatedNetInterest": -183200000, "calculatedOtherIncome": 3800000, "calculatedIncomeNonControlling": 42500000, "calculatedEbitda": 327700000}, {"date": "2011-06-30", "symbol": "CTLT", "reportedCurrency": "USD", "cik": "0001596783", "fillingDate": "2011-06-30", "acceptedDate": "2011-06-29 20:00:00", "calendarYear": "2011", "period": "FY", "revenue": 1531800000, "costOfRevenue": 1029700000, "grossProfit": 502100000, "grossProfitRatio": 0.327784306, "researchAndDevelopmentExpenses": 0, "generalAndAdministrativeExpenses": 299900000, "sellingAndMarketingExpenses": 0, "sellingGeneralAndAdministrativeExpenses": 299900000, "otherExpenses": -26000000, "operatingExpenses": 299900000, "costAndExpenses": 1329600000, "interestIncome": 0, "interestExpense": 165500000, "depreciationAndAmortization": 115500000, "ebitda": 291700000, "ebitdaratio": 0.19042956, "operatingIncome": 186100000, "operatingIncomeRatio": 0.1214910563, "totalOtherIncomeExpensesNet": -42100000, "incomeBeforeTax": -5400000, "incomeBeforeTaxRatio": -0.0035252644, "incomeTaxExpense": 23700000, "netIncome": -54000000, "netIncomeRatio": -0.0352526439, "eps": -0.46, "epsdiluted": -0.46, "weightedAverageShsOut": 117321337, "weightedAverageShsOutDil": 117321337, "link": "", "finalLink": "", "calculatedOtherExpenses": 16100000, "calculatedOperatingExpenses": 316000000, "calculatedNetInterest": -165500000, "calculatedOtherIncome": -26000000, "calculatedIncomeNonControlling": 24900000, "calculatedEbitda": 301600000}]}