{"originalCurrency": "USD", "convertedCurrency": "USD", "report": [{"date": "2023-12-31", "symbol": "CTRA", "reportedCurrency": "USD", "cik": "0000858470", "fillingDate": "2024-02-23", "acceptedDate": "2024-02-23 13:38:25", "calendarYear": "2023", "period": "FY", "revenue": 5684000000, "costOfRevenue": 3481000000, "grossProfit": 2203000000, "grossProfitRatio": 0.3875791696, "researchAndDevelopmentExpenses": 0, "generalAndAdministrativeExpenses": 279000000, "sellingAndMarketingExpenses": -12000000, "sellingGeneralAndAdministrativeExpenses": 279000000, "otherExpenses": 0, "operatingExpenses": 279000000, "costAndExpenses": 3760000000, "interestIncome": 47000000, "interestExpense": 73000000, "depreciationAndAmortization": 1641000000, "ebitda": 3565000000, "ebitdaratio": 0.6271991555, "operatingIncome": 1924000000, "operatingIncomeRatio": 0.3384940183, "totalOtherIncomeExpensesNet": 204000000, "incomeBeforeTax": 2128000000, "incomeBeforeTaxRatio": 0.3743842365, "incomeTaxExpense": 503000000, "netIncome": 1625000000, "netIncomeRatio": 0.2858902182, "eps": 2.14, "epsdiluted": 2.13, "weightedAverageShsOut": 756000000, "weightedAverageShsOutDil": 760000000, "link": "https://www.sec.gov/Archives/edgar/data/858470/000085847024000019/0000858470-24-000019-index.htm", "finalLink": "https://www.sec.gov/Archives/edgar/data/858470/000085847024000019/cog-20231231.htm", "calculatedOtherExpenses": 0, "calculatedOperatingExpenses": 279000000, "calculatedNetInterest": -26000000, "calculatedOtherIncome": 230000000, "calculatedIncomeNonControlling": 0, "calculatedEbitda": 3565000000}, {"date": "2022-12-31", "symbol": "CTRA", "reportedCurrency": "USD", "cik": "0000858470", "fillingDate": "2023-02-27", "acceptedDate": "2023-02-27 16:31:43", "calendarYear": "2022", "period": "FY", "revenue": 9051000000, "costOfRevenue": 3050000000, "grossProfit": 6001000000, "grossProfitRatio": 0.6630206607, "researchAndDevelopmentExpenses": 0, "generalAndAdministrativeExpenses": 327000000, "sellingAndMarketingExpenses": 0, "sellingGeneralAndAdministrativeExpenses": 327000000, "otherExpenses": 395000000, "operatingExpenses": 722000000, "costAndExpenses": 3772000000, "interestIncome": 44000000, "interestExpense": 70000000, "depreciationAndAmortization": 1707000000, "ebitda": 6916000000, "ebitdaratio": 0.7641144625, "operatingIncome": 5209000000, "operatingIncomeRatio": 0.5755165175, "totalOtherIncomeExpensesNet": -40000000, "incomeBeforeTax": 5169000000, "incomeBeforeTaxRatio": 0.5710971163, "incomeTaxExpense": 1104000000, "netIncome": 4065000000, "netIncomeRatio": 0.449121644, "eps": 5.1, "epsdiluted": 5.08, "weightedAverageShsOut": 796000000, "weightedAverageShsOutDil": 799000000, "link": "https://www.sec.gov/Archives/edgar/data/858470/000085847023000011/0000858470-23-000011-index.htm", "finalLink": "https://www.sec.gov/Archives/edgar/data/858470/000085847023000011/cog-20221231.htm", "calculatedOtherExpenses": 465000000, "calculatedOperatingExpenses": 792000000, "calculatedNetInterest": -26000000, "calculatedOtherIncome": -14000000, "calculatedIncomeNonControlling": 0, "calculatedEbitda": 6916000000}, {"date": "2021-12-31", "symbol": "CTRA", "reportedCurrency": "USD", "cik": "0000858470", "fillingDate": "2022-03-01", "acceptedDate": "2022-03-01 16:45:05", "calendarYear": "2021", "period": "FY", "revenue": 3449000000, "costOfRevenue": 1512000000, "grossProfit": 1937000000, "grossProfitRatio": 0.5616120615, "researchAndDevelopmentExpenses": 0, "generalAndAdministrativeExpenses": 198000000, "sellingAndMarketingExpenses": 0, "sellingGeneralAndAdministrativeExpenses": 198000000, "otherExpenses": 101000000, "operatingExpenses": 299000000, "costAndExpenses": 1811000000, "interestIncome": 10000000, "interestExpense": 62000000, "depreciationAndAmortization": 767000000, "ebitda": 2331000000, "ebitdaratio": 0.6758480719, "operatingIncome": 1564000000, "operatingIncomeRatio": 0.4534647724, "totalOtherIncomeExpensesNet": -62000000, "incomeBeforeTax": 1502000000, "incomeBeforeTaxRatio": 0.4354885474, "incomeTaxExpense": 344000000, "netIncome": 1158000000, "netIncomeRatio": 0.3357494926, "eps": 2.3, "epsdiluted": 2.29, "weightedAverageShsOut": 503000000, "weightedAverageShsOutDil": 504000000, "link": "https://www.sec.gov/Archives/edgar/data/858470/000085847022000009/0000858470-22-000009-index.htm", "finalLink": "https://www.sec.gov/Archives/edgar/data/858470/000085847022000009/cog-20211231.htm", "calculatedOtherExpenses": 175000000, "calculatedOperatingExpenses": 373000000, "calculatedNetInterest": -52000000, "calculatedOtherIncome": -10000000, "calculatedIncomeNonControlling": 0, "calculatedEbitda": 2331000000}, {"date": "2020-12-31", "symbol": "CTRA", "reportedCurrency": "USD", "cik": "0000858470", "fillingDate": "2021-02-26", "acceptedDate": "2021-02-26 13:33:39", "calendarYear": "2020", "period": "FY", "revenue": 1466624000, "costOfRevenue": 1035408000, "grossProfit": 431216000, "grossProfitRatio": 0.2940194624, "researchAndDevelopmentExpenses": 0, "generalAndAdministrativeExpenses": 105391000, "sellingAndMarketingExpenses": 0, "sellingGeneralAndAdministrativeExpenses": 105391000, "otherExpenses": 29799000, "operatingExpenses": 135190000, "costAndExpenses": 1170598000, "interestIncome": 54000000, "interestExpense": 54124000, "depreciationAndAmortization": 391165000, "ebitda": 686641000, "ebitdaratio": 0.4681779379, "operatingIncome": 295476000, "operatingIncomeRatio": 0.2014667699, "totalOtherIncomeExpensesNet": -54353000, "incomeBeforeTax": 241123000, "incomeBeforeTaxRatio": 0.1644068282, "incomeTaxExpense": 40594000, "netIncome": 201000000, "netIncomeRatio": 0.1370494414, "eps": 0.5, "epsdiluted": 0.5, "weightedAverageShsOut": 398521000, "weightedAverageShsOutDil": 400522000, "link": "https://www.sec.gov/Archives/edgar/data/858470/000085847021000013/0000858470-21-000013-index.htm", "finalLink": "https://www.sec.gov/Archives/edgar/data/858470/000085847021000013/cog-20201231.htm", "calculatedOtherExpenses": 30349000, "calculatedOperatingExpenses": 135740000, "calculatedNetInterest": -124000, "calculatedOtherIncome": -54229000, "calculatedIncomeNonControlling": -471000, "calculatedEbitda": 686641000}, {"date": "2019-12-31", "symbol": "CTRA", "reportedCurrency": "USD", "cik": "0000858470", "fillingDate": "2020-02-25", "acceptedDate": "2020-02-25 15:44:15", "calendarYear": "2019", "period": "FY", "revenue": 2066277000, "costOfRevenue": 1057368000, "grossProfit": 1008909000, "grossProfitRatio": 0.4882738374, "researchAndDevelopmentExpenses": 0, "generalAndAdministrativeExpenses": 94870000, "sellingAndMarketingExpenses": 0, "sellingGeneralAndAdministrativeExpenses": 94870000, "otherExpenses": 37323000, "operatingExpenses": 132193000, "costAndExpenses": 1189561000, "interestIncome": 55000000, "interestExpense": 54952000, "depreciationAndAmortization": 405733000, "ebitda": 956638000, "ebitdaratio": 0.4629766483, "operatingIncome": 550905000, "operatingIncomeRatio": 0.2666172057, "totalOtherIncomeExpensesNet": 349319000, "incomeBeforeTax": 900224000, "incomeBeforeTaxRatio": 0.4356744038, "incomeTaxExpense": 219154000, "netIncome": 681070000, "netIncomeRatio": 0.3296121478, "eps": 1.64, "epsdiluted": 1.63, "weightedAverageShsOut": 415514000, "weightedAverageShsOutDil": 417451000, "link": "https://www.sec.gov/Archives/edgar/data/858470/000085847020000012/0000858470-20-000012-index.htm", "finalLink": "https://www.sec.gov/Archives/edgar/data/858470/000085847020000012/cog-12312019x10k.htm", "calculatedOtherExpenses": 363134000, "calculatedOperatingExpenses": 458004000, "calculatedNetInterest": 48000, "calculatedOtherIncome": 349271000, "calculatedIncomeNonControlling": 0, "calculatedEbitda": 956638000}, {"date": "2018-12-31", "symbol": "CTRA", "reportedCurrency": "USD", "cik": "0000858470", "fillingDate": "2019-02-26", "acceptedDate": "2019-02-26 14:57:51", "calendarYear": "2018", "period": "FY", "revenue": 2188148000, "costOfRevenue": 1168054000, "grossProfit": 1020094000, "grossProfitRatio": 0.4661905867, "researchAndDevelopmentExpenses": 0, "generalAndAdministrativeExpenses": 96641000, "sellingAndMarketingExpenses": 0, "sellingGeneralAndAdministrativeExpenses": 96641000, "otherExpenses": -463000, "operatingExpenses": 233103000, "costAndExpenses": 1401157000, "interestIncome": 0, "interestExpense": 73201000, "depreciationAndAmortization": 417479000, "ebitda": 787665000, "ebitdaratio": 0.3599687955, "operatingIncome": 771801000, "operatingIncomeRatio": 0.3527188289, "totalOtherIncomeExpensesNet": -15653000, "incomeBeforeTax": 698137000, "incomeBeforeTaxRatio": 0.31905383, "incomeTaxExpense": 141094000, "netIncome": 557043000, "netIncomeRatio": 0.2545728168, "eps": 1.25, "epsdiluted": 1.25, "weightedAverageShsOut": 445538000, "weightedAverageShsOutDil": 445538000, "link": "https://www.sec.gov/Archives/edgar/data/858470/000085847019000008/0000858470-19-000008-index.htm", "finalLink": "https://www.sec.gov/Archives/edgar/data/858470/000085847019000008/cog-12312018x10k.htm", "calculatedOtherExpenses": 151652000, "calculatedOperatingExpenses": 248293000, "calculatedNetInterest": -73201000, "calculatedOtherIncome": -463000, "calculatedIncomeNonControlling": 0, "calculatedEbitda": 1189280000}, {"date": "2017-12-31", "symbol": "CTRA", "reportedCurrency": "USD", "cik": "0000858470", "fillingDate": "2018-03-01", "acceptedDate": "2018-02-28 17:49:51", "calendarYear": "2017", "period": "FY", "revenue": 1764219000, "costOfRevenue": 1167818000, "grossProfit": 596401000, "grossProfitRatio": 0.3380538357, "researchAndDevelopmentExpenses": 0, "generalAndAdministrativeExpenses": 97786000, "sellingAndMarketingExpenses": 0, "sellingGeneralAndAdministrativeExpenses": 97786000, "otherExpenses": 4955000, "operatingExpenses": 152799000, "costAndExpenses": 1320617000, "interestIncome": 0, "interestExpense": 82130000, "depreciationAndAmortization": 568817000, "ebitda": 348071000, "ebitdaratio": 0.1972946669, "operatingIncome": -151260000, "operatingIncomeRatio": -0.085737655, "totalOtherIncomeExpensesNet": -589907000, "incomeBeforeTax": -228435000, "incomeBeforeTaxRatio": -0.1294822241, "incomeTaxExpense": -328828000, "netIncome": 100393000, "netIncomeRatio": 0.0569050668, "eps": 0.22, "epsdiluted": 0.22, "weightedAverageShsOut": 463735000, "weightedAverageShsOutDil": 463735000, "link": "https://www.sec.gov/Archives/edgar/data/858470/000085847018000006/0000858470-18-000006-index.htm", "finalLink": "https://www.sec.gov/Archives/edgar/data/858470/000085847018000006/cog-12312017x10k.htm", "calculatedOtherExpenses": 649875000, "calculatedOperatingExpenses": 747661000, "calculatedNetInterest": -82130000, "calculatedOtherIncome": 4955000, "calculatedIncomeNonControlling": 0, "calculatedEbitda": 417557000}, {"date": "2016-12-31", "symbol": "CTRA", "reportedCurrency": "USD", "cik": "0000858470", "fillingDate": "2017-02-27", "acceptedDate": "2017-02-27 11:04:42", "calendarYear": "2016", "period": "FY", "revenue": 1155677000, "costOfRevenue": 1138151000, "grossProfit": 17526000, "grossProfitRatio": 0.015165137, "researchAndDevelopmentExpenses": 0, "generalAndAdministrativeExpenses": 87242000, "sellingAndMarketingExpenses": 0, "sellingGeneralAndAdministrativeExpenses": 87242000, "otherExpenses": 56885000, "operatingExpenses": 144127000, "costAndExpenses": 1282278000, "interestIncome": 0, "interestExpense": 88336000, "depreciationAndAmortization": 590128000, "ebitda": -129078000, "ebitdaratio": -0.1116903772, "operatingIncome": -566554000, "operatingIncomeRatio": -0.4902355935, "totalOtherIncomeExpensesNet": -444662000, "incomeBeforeTax": -659599000, "incomeBeforeTaxRatio": -0.5707468436, "incomeTaxExpense": -242475000, "netIncome": -417124000, "netIncomeRatio": -0.3609347595, "eps": -0.91, "epsdiluted": -0.91, "weightedAverageShsOut": 456847000, "weightedAverageShsOutDil": 456847000, "link": "https://www.sec.gov/Archives/edgar/data/858470/000085847017000007/0000858470-17-000007-index.htm", "finalLink": "https://www.sec.gov/Archives/edgar/data/858470/000085847017000007/cog-12312016x10k.htm", "calculatedOtherExpenses": 496838000, "calculatedOperatingExpenses": 584080000, "calculatedNetInterest": -88336000, "calculatedOtherIncome": -4709000, "calculatedIncomeNonControlling": 0, "calculatedEbitda": 23574000}, {"date": "2015-12-31", "symbol": "CTRA", "reportedCurrency": "USD", "cik": "0000858470", "fillingDate": "2016-02-22", "acceptedDate": "2016-02-22 15:27:31", "calendarYear": "2015", "period": "FY", "revenue": 1357150000, "costOfRevenue": 1203205000, "grossProfit": 153945000, "grossProfitRatio": 0.1134325609, "researchAndDevelopmentExpenses": 0, "generalAndAdministrativeExpenses": 69444000, "sellingAndMarketingExpenses": 0, "sellingGeneralAndAdministrativeExpenses": 69444000, "otherExpenses": 70269000, "operatingExpenses": 139713000, "costAndExpenses": 1342918000, "interestIncome": 0, "interestExpense": 96911000, "depreciationAndAmortization": 622211000, "ebitda": 20647000, "ebitdaratio": 0.0152134989, "operatingIncome": -90362000, "operatingIncomeRatio": -0.0665821759, "totalOtherIncomeExpensesNet": -104594000, "incomeBeforeTax": -187273000, "incomeBeforeTaxRatio": -0.1379899053, "incomeTaxExpense": -73382000, "netIncome": -113891000, "netIncomeRatio": -0.0839192425, "eps": -0.28, "epsdiluted": -0.28, "weightedAverageShsOut": 406753571, "weightedAverageShsOutDil": 413696000, "link": "https://www.sec.gov/Archives/edgar/data/858470/000085847016000036/0000858470-16-000036-index.htm", "finalLink": "https://www.sec.gov/Archives/edgar/data/858470/000085847016000036/cog-12312015x10k.htm", "calculatedOtherExpenses": 174863000, "calculatedOperatingExpenses": 244307000, "calculatedNetInterest": -96911000, "calculatedOtherIncome": 0, "calculatedIncomeNonControlling": 0, "calculatedEbitda": 531849000}, {"date": "2014-12-31", "symbol": "CTRA", "reportedCurrency": "USD", "cik": "0000858470", "fillingDate": "2015-02-27", "acceptedDate": "2015-02-27 11:15:10", "calendarYear": "2014", "period": "FY", "revenue": 2173011000, "costOfRevenue": 1157640000, "grossProfit": 1015371000, "grossProfitRatio": 0.4672645468, "researchAndDevelopmentExpenses": 0, "generalAndAdministrativeExpenses": 82590000, "sellingAndMarketingExpenses": 0, "sellingGeneralAndAdministrativeExpenses": 82590000, "otherExpenses": 75758000, "operatingExpenses": 158348000, "costAndExpenses": 1315988000, "interestIncome": 0, "interestExpense": 73785000, "depreciationAndAmortization": 632760000, "ebitda": 860103000, "ebitdaratio": 0.3958116181, "operatingIncome": 106186000, "operatingIncomeRatio": 0.0488658364, "totalOtherIncomeExpensesNet": -750837000, "incomeBeforeTax": 32401000, "incomeBeforeTaxRatio": 0.014910647, "incomeTaxExpense": -72067000, "netIncome": 104468000, "netIncomeRatio": 0.0480752283, "eps": 0.25, "epsdiluted": 0.25, "weightedAverageShsOut": 415840000, "weightedAverageShsOutDil": 415840000, "link": "https://www.sec.gov/Archives/edgar/data/858470/000162828015001120/0001628280-15-001120-index.htm", "finalLink": "https://www.sec.gov/Archives/edgar/data/858470/000162828015001120/cog-12312014x10k.htm", "calculatedOtherExpenses": 826595000, "calculatedOperatingExpenses": 909185000, "calculatedNetInterest": -73785000, "calculatedOtherIncome": 0, "calculatedIncomeNonControlling": 0, "calculatedEbitda": 738946000}, {"date": "2013-12-31", "symbol": "CTRA", "reportedCurrency": "USD", "cik": "0000858470", "fillingDate": "2014-02-28", "acceptedDate": "2014-02-28 09:05:12", "calendarYear": "2013", "period": "FY", "revenue": 1746278000, "costOfRevenue": 1051333000, "grossProfit": 694945000, "grossProfitRatio": 0.397957828, "researchAndDevelopmentExpenses": 0, "generalAndAdministrativeExpenses": 104606000, "sellingAndMarketingExpenses": 0, "sellingGeneralAndAdministrativeExpenses": 104606000, "otherExpenses": 61210000, "operatingExpenses": 165816000, "costAndExpenses": 1217149000, "interestIncome": 0, "interestExpense": 64942000, "depreciationAndAmortization": 651052000, "ebitda": 529129000, "ebitdaratio": 0.3030038745, "operatingIncome": 550480000, "operatingIncomeRatio": 0.3152304501, "totalOtherIncomeExpensesNet": 21351000, "incomeBeforeTax": 485538000, "incomeBeforeTaxRatio": 0.2780416406, "incomeTaxExpense": 205765000, "netIncome": 279773000, "netIncomeRatio": 0.1602110317, "eps": 0.67, "epsdiluted": 0.67, "weightedAverageShsOut": 420188000, "weightedAverageShsOutDil": 420188000, "link": "https://www.sec.gov/Archives/edgar/data/858470/000104746914001538/0001047469-14-001538-index.htm", "finalLink": "https://www.sec.gov/Archives/edgar/data/858470/000104746914001538/a2218428z10-k.htm", "calculatedOtherExpenses": 39859000, "calculatedOperatingExpenses": 144465000, "calculatedNetInterest": -64942000, "calculatedOtherIncome": 0, "calculatedIncomeNonControlling": 0, "calculatedEbitda": 1201532000}, {"date": "2012-12-31", "symbol": "CTRA", "reportedCurrency": "USD", "cik": "0000858470", "fillingDate": "2013-02-28", "acceptedDate": "2013-02-28 16:22:23", "calendarYear": "2012", "period": "FY", "revenue": 1204546000, "costOfRevenue": 741459000, "grossProfit": 463087000, "grossProfitRatio": 0.3844494108, "researchAndDevelopmentExpenses": 0, "generalAndAdministrativeExpenses": 121239000, "sellingAndMarketingExpenses": 0, "sellingGeneralAndAdministrativeExpenses": 121239000, "otherExpenses": 86350000, "operatingExpenses": 207589000, "costAndExpenses": 949048000, "interestIncome": 0, "interestExpense": 68293000, "depreciationAndAmortization": 451405000, "ebitda": 255498000, "ebitdaratio": 0.2121114511, "operatingIncome": 306133000, "operatingIncomeRatio": 0.2541480359, "totalOtherIncomeExpensesNet": 50635000, "incomeBeforeTax": 237840000, "incomeBeforeTaxRatio": 0.1974519861, "incomeTaxExpense": 106110000, "netIncome": 131730000, "netIncomeRatio": 0.1093607052, "eps": 0.32, "epsdiluted": 0.32, "weightedAverageShsOut": 419076000, "weightedAverageShsOutDil": 419076000, "link": "https://www.sec.gov/Archives/edgar/data/858470/000104746913001948/0001047469-13-001948-index.htm", "finalLink": "https://www.sec.gov/Archives/edgar/data/858470/000104746913001948/a2212957z10-k.htm", "calculatedOtherExpenses": 35715000, "calculatedOperatingExpenses": 156954000, "calculatedNetInterest": -68293000, "calculatedOtherIncome": 0, "calculatedIncomeNonControlling": 0, "calculatedEbitda": 757538000}, {"date": "2011-12-31", "symbol": "CTRA", "reportedCurrency": "USD", "cik": "0000858470", "fillingDate": "2012-02-28", "acceptedDate": "2012-02-28 15:23:32", "calendarYear": "2011", "period": "FY", "revenue": 979864000, "costOfRevenue": 261012000, "grossProfit": 718852000, "grossProfitRatio": 0.7336242581, "researchAndDevelopmentExpenses": 0, "generalAndAdministrativeExpenses": 104667000, "sellingAndMarketingExpenses": 0, "sellingGeneralAndAdministrativeExpenses": 104667000, "otherExpenses": 407164000, "operatingExpenses": 475384000, "costAndExpenses": 736396000, "interestIncome": 0, "interestExpense": 71663000, "depreciationAndAmortization": 343141000, "ebitda": 649991000, "ebitdaratio": 0.6633481789, "operatingIncome": 306850000, "operatingIncomeRatio": 0.3131557032, "totalOtherIncomeExpensesNet": 63382000, "incomeBeforeTax": 235187000, "incomeBeforeTaxRatio": 0.2400200436, "incomeTaxExpense": 112779000, "netIncome": 122408000, "netIncomeRatio": 0.1249234588, "eps": 0.3, "epsdiluted": 0.3, "weightedAverageShsOut": 416996000, "weightedAverageShsOutDil": 416996000, "link": "https://www.sec.gov/Archives/edgar/data/858470/000104746912001751/0001047469-12-001751-index.htm", "finalLink": "https://www.sec.gov/Archives/edgar/data/858470/000104746912001751/a2207418z10-k.htm", "calculatedOtherExpenses": 307335000, "calculatedOperatingExpenses": 412002000, "calculatedNetInterest": -71663000, "calculatedOtherIncome": 0, "calculatedIncomeNonControlling": 0, "calculatedEbitda": 649991000}, {"date": "2010-12-31", "symbol": "CTRA", "reportedCurrency": "USD", "cik": "0000858470", "fillingDate": "2011-02-28", "acceptedDate": "2011-02-28 15:21:48", "calendarYear": "2010", "period": "FY", "revenue": 844035000, "costOfRevenue": 198833000, "grossProfit": 645202000, "grossProfitRatio": 0.7644256459, "researchAndDevelopmentExpenses": 0, "generalAndAdministrativeExpenses": 79177000, "sellingAndMarketingExpenses": 0, "sellingGeneralAndAdministrativeExpenses": 79177000, "otherExpenses": 407702000, "operatingExpenses": 444154000, "costAndExpenses": 642987000, "interestIncome": 0, "interestExpense": 67941000, "depreciationAndAmortization": 327083000, "ebitda": 634425000, "ebitdaratio": 0.751657218, "operatingIncome": 266439000, "operatingIncomeRatio": 0.3156729283, "totalOtherIncomeExpensesNet": -40903000, "incomeBeforeTax": 198498000, "incomeBeforeTaxRatio": 0.2351774512, "incomeTaxExpense": 95112000, "netIncome": 103386000, "netIncomeRatio": 0.1224901811, "eps": 0.25, "epsdiluted": 0.25, "weightedAverageShsOut": 415644000, "weightedAverageShsOutDil": 415644000, "link": "https://www.sec.gov/Archives/edgar/data/858470/000119312511049690/0001193125-11-049690-index.htm", "finalLink": "https://www.sec.gov/Archives/edgar/data/858470/000119312511049690/d10k.htm", "calculatedOtherExpenses": 299586000, "calculatedOperatingExpenses": 378763000, "calculatedNetInterest": -67941000, "calculatedOtherIncome": 0, "calculatedIncomeNonControlling": 0, "calculatedEbitda": 593522000}, {"date": "2009-12-31", "symbol": "CTRA", "reportedCurrency": "USD", "cik": "0000858470", "fillingDate": "2010-02-26", "acceptedDate": "2010-02-26 12:45:54", "calendarYear": "2009", "period": "FY", "revenue": 879276000, "costOfRevenue": 211799000, "grossProfit": 667477000, "grossProfitRatio": 0.7591211406, "researchAndDevelopmentExpenses": 0, "generalAndAdministrativeExpenses": 68374000, "sellingAndMarketingExpenses": 0, "sellingGeneralAndAdministrativeExpenses": 68374000, "otherExpenses": 316703000, "operatingExpenses": 364283000, "costAndExpenses": 576082000, "interestIncome": 0, "interestExpense": 58979000, "depreciationAndAmortization": 221270000, "ebitda": 551151000, "ebitdaratio": 0.6268236595, "operatingIncome": 282269000, "operatingIncomeRatio": 0.3210243428, "totalOtherIncomeExpensesNet": -17622000, "incomeBeforeTax": 223290000, "incomeBeforeTaxRatio": 0.253947566, "incomeTaxExpense": 74947000, "netIncome": 148343000, "netIncomeRatio": 0.1687103936, "eps": 0.36, "epsdiluted": 0.36, "weightedAverageShsOut": 414464000, "weightedAverageShsOutDil": 418332000, "link": "https://www.sec.gov/Archives/edgar/data/858470/000119312510042257/0001193125-10-042257-index.htm", "finalLink": "https://www.sec.gov/Archives/edgar/data/858470/000119312510042257/d10k.htm", "calculatedOtherExpenses": 316834000, "calculatedOperatingExpenses": 385208000, "calculatedNetInterest": -58979000, "calculatedOtherIncome": 0, "calculatedIncomeNonControlling": 0, "calculatedEbitda": 503539000}, {"date": "2008-12-31", "symbol": "CTRA", "reportedCurrency": "USD", "cik": "0000858470", "fillingDate": "2009-02-27", "acceptedDate": "2009-02-27 16:13:45", "calendarYear": "2008", "period": "FY", "revenue": 945791000, "costOfRevenue": 223488000, "grossProfit": 722303000, "grossProfitRatio": 0.7637025516, "researchAndDevelopmentExpenses": 0, "generalAndAdministrativeExpenses": 74185000, "sellingAndMarketingExpenses": 0, "sellingGeneralAndAdministrativeExpenses": 74185000, "otherExpenses": 198894000, "operatingExpenses": 273079000, "costAndExpenses": 496567000, "interestIncome": 0, "interestExpense": 214976000, "depreciationAndAmortization": 185403000, "ebitda": 736002000, "ebitdaratio": 0.7781867241, "operatingIncome": 372012000, "operatingIncomeRatio": 0.3933342567, "totalOtherIncomeExpensesNet": -101375000, "incomeBeforeTax": 335623000, "incomeBeforeTaxRatio": 0.3548595831, "incomeTaxExpense": 124333000, "netIncome": 211290000, "netIncomeRatio": 0.2234003073, "eps": 0.53, "epsdiluted": 0.52, "weightedAverageShsOut": 402948000, "weightedAverageShsOutDil": 406904000, "link": "https://www.sec.gov/Archives/edgar/data/858470/000119312509040956/0001193125-09-040956-index.htm", "finalLink": "https://www.sec.gov/Archives/edgar/data/858470/000119312509040956/d10k.htm", "calculatedOtherExpenses": 276106000, "calculatedOperatingExpenses": 350291000, "calculatedNetInterest": -214976000, "calculatedOtherIncome": 178587000, "calculatedIncomeNonControlling": 0, "calculatedEbitda": 557415000}, {"date": "2007-12-31", "symbol": "CTRA", "reportedCurrency": "USD", "cik": "0000858470", "fillingDate": "2008-02-27", "acceptedDate": "2008-02-27 14:24:42", "calendarYear": "2007", "period": "FY", "revenue": 732170000, "costOfRevenue": 198761000, "grossProfit": 533409000, "grossProfitRatio": 0.7285316252, "researchAndDevelopmentExpenses": 0, "generalAndAdministrativeExpenses": 50775000, "sellingAndMarketingExpenses": 0, "sellingGeneralAndAdministrativeExpenses": 50775000, "otherExpenses": 184285000, "operatingExpenses": 235060000, "costAndExpenses": 433821000, "interestIncome": 0, "interestExpense": 74681000, "depreciationAndAmortization": 143951000, "ebitda": 476164000, "ebitdaratio": 0.6503462311, "operatingIncome": 274693000, "operatingIncomeRatio": 0.37517653, "totalOtherIncomeExpensesNet": -33864000, "incomeBeforeTax": 257532000, "incomeBeforeTaxRatio": 0.3517379843, "incomeTaxExpense": 90109000, "netIncome": 167423000, "netIncomeRatio": 0.2286668397, "eps": 0.43, "epsdiluted": 0.43, "weightedAverageShsOut": 387912000, "weightedAverageShsOutDil": 392520000, "link": "https://www.sec.gov/Archives/edgar/data/858470/000119312508039904/0001193125-08-039904-index.htm", "finalLink": "https://www.sec.gov/Archives/edgar/data/858470/000119312508039904/d10k.htm", "calculatedOtherExpenses": 207941000, "calculatedOperatingExpenses": 258716000, "calculatedNetInterest": -74681000, "calculatedOtherIncome": 57520000, "calculatedIncomeNonControlling": 0, "calculatedEbitda": 418644000}, {"date": "2006-12-31", "symbol": "CTRA", "reportedCurrency": "USD", "cik": "0000858470", "fillingDate": "2007-02-28", "acceptedDate": "2007-02-28 17:18:17", "calendarYear": "2006", "period": "FY", "revenue": 761988000, "costOfRevenue": 207562000, "grossProfit": 554426000, "grossProfitRatio": 0.7276046342, "researchAndDevelopmentExpenses": 0, "generalAndAdministrativeExpenses": 58168000, "sellingAndMarketingExpenses": 0, "sellingGeneralAndAdministrativeExpenses": 58168000, "otherExpenses": -47691000, "operatingExpenses": 10477000, "costAndExpenses": 218039000, "interestIncome": 0, "interestExpense": -168567000, "depreciationAndAmortization": 128975000, "ebitda": 470913000, "ebitdaratio": 0.6180057954, "operatingIncome": 528946000, "operatingIncomeRatio": 0.6941657874, "totalOtherIncomeExpensesNet": 202011000, "incomeBeforeTax": 510505000, "incomeBeforeTaxRatio": 0.6699646189, "incomeTaxExpense": 189330000, "netIncome": 321175000, "netIncomeRatio": 0.421496139, "eps": 0.83, "epsdiluted": 0.81, "weightedAverageShsOut": 387216000, "weightedAverageShsOutDil": 394400000, "link": "https://www.sec.gov/Archives/edgar/data/858470/000119312507042830/0001193125-07-042830-index.htm", "finalLink": "https://www.sec.gov/Archives/edgar/data/858470/000119312507042830/d10k.htm", "calculatedOtherExpenses": -32688000, "calculatedOperatingExpenses": 25480000, "calculatedNetInterest": 168567000, "calculatedOtherIncome": -187008000, "calculatedIncomeNonControlling": 0, "calculatedEbitda": 657921000}, {"date": "2005-12-31", "symbol": "CTRA", "reportedCurrency": "USD", "cik": "0000858470", "fillingDate": "2006-03-06", "acceptedDate": "2006-03-06 15:01:12", "calendarYear": "2005", "period": "FY", "revenue": 682797000, "costOfRevenue": 210773000, "grossProfit": 472024000, "grossProfitRatio": 0.6913094229, "researchAndDevelopmentExpenses": 0, "generalAndAdministrativeExpenses": 37650000, "sellingAndMarketingExpenses": 0, "sellingGeneralAndAdministrativeExpenses": 37650000, "otherExpenses": 162677000, "operatingExpenses": 200327000, "costAndExpenses": 411100000, "interestIncome": 0, "interestExpense": 61321000, "depreciationAndAmortization": 108458000, "ebitda": 406013000, "ebitdaratio": 0.5946320795, "operatingIncome": 258731000, "operatingIncomeRatio": 0.3789281441, "totalOtherIncomeExpensesNet": -25858000, "incomeBeforeTax": 236234000, "incomeBeforeTaxRatio": 0.3459798447, "incomeTaxExpense": 87789000, "netIncome": 148445000, "netIncomeRatio": 0.2174072235, "eps": 0.38, "epsdiluted": 0.37, "weightedAverageShsOut": 390848000, "weightedAverageShsOutDil": 397800000, "link": "https://www.sec.gov/Archives/edgar/data/858470/000119312506046016/0001193125-06-046016-index.htm", "finalLink": "https://www.sec.gov/Archives/edgar/data/858470/000119312506046016/d10k.htm", "calculatedOtherExpenses": 175643000, "calculatedOperatingExpenses": 213293000, "calculatedNetInterest": -61321000, "calculatedOtherIncome": 38824000, "calculatedIncomeNonControlling": 0, "calculatedEbitda": 367189000}, {"date": "2004-12-31", "symbol": "CTRA", "reportedCurrency": "USD", "cik": "0000858470", "fillingDate": "2005-03-03", "acceptedDate": "2005-03-02 17:47:49", "calendarYear": "2004", "period": "FY", "revenue": 530408000, "costOfRevenue": 176928000, "grossProfit": 353480000, "grossProfitRatio": 0.6664303706, "researchAndDevelopmentExpenses": 0, "generalAndAdministrativeExpenses": 34735000, "sellingAndMarketingExpenses": 0, "sellingGeneralAndAdministrativeExpenses": 34735000, "otherExpenses": 144489000, "operatingExpenses": 179224000, "costAndExpenses": 356152000, "interestIncome": 0, "interestExpense": 62962000, "depreciationAndAmortization": 103343000, "ebitda": 304929000, "ebitdaratio": 0.574895175, "operatingIncome": 160653000, "operatingIncomeRatio": 0.3028857031, "totalOtherIncomeExpensesNet": -27330000, "incomeBeforeTax": 138624000, "incomeBeforeTaxRatio": 0.2613535241, "incomeTaxExpense": 50246000, "netIncome": 88378000, "netIncomeRatio": 0.1666226754, "eps": 0.15, "epsdiluted": 0.15, "weightedAverageShsOut": 584796000, "weightedAverageShsOutDil": 592068000, "link": "https://www.sec.gov/Archives/edgar/data/858470/000119312505040899/0001193125-05-040899-index.htm", "finalLink": "https://www.sec.gov/Archives/edgar/data/858470/000119312505040899/d10k.htm", "calculatedOtherExpenses": 158092000, "calculatedOperatingExpenses": 192827000, "calculatedNetInterest": -62962000, "calculatedOtherIncome": 40933000, "calculatedIncomeNonControlling": 0, "calculatedEbitda": 263996000}, {"date": "2003-12-31", "symbol": "CTRA", "reportedCurrency": "USD", "cik": "0000858470", "fillingDate": "2004-02-18", "acceptedDate": "2004-02-18 16:34:31", "calendarYear": "2003", "period": "FY", "revenue": 509391000, "costOfRevenue": 194680000, "grossProfit": 314711000, "grossProfitRatio": 0.6178181397, "researchAndDevelopmentExpenses": 0, "generalAndAdministrativeExpenses": 25112000, "sellingAndMarketingExpenses": 0, "sellingGeneralAndAdministrativeExpenses": 25112000, "otherExpenses": 119868000, "operatingExpenses": 144980000, "costAndExpenses": 339660000, "interestIncome": 0, "interestExpense": 327651000, "depreciationAndAmortization": 94903000, "ebitda": 458749000, "ebitdaratio": 0.9005832455, "operatingIncome": 66587000, "operatingIncomeRatio": 0.1307188388, "totalOtherIncomeExpensesNet": -194115000, "incomeBeforeTax": 43042000, "incomeBeforeTaxRatio": 0.0844969778, "incomeTaxExpense": 15063000, "netIncome": 21132000, "netIncomeRatio": 0.0414848319, "eps": 0.055, "epsdiluted": 0.0542, "weightedAverageShsOut": 384600000, "weightedAverageShsOutDil": 387480000, "link": "https://www.sec.gov/Archives/edgar/data/858470/000119312504025904/0001193125-04-025904-index.htm", "finalLink": "https://www.sec.gov/Archives/edgar/data/858470/000119312504025904/d10k.htm", "calculatedOtherExpenses": 223012000, "calculatedOperatingExpenses": 248124000, "calculatedNetInterest": -327651000, "calculatedOtherIncome": 304106000, "calculatedIncomeNonControlling": 6847000, "calculatedEbitda": 161490000}, {"date": "2002-12-31", "symbol": "CTRA", "reportedCurrency": "USD", "cik": "0000858470", "fillingDate": "2003-02-21", "acceptedDate": "2003-02-21 13:45:13", "calendarYear": "2002", "period": "FY", "revenue": 353756000, "costOfRevenue": 143221000, "grossProfit": 210535000, "grossProfitRatio": 0.5951418492, "researchAndDevelopmentExpenses": 0, "generalAndAdministrativeExpenses": 0, "sellingAndMarketingExpenses": 0, "sellingGeneralAndAdministrativeExpenses": 28377000, "otherExpenses": 121002000, "operatingExpenses": 149379000, "costAndExpenses": 292600000, "interestIncome": 0, "interestExpense": 61271000, "depreciationAndAmortization": 96512000, "ebitda": 181560000, "ebitdaratio": 0.5132351112, "operatingIncome": 49088000, "operatingIncomeRatio": 0.1387623107, "totalOtherIncomeExpensesNet": -23892000, "incomeBeforeTax": 23777000, "incomeBeforeTaxRatio": 0.0672129943, "incomeTaxExpense": 7674000, "netIncome": 16103000, "netIncomeRatio": 0.045520076, "eps": 0.0283, "epsdiluted": 0.0283, "weightedAverageShsOut": 380544000, "weightedAverageShsOutDil": 380544000, "link": "https://www.sec.gov/Archives/edgar/data/858470/000089924303000363/0000899243-03-000363-index.htm", "finalLink": "https://www.sec.gov/Archives/edgar/data/858470/000089924303000363/d10k.txt", "calculatedOtherExpenses": 133070000, "calculatedOperatingExpenses": 161447000, "calculatedNetInterest": -61271000, "calculatedOtherIncome": 35960000, "calculatedIncomeNonControlling": 0, "calculatedEbitda": 145600000}, {"date": "2001-12-31", "symbol": "CTRA", "reportedCurrency": "USD", "cik": "0000858470", "fillingDate": "2002-02-22", "acceptedDate": "2002-02-22 00:00:00", "calendarYear": "2001", "period": "FY", "revenue": 447042000, "costOfRevenue": 200167000, "grossProfit": 246875000, "grossProfitRatio": 0.5522411764, "researchAndDevelopmentExpenses": 0, "generalAndAdministrativeExpenses": 0, "sellingAndMarketingExpenses": 0, "sellingGeneralAndAdministrativeExpenses": 25650000, "otherExpenses": 108960000, "operatingExpenses": 134610000, "costAndExpenses": 334777000, "interestIncome": 0, "interestExpense": 71540000, "depreciationAndAmortization": 80619000, "ebitda": 226708000, "ebitdaratio": 0.5071290841, "operatingIncome": 95340000, "operatingIncomeRatio": 0.2132685519, "totalOtherIncomeExpensesNet": -33824000, "incomeBeforeTax": 74549000, "incomeBeforeTaxRatio": 0.1667606176, "incomeTaxExpense": 27465000, "netIncome": 47084000, "netIncomeRatio": 0.1053234372, "eps": 0.13, "epsdiluted": 0.13, "weightedAverageShsOut": 363312000, "weightedAverageShsOutDil": 369286275, "link": "https://www.sec.gov/Archives/edgar/data/858470/000089924302000382/0000899243-02-000382-index.htm", "finalLink": "https://www.sec.gov/Archives/edgar/data/858470/000089924302000382/d10k.txt", "calculatedOtherExpenses": 125885000, "calculatedOperatingExpenses": 151535000, "calculatedNetInterest": -71540000, "calculatedOtherIncome": 50749000, "calculatedIncomeNonControlling": 0, "calculatedEbitda": 175959000}, {"date": "2000-12-31", "symbol": "CTRA", "reportedCurrency": "USD", "cik": "0000858470", "fillingDate": "2001-02-26", "acceptedDate": "2001-02-26 00:00:00", "calendarYear": "2000", "period": "FY", "revenue": 368651000, "costOfRevenue": 191285000, "grossProfit": 177366000, "grossProfitRatio": 0.4811217113, "researchAndDevelopmentExpenses": 0, "generalAndAdministrativeExpenses": 0, "sellingAndMarketingExpenses": 0, "sellingGeneralAndAdministrativeExpenses": 20421000, "otherExpenses": 76482000, "operatingExpenses": 96903000, "costAndExpenses": 288188000, "interestIncome": 0, "interestExpense": 69777000, "depreciationAndAmortization": 53441000, "ebitda": 165157000, "ebitdaratio": 0.4480036674, "operatingIncome": 64856000, "operatingIncomeRatio": 0.1759279101, "totalOtherIncomeExpensesNet": -31253000, "incomeBeforeTax": 41939000, "incomeBeforeTaxRatio": 0.1137634239, "incomeTaxExpense": 16467000, "netIncome": 25472000, "netIncomeRatio": 0.0690951605, "eps": 0.0892, "epsdiluted": 0.0892, "weightedAverageShsOut": 321960000, "weightedAverageShsOutDil": 321960000, "link": "https://www.sec.gov/Archives/edgar/data/858470/000089924301000452/0000899243-01-000452-index.htm", "finalLink": "https://www.sec.gov/Archives/edgar/data/858470/000089924301000452/0000899243-01-000452-0001.txt", "calculatedOtherExpenses": 92089000, "calculatedOperatingExpenses": 112510000, "calculatedNetInterest": -69777000, "calculatedOtherIncome": 46860000, "calculatedIncomeNonControlling": 0, "calculatedEbitda": 118297000}, {"date": "1999-12-31", "symbol": "CTRA", "reportedCurrency": "USD", "cik": "0000858470", "fillingDate": "2000-03-22", "acceptedDate": "2000-03-22 00:00:00", "calendarYear": "1999", "period": "FY", "revenue": 165700000, "costOfRevenue": 44800000, "grossProfit": 120900000, "grossProfitRatio": 0.7296318648, "researchAndDevelopmentExpenses": 0, "generalAndAdministrativeExpenses": 0, "sellingAndMarketingExpenses": 0, "sellingGeneralAndAdministrativeExpenses": 24000000, "otherExpenses": 70400000, "operatingExpenses": 94400000, "costAndExpenses": 139200000, "interestIncome": 0, "interestExpense": 6800000, "depreciationAndAmortization": 53400000, "ebitda": 73900000, "ebitdaratio": 0.445986723, "operatingIncome": 19500000, "operatingIncomeRatio": 0.1176825588, "totalOtherIncomeExpensesNet": 6000000, "incomeBeforeTax": 13700000, "incomeBeforeTaxRatio": 0.0826795413, "incomeTaxExpense": 5200000, "netIncome": 8500000, "netIncomeRatio": 0.0512975256, "eps": 0.0175, "epsdiluted": 0.0175, "weightedAverageShsOut": 296712000, "weightedAverageShsOutDil": 296712000, "link": "https://www.sec.gov/Archives/edgar/data/858470/000085847000000003/0000858470-00-000003-index.html", "finalLink": "https://www.sec.gov/Archives/edgar/data/858470/000085847000000003/", "calculatedOtherExpenses": 77400000, "calculatedOperatingExpenses": 101400000, "calculatedNetInterest": -6800000, "calculatedOtherIncome": 1000000, "calculatedIncomeNonControlling": 0, "calculatedEbitda": 72900000}, {"date": "1998-12-31", "symbol": "CTRA", "reportedCurrency": "USD", "cik": "0000858470", "fillingDate": "1999-03-25", "acceptedDate": "1999-03-25 00:00:00", "calendarYear": "1998", "period": "FY", "revenue": 159600000, "costOfRevenue": 54200000, "grossProfit": 105400000, "grossProfitRatio": 0.6604010025, "researchAndDevelopmentExpenses": 0, "generalAndAdministrativeExpenses": 0, "sellingAndMarketingExpenses": 0, "sellingGeneralAndAdministrativeExpenses": 22000000, "otherExpenses": 56500000, "operatingExpenses": 78500000, "costAndExpenses": 132700000, "interestIncome": 0, "interestExpense": 17600000, "depreciationAndAmortization": 41200000, "ebitda": 67600000, "ebitdaratio": 0.4235588972, "operatingIncome": 26900000, "operatingIncomeRatio": 0.1685463659, "totalOtherIncomeExpensesNet": 500000, "incomeBeforeTax": 8800000, "incomeBeforeTaxRatio": 0.0551378446, "incomeTaxExpense": 3500000, "netIncome": 5300000, "netIncomeRatio": 0.0332080201, "eps": 0.0022, "epsdiluted": 0.0022, "weightedAverageShsOut": 889943040, "weightedAverageShsOutDil": 889943040, "link": "https://www.sec.gov/Archives/edgar/data/858470/000085847099000006/0000858470-99-000006-index.html", "finalLink": "https://www.sec.gov/Archives/edgar/data/858470/", "calculatedOtherExpenses": 56500000, "calculatedOperatingExpenses": 78500000, "calculatedNetInterest": -17600000, "calculatedOtherIncome": -500000, "calculatedIncomeNonControlling": 0, "calculatedEbitda": 68100000}, {"date": "1997-12-31", "symbol": "CTRA", "reportedCurrency": "USD", "cik": "0000858470", "fillingDate": "1998-03-20", "acceptedDate": "1998-03-20 00:00:00", "calendarYear": "1997", "period": "FY", "revenue": 185100000, "costOfRevenue": 46200000, "grossProfit": 138900000, "grossProfitRatio": 0.7504051864, "researchAndDevelopmentExpenses": 0, "generalAndAdministrativeExpenses": 0, "sellingAndMarketingExpenses": 0, "sellingGeneralAndAdministrativeExpenses": 19700000, "otherExpenses": 55500000, "operatingExpenses": 75200000, "costAndExpenses": 121400000, "interestIncome": 0, "interestExpense": 17700000, "depreciationAndAmortization": 40600000, "ebitda": 104200000, "ebitdaratio": 0.5629389519, "operatingIncome": 63700000, "operatingIncomeRatio": 0.3441383036, "totalOtherIncomeExpensesNet": 100000, "incomeBeforeTax": 45900000, "incomeBeforeTaxRatio": 0.2479740681, "incomeTaxExpense": 17600000, "netIncome": 28300000, "netIncomeRatio": 0.1528903296, "eps": 0.0278, "epsdiluted": 0.027, "weightedAverageShsOut": 296004000, "weightedAverageShsOutDil": 296004000, "link": "https://www.sec.gov/Archives/edgar/data/858470/000095012998001129/0000950129-98-001129-index.html", "finalLink": "https://www.sec.gov/Archives/edgar/data/858470/", "calculatedOtherExpenses": 55500000, "calculatedOperatingExpenses": 75200000, "calculatedNetInterest": -17700000, "calculatedOtherIncome": -100000, "calculatedIncomeNonControlling": 0, "calculatedEbitda": 104300000}, {"date": "1996-12-31", "symbol": "CTRA", "reportedCurrency": "USD", "cik": "0000858470", "fillingDate": "1997-03-27", "acceptedDate": "1997-03-27 00:00:00", "calendarYear": "1996", "period": "FY", "revenue": 163100000, "costOfRevenue": 43600000, "grossProfit": 119500000, "grossProfitRatio": 0.7326793378, "researchAndDevelopmentExpenses": 0, "generalAndAdministrativeExpenses": 0, "sellingAndMarketingExpenses": 0, "sellingGeneralAndAdministrativeExpenses": 16800000, "otherExpenses": 55500000, "operatingExpenses": 72300000, "costAndExpenses": 115900000, "interestIncome": 0, "interestExpense": 14100000, "depreciationAndAmortization": 42700000, "ebitda": 88200000, "ebitdaratio": 0.5407725322, "operatingIncome": 47200000, "operatingIncomeRatio": 0.2893930104, "totalOtherIncomeExpensesNet": 1700000, "incomeBeforeTax": 31400000, "incomeBeforeTaxRatio": 0.1925199264, "incomeTaxExpense": 10600000, "netIncome": 20800000, "netIncomeRatio": 0.1275291232, "eps": 0.0186, "epsdiluted": 0.0183, "weightedAverageShsOut": 274164000, "weightedAverageShsOutDil": 274164000, "link": "https://www.sec.gov/Archives/edgar/data/858470/000095012997001243/0000950129-97-001243-index.html", "finalLink": "https://www.sec.gov/Archives/edgar/data/858470/", "calculatedOtherExpenses": 55500000, "calculatedOperatingExpenses": 72300000, "calculatedNetInterest": -14100000, "calculatedOtherIncome": -1700000, "calculatedIncomeNonControlling": 0, "calculatedEbitda": 89900000}, {"date": "1995-12-31", "symbol": "CTRA", "reportedCurrency": "USD", "cik": "0000858470", "fillingDate": "1996-03-25", "acceptedDate": "1996-03-25 00:00:00", "calendarYear": "1995", "period": "FY", "revenue": 213900000, "costOfRevenue": 129200000, "grossProfit": 84700000, "grossProfitRatio": 0.3959794296, "researchAndDevelopmentExpenses": 0, "generalAndAdministrativeExpenses": 0, "sellingAndMarketingExpenses": 0, "sellingGeneralAndAdministrativeExpenses": 16800000, "otherExpenses": 58400000, "operatingExpenses": 75200000, "costAndExpenses": 204400000, "interestIncome": 0, "interestExpense": 277300000, "depreciationAndAmortization": 47200000, "ebitda": 182900000, "ebitdaratio": 0.8550724638, "operatingIncome": 9500000, "operatingIncomeRatio": 0.0444132772, "totalOtherIncomeExpensesNet": -126200000, "incomeBeforeTax": -141600000, "incomeBeforeTaxRatio": -0.6619915849, "incomeTaxExpense": -55000000, "netIncome": -86600000, "netIncomeRatio": -0.4048620851, "eps": -0.32, "epsdiluted": -0.32, "weightedAverageShsOut": 273300000, "weightedAverageShsOutDil": 273300000, "link": "https://www.sec.gov/Archives/edgar/data/858470/000095012996000431/0000950129-96-000431-index.html", "finalLink": "https://www.sec.gov/Archives/edgar/data/858470/", "calculatedOtherExpenses": 58400000, "calculatedOperatingExpenses": 75200000, "calculatedNetInterest": -277300000, "calculatedOtherIncome": 126200000, "calculatedIncomeNonControlling": 0, "calculatedEbitda": 56700000}, {"date": "1994-12-31", "symbol": "CTRA", "reportedCurrency": "USD", "cik": "0000858470", "fillingDate": "1995-03-29", "acceptedDate": "1995-03-29 00:00:00", "calendarYear": "1994", "period": "FY", "revenue": 237100000, "costOfRevenue": 138100000, "grossProfit": 99000000, "grossProfitRatio": 0.4175453395, "researchAndDevelopmentExpenses": 0, "generalAndAdministrativeExpenses": 0, "sellingAndMarketingExpenses": 0, "sellingGeneralAndAdministrativeExpenses": 17300000, "otherExpenses": 66700000, "operatingExpenses": 84000000, "costAndExpenses": 222100000, "interestIncome": 0, "interestExpense": 16500000, "depreciationAndAmortization": 54600000, "ebitda": 69500000, "ebitdaratio": 0.2931252636, "operatingIncome": 15000000, "operatingIncomeRatio": 0.0632644454, "totalOtherIncomeExpensesNet": 100000, "incomeBeforeTax": -1600000, "incomeBeforeTaxRatio": -0.0067482075, "incomeTaxExpense": -600000, "netIncome": -1000000, "netIncomeRatio": -0.0042176297, "eps": -0.0038, "epsdiluted": -0.0038, "weightedAverageShsOut": 264216000, "weightedAverageShsOutDil": 264216000, "link": "https://www.sec.gov/Archives/edgar/data/858470/000089924395000120/0000899243-95-000120-index.html", "finalLink": "https://www.sec.gov/Archives/edgar/data/858470/", "calculatedOtherExpenses": 66700000, "calculatedOperatingExpenses": 84000000, "calculatedNetInterest": -16500000, "calculatedOtherIncome": -100000, "calculatedIncomeNonControlling": 0, "calculatedEbitda": 69600000}, {"date": "1993-12-31", "symbol": "CTRA", "reportedCurrency": "USD", "cik": "0000858470", "fillingDate": "1994-03-29", "acceptedDate": "1994-03-29 00:00:00", "calendarYear": "1993", "period": "FY", "revenue": 164300000, "costOfRevenue": 81200000, "grossProfit": 83100000, "grossProfitRatio": 0.5057821059, "researchAndDevelopmentExpenses": 0, "generalAndAdministrativeExpenses": 0, "sellingAndMarketingExpenses": 0, "sellingGeneralAndAdministrativeExpenses": 20400000, "otherExpenses": 44000000, "operatingExpenses": 64400000, "costAndExpenses": 145600000, "interestIncome": 0, "interestExpense": 7700000, "depreciationAndAmortization": 34500000, "ebitda": 51900000, "ebitdaratio": 0.3158855752, "operatingIncome": 18700000, "operatingIncomeRatio": 0.1138161899, "totalOtherIncomeExpensesNet": 1300000, "incomeBeforeTax": 9700000, "incomeBeforeTaxRatio": 0.0590383445, "incomeTaxExpense": 6200000, "netIncome": 3500000, "netIncomeRatio": 0.0213024954, "eps": 0.0028, "epsdiluted": 0.0028, "weightedAverageShsOut": 246872560, "weightedAverageShsOutDil": 246872560, "link": "https://www.sec.gov/Archives/edgar/data/858470/000095012994000232/0000950129-94-000232-index.html", "finalLink": "https://www.sec.gov/Archives/edgar/data/858470/", "calculatedOtherExpenses": 44000000, "calculatedOperatingExpenses": 64400000, "calculatedNetInterest": -7700000, "calculatedOtherIncome": -1300000, "calculatedIncomeNonControlling": 0, "calculatedEbitda": 53200000}, {"date": "1992-12-31", "symbol": "CTRA", "reportedCurrency": "USD", "cik": "0000858470", "fillingDate": "1992-12-31", "acceptedDate": "1992-12-31 00:00:00", "calendarYear": "1992", "period": "FY", "revenue": 147600000, "costOfRevenue": 68200000, "grossProfit": 79400000, "grossProfitRatio": 0.5379403794, "researchAndDevelopmentExpenses": 0, "generalAndAdministrativeExpenses": 0, "sellingAndMarketingExpenses": 0, "sellingGeneralAndAdministrativeExpenses": 23400000, "otherExpenses": 38500000, "operatingExpenses": 61900000, "costAndExpenses": 130100000, "interestIncome": 0, "interestExpense": 8700000, "depreciationAndAmortization": 31500000, "ebitda": 48400000, "ebitdaratio": 0.3279132791, "operatingIncome": 17500000, "operatingIncomeRatio": 0.1185636856, "totalOtherIncomeExpensesNet": 600000, "incomeBeforeTax": 8200000, "incomeBeforeTaxRatio": 0.0555555556, "incomeTaxExpense": 6000000, "netIncome": 2200000, "netIncomeRatio": 0.0149051491, "eps": 0.0031, "epsdiluted": 0.0031, "weightedAverageShsOut": 245457272, "weightedAverageShsOutDil": 245457272, "link": null, "finalLink": null, "calculatedOtherExpenses": 38500000, "calculatedOperatingExpenses": 61900000, "calculatedNetInterest": -8700000, "calculatedOtherIncome": -600000, "calculatedIncomeNonControlling": 0, "calculatedEbitda": 49000000}, {"date": "1991-12-31", "symbol": "CTRA", "reportedCurrency": "USD", "cik": "0000858470", "fillingDate": "1991-12-31", "acceptedDate": "1991-12-31 00:00:00", "calendarYear": "1991", "period": "FY", "revenue": 140500000, "costOfRevenue": 67300000, "grossProfit": 73200000, "grossProfitRatio": 0.5209964413, "researchAndDevelopmentExpenses": 0, "generalAndAdministrativeExpenses": 0, "sellingAndMarketingExpenses": 0, "sellingGeneralAndAdministrativeExpenses": 25400000, "otherExpenses": 34100000, "operatingExpenses": 59500000, "costAndExpenses": 126800000, "interestIncome": 0, "interestExpense": 5800000, "depreciationAndAmortization": 27200000, "ebitda": 39100000, "ebitdaratio": 0.2782918149, "operatingIncome": 13700000, "operatingIncomeRatio": 0.0975088968, "totalOtherIncomeExpensesNet": 1800000, "incomeBeforeTax": 6100000, "incomeBeforeTaxRatio": 0.0434163701, "incomeTaxExpense": 4800000, "netIncome": 1300000, "netIncomeRatio": 0.009252669, "eps": 0.0003, "epsdiluted": 0.0003, "weightedAverageShsOut": 245457272, "weightedAverageShsOutDil": 245457272, "link": null, "finalLink": null, "calculatedOtherExpenses": 34100000, "calculatedOperatingExpenses": 59500000, "calculatedNetInterest": -5800000, "calculatedOtherIncome": -1800000, "calculatedIncomeNonControlling": 0, "calculatedEbitda": 40900000}, {"date": "1990-09-30", "symbol": "CTRA", "reportedCurrency": "USD", "cik": "0000858470", "fillingDate": "1990-09-30", "acceptedDate": "1990-09-30 00:00:00", "calendarYear": "1990", "period": "FY", "revenue": 128000000, "costOfRevenue": 63500000, "grossProfit": 64500000, "grossProfitRatio": 0.50390625, "researchAndDevelopmentExpenses": 0, "generalAndAdministrativeExpenses": 0, "sellingAndMarketingExpenses": 0, "sellingGeneralAndAdministrativeExpenses": 20600000, "otherExpenses": 28200000, "operatingExpenses": 48800000, "costAndExpenses": 112300000, "interestIncome": 0, "interestExpense": -19300000, "depreciationAndAmortization": 23100000, "ebitda": 26400000, "ebitdaratio": 0.20625, "operatingIncome": 15700000, "operatingIncomeRatio": 0.12265625, "totalOtherIncomeExpensesNet": 12400000, "incomeBeforeTax": 22600000, "incomeBeforeTaxRatio": 0.1765625, "incomeTaxExpense": 8000000, "netIncome": 14600000, "netIncomeRatio": 0.1140625, "eps": 0.0158, "epsdiluted": 0.0158, "weightedAverageShsOut": 245457272, "weightedAverageShsOutDil": 245457272, "link": null, "finalLink": null, "calculatedOtherExpenses": 28200000, "calculatedOperatingExpenses": 48800000, "calculatedNetInterest": 19300000, "calculatedOtherIncome": -12400000, "calculatedIncomeNonControlling": 0, "calculatedEbitda": 38800000}, {"date": "1989-09-30", "symbol": "CTRA", "reportedCurrency": "USD", "cik": "0000858470", "fillingDate": "1989-09-30", "acceptedDate": "1989-09-30 00:00:00", "calendarYear": "1989", "period": "FY", "revenue": 149400000, "costOfRevenue": 66100000, "grossProfit": 83300000, "grossProfitRatio": 0.5575635877, "researchAndDevelopmentExpenses": 0, "generalAndAdministrativeExpenses": 0, "sellingAndMarketingExpenses": 0, "sellingGeneralAndAdministrativeExpenses": 21300000, "otherExpenses": 47900000, "operatingExpenses": 69200000, "costAndExpenses": 135300000, "interestIncome": 0, "interestExpense": -70800000, "depreciationAndAmortization": 41300000, "ebitda": 8500000, "ebitdaratio": 0.0568942436, "operatingIncome": 14100000, "operatingIncomeRatio": 0.09437751, "totalOtherIncomeExpensesNet": 46900000, "incomeBeforeTax": 38000000, "incomeBeforeTaxRatio": 0.2543507363, "incomeTaxExpense": 12400000, "netIncome": 25600000, "netIncomeRatio": 0.171352075, "eps": 0.0347, "epsdiluted": 0.0347, "weightedAverageShsOut": 245580000, "weightedAverageShsOutDil": 245580000, "link": null, "finalLink": null, "calculatedOtherExpenses": 47900000, "calculatedOperatingExpenses": 69200000, "calculatedNetInterest": 70800000, "calculatedOtherIncome": -46900000, "calculatedIncomeNonControlling": 0, "calculatedEbitda": 55400000}]}