{"originalCurrency": "USD", "convertedCurrency": "USD", "report": [{"date": "2023-12-31", "symbol": "CTRE", "reportedCurrency": "USD", "cik": "0001590717", "fillingDate": "2024-02-08", "acceptedDate": "2024-02-08 16:06:52", "calendarYear": "2023", "period": "FY", "revenue": 198599000, "costOfRevenue": 9593000, "grossProfit": 189006000, "grossProfitRatio": 0.9516966349, "researchAndDevelopmentExpenses": 0, "generalAndAdministrativeExpenses": 21805000, "sellingAndMarketingExpenses": 0, "sellingGeneralAndAdministrativeExpenses": 21805000, "otherExpenses": -21805000, "operatingExpenses": 73004000, "costAndExpenses": 82597000, "interestIncome": 19171000, "interestExpense": 40883000, "depreciationAndAmortization": 50873000, "ebitda": 186372000, "ebitdaratio": 0.9384337283, "operatingIncome": 163931000, "operatingIncomeRatio": 0.8254371875, "totalOtherIncomeExpensesNet": -40568000, "incomeBeforeTax": 53722000, "incomeBeforeTaxRatio": 0.2705048867, "incomeTaxExpense": 41196000, "netIncome": 53735000, "netIncomeRatio": 0.2705703453, "eps": 0.51, "epsdiluted": 0.51, "weightedAverageShsOut": 105956000, "weightedAverageShsOutDil": 106152000, "link": "https://www.sec.gov/Archives/edgar/data/1590717/000162828024003863/0001628280-24-003863-index.htm", "finalLink": "https://www.sec.gov/Archives/edgar/data/1590717/000162828024003863/ctre-20231231.htm", "calculatedOtherExpenses": 3270000, "calculatedOperatingExpenses": 25075000, "calculatedNetInterest": -21712000, "calculatedOtherIncome": -88497000, "calculatedIncomeNonControlling": -41209000, "calculatedEbitda": 214804000}, {"date": "2022-12-31", "symbol": "CTRE", "reportedCurrency": "USD", "cik": "0001590717", "fillingDate": "2023-02-09", "acceptedDate": "2023-02-09 16:08:49", "calendarYear": "2022", "period": "FY", "revenue": 187506000, "costOfRevenue": 9372000, "grossProfit": 178134000, "grossProfitRatio": 0.9500175994, "researchAndDevelopmentExpenses": 0, "generalAndAdministrativeExpenses": 20165000, "sellingAndMarketingExpenses": 0, "sellingGeneralAndAdministrativeExpenses": 20165000, "otherExpenses": 54160000, "operatingExpenses": 74325000, "costAndExpenses": 83697000, "interestIncome": 8626000, "interestExpense": 30008000, "depreciationAndAmortization": 50378000, "ebitda": 162813000, "ebitdaratio": 0.8683082141, "operatingIncome": 112435000, "operatingIncomeRatio": 0.599634145, "totalOtherIncomeExpensesNet": -119941000, "incomeBeforeTax": -7506000, "incomeBeforeTaxRatio": -0.040030719, "incomeTaxExpense": -50378000, "netIncome": 42872000, "netIncomeRatio": 0.2286433501, "eps": 0.44, "epsdiluted": 0.44, "weightedAverageShsOut": 96703000, "weightedAverageShsOutDil": 96703000, "link": "https://www.sec.gov/Archives/edgar/data/1590717/000162828023002955/0001628280-23-002955-index.htm", "finalLink": "https://www.sec.gov/Archives/edgar/data/1590717/000162828023002955/ctre-20221231.htm", "calculatedOtherExpenses": 45534000, "calculatedOperatingExpenses": 65699000, "calculatedNetInterest": -21382000, "calculatedOtherIncome": -98559000, "calculatedIncomeNonControlling": 0, "calculatedEbitda": 162813000}, {"date": "2021-12-31", "symbol": "CTRE", "reportedCurrency": "USD", "cik": "0001590717", "fillingDate": "2022-02-16", "acceptedDate": "2022-02-16 16:06:33", "calendarYear": "2021", "period": "FY", "revenue": 190195000, "costOfRevenue": 3574000, "grossProfit": 186621000, "grossProfitRatio": 0.9812087594, "researchAndDevelopmentExpenses": 0, "generalAndAdministrativeExpenses": 26874000, "sellingAndMarketingExpenses": 0, "sellingGeneralAndAdministrativeExpenses": 26874000, "otherExpenses": 55340000, "operatingExpenses": 82214000, "costAndExpenses": 85788000, "interestIncome": 2156000, "interestExpense": 23677000, "depreciationAndAmortization": 55394000, "ebitda": 161957000, "ebitdaratio": 0.8515313231, "operatingIncome": 106563000, "operatingIncomeRatio": 0.5602828676, "totalOtherIncomeExpensesNet": -34581000, "incomeBeforeTax": 71982000, "incomeBeforeTaxRatio": 0.3784642078, "incomeTaxExpense": 23677000, "netIncome": 48305000, "netIncomeRatio": 0.2539761823, "eps": 0.5, "epsdiluted": 0.5, "weightedAverageShsOut": 96017000, "weightedAverageShsOutDil": 96092000, "link": "https://www.sec.gov/Archives/edgar/data/1590717/000162828022002842/0001628280-22-002842-index.htm", "finalLink": "https://www.sec.gov/Archives/edgar/data/1590717/000162828022002842/ctre-20211231.htm", "calculatedOtherExpenses": 53184000, "calculatedOperatingExpenses": 80058000, "calculatedNetInterest": -21521000, "calculatedOtherIncome": -13060000, "calculatedIncomeNonControlling": 0, "calculatedEbitda": 161957000}, {"date": "2020-12-31", "symbol": "CTRE", "reportedCurrency": "USD", "cik": "0001590717", "fillingDate": "2021-02-10", "acceptedDate": "2021-02-10 16:09:37", "calendarYear": "2020", "period": "FY", "revenue": 175689000, "costOfRevenue": 4705000, "grossProfit": 170984000, "grossProfitRatio": 0.9732197235, "researchAndDevelopmentExpenses": 0, "generalAndAdministrativeExpenses": 16302000, "sellingAndMarketingExpenses": 0, "sellingGeneralAndAdministrativeExpenses": 16302000, "otherExpenses": 52760000, "operatingExpenses": 69062000, "costAndExpenses": 73767000, "interestIncome": 2643000, "interestExpense": 23661000, "depreciationAndAmortization": 52819000, "ebitda": 157384000, "ebitdaratio": 0.8958102101, "operatingIncome": 104565000, "operatingIncomeRatio": 0.5951710124, "totalOtherIncomeExpensesNet": -23698000, "incomeBeforeTax": 80867000, "incomeBeforeTaxRatio": 0.4602849353, "incomeTaxExpense": 23661000, "netIncome": 57206000, "netIncomeRatio": 0.3256094576, "eps": 0.6, "epsdiluted": 0.6, "weightedAverageShsOut": 95200000, "weightedAverageShsOutDil": 95207000, "link": "https://www.sec.gov/Archives/edgar/data/1590717/000162828021001797/0001628280-21-001797-index.htm", "finalLink": "https://www.sec.gov/Archives/edgar/data/1590717/000162828021001797/ctre-20201231.htm", "calculatedOtherExpenses": 50117000, "calculatedOperatingExpenses": 66419000, "calculatedNetInterest": -21018000, "calculatedOtherIncome": -2680000, "calculatedIncomeNonControlling": 0, "calculatedEbitda": 157384000}, {"date": "2019-12-31", "symbol": "CTRE", "reportedCurrency": "USD", "cik": "0001590717", "fillingDate": "2020-02-20", "acceptedDate": "2020-02-20 16:31:12", "calendarYear": "2019", "period": "FY", "revenue": 159056000, "costOfRevenue": 5946000, "grossProfit": 153110000, "grossProfitRatio": 0.9626169399, "researchAndDevelopmentExpenses": 0, "generalAndAdministrativeExpenses": 15158000, "sellingAndMarketingExpenses": 0, "sellingGeneralAndAdministrativeExpenses": 15158000, "otherExpenses": 52898000, "operatingExpenses": 68056000, "costAndExpenses": 74002000, "interestIncome": 4345000, "interestExpense": 28125000, "depreciationAndAmortization": 51866000, "ebitda": 141265000, "ebitdaratio": 0.8881463132, "operatingIncome": 89399000, "operatingIncomeRatio": 0.5620599034, "totalOtherIncomeExpensesNet": -43040000, "incomeBeforeTax": 46359000, "incomeBeforeTaxRatio": 0.291463384, "incomeTaxExpense": 28125000, "netIncome": 18234000, "netIncomeRatio": 0.1146388693, "eps": 0.2, "epsdiluted": 0.2, "weightedAverageShsOut": 93088000, "weightedAverageShsOutDil": 93098000, "link": "https://www.sec.gov/Archives/edgar/data/1590717/000162828020001900/0001628280-20-001900-index.htm", "finalLink": "https://www.sec.gov/Archives/edgar/data/1590717/000162828020001900/ctre2019123110kq4.htm", "calculatedOtherExpenses": 48553000, "calculatedOperatingExpenses": 63711000, "calculatedNetInterest": -23780000, "calculatedOtherIncome": -19260000, "calculatedIncomeNonControlling": 0, "calculatedEbitda": 141265000}, {"date": "2018-12-31", "symbol": "CTRE", "reportedCurrency": "USD", "cik": "0001590717", "fillingDate": "2019-02-13", "acceptedDate": "2019-02-13 16:08:15", "calendarYear": "2018", "period": "FY", "revenue": 155376000, "costOfRevenue": 14888000, "grossProfit": 140488000, "grossProfitRatio": 0.9041808259, "researchAndDevelopmentExpenses": 0, "generalAndAdministrativeExpenses": 12555000, "sellingAndMarketingExpenses": 0, "sellingGeneralAndAdministrativeExpenses": 12555000, "otherExpenses": 45766000, "operatingExpenses": 58321000, "costAndExpenses": 73209000, "interestIncome": 1565000, "interestExpense": 27860000, "depreciationAndAmortization": 45783000, "ebitda": 129515000, "ebitdaratio": 0.8335585933, "operatingIncome": 82167000, "operatingIncomeRatio": 0.5288268458, "totalOtherIncomeExpensesNet": 2051000, "incomeBeforeTax": 57923000, "incomeBeforeTaxRatio": 0.3727924519, "incomeTaxExpense": 3616000, "netIncome": 57923000, "netIncomeRatio": 0.3727924519, "eps": 0.73, "epsdiluted": 0.73, "weightedAverageShsOut": 79386000, "weightedAverageShsOutDil": 79392000, "link": "https://www.sec.gov/Archives/edgar/data/1590717/000162828019001311/0001628280-19-001311-index.htm", "finalLink": "https://www.sec.gov/Archives/edgar/data/1590717/000162828019001311/ctre2018123110kq4.htm", "calculatedOtherExpenses": 45766000, "calculatedOperatingExpenses": 58321000, "calculatedNetInterest": -26295000, "calculatedOtherIncome": 2051000, "calculatedIncomeNonControlling": -3616000, "calculatedEbitda": 127950000}, {"date": "2017-12-31", "symbol": "CTRE", "reportedCurrency": "USD", "cik": "0001590717", "fillingDate": "2018-02-27", "acceptedDate": "2018-02-27 16:51:55", "calendarYear": "2017", "period": "FY", "revenue": 131115000, "costOfRevenue": 12987000, "grossProfit": 118128000, "grossProfitRatio": 0.9009495481, "researchAndDevelopmentExpenses": 0, "generalAndAdministrativeExpenses": 11117000, "sellingAndMarketingExpenses": 0, "sellingGeneralAndAdministrativeExpenses": 11117000, "otherExpenses": 49573000, "operatingExpenses": 60690000, "costAndExpenses": 73677000, "interestIncome": 1867000, "interestExpense": 24196000, "depreciationAndAmortization": 39176000, "ebitda": 98481000, "ebitdaratio": 0.7511039927, "operatingIncome": 57438000, "operatingIncomeRatio": 0.438073447, "totalOtherIncomeExpensesNet": -9235000, "incomeBeforeTax": 25874000, "incomeBeforeTaxRatio": 0.1973382145, "incomeTaxExpense": 24196000, "netIncome": 25874000, "netIncomeRatio": 0.1973382145, "eps": 0.36, "epsdiluted": 0.36, "weightedAverageShsOut": 72647000, "weightedAverageShsOutDil": 72647000, "link": "https://www.sec.gov/Archives/edgar/data/1590717/000162828018002343/0001628280-18-002343-index.htm", "finalLink": "https://www.sec.gov/Archives/edgar/data/1590717/000162828018002343/ctre2017123110k.htm", "calculatedOtherExpenses": 49573000, "calculatedOperatingExpenses": 60690000, "calculatedNetInterest": -22329000, "calculatedOtherIncome": -9235000, "calculatedIncomeNonControlling": -24196000, "calculatedEbitda": 96614000}, {"date": "2016-12-31", "symbol": "CTRE", "reportedCurrency": "USD", "cik": "0001590717", "fillingDate": "2017-02-07", "acceptedDate": "2017-02-07 16:07:16", "calendarYear": "2016", "period": "FY", "revenue": 103942000, "costOfRevenue": 10395000, "grossProfit": 93547000, "grossProfitRatio": 0.8999923034, "researchAndDevelopmentExpenses": 0, "generalAndAdministrativeExpenses": 9297000, "sellingAndMarketingExpenses": 0, "sellingGeneralAndAdministrativeExpenses": 9297000, "otherExpenses": 31965000, "operatingExpenses": 41262000, "costAndExpenses": 51657000, "interestIncome": 737000, "interestExpense": 23199000, "depreciationAndAmortization": 31980000, "ebitda": 85002000, "ebitdaratio": 0.8177829944, "operatingIncome": 52285000, "operatingIncomeRatio": 0.5030209155, "totalOtherIncomeExpensesNet": -470000, "incomeBeforeTax": 29353000, "incomeBeforeTaxRatio": 0.2823978757, "incomeTaxExpense": 23199000, "netIncome": 29353000, "netIncomeRatio": 0.2823978757, "eps": 0.52, "epsdiluted": 0.52, "weightedAverageShsOut": 56030000, "weightedAverageShsOutDil": 56030000, "link": "https://www.sec.gov/Archives/edgar/data/1590717/000162828017000941/0001628280-17-000941-index.htm", "finalLink": "https://www.sec.gov/Archives/edgar/data/1590717/000162828017000941/ctre2016123110k.htm", "calculatedOtherExpenses": 31965000, "calculatedOperatingExpenses": 41262000, "calculatedNetInterest": -22462000, "calculatedOtherIncome": -470000, "calculatedIncomeNonControlling": -23199000, "calculatedEbitda": 84265000}, {"date": "2015-12-31", "symbol": "CTRE", "reportedCurrency": "USD", "cik": "0001590717", "fillingDate": "2016-02-11", "acceptedDate": "2016-02-11 16:41:27", "calendarYear": "2015", "period": "FY", "revenue": 73986000, "costOfRevenue": 7873000, "grossProfit": 66113000, "grossProfitRatio": 0.8935879761, "researchAndDevelopmentExpenses": 0, "generalAndAdministrativeExpenses": 7655000, "sellingAndMarketingExpenses": 0, "sellingGeneralAndAdministrativeExpenses": 7655000, "otherExpenses": 24133000, "operatingExpenses": 31788000, "costAndExpenses": 39661000, "interestIncome": 965000, "interestExpense": 25256000, "depreciationAndAmortization": 24133000, "ebitda": 59423000, "ebitdaratio": 0.8031654637, "operatingIncome": 34325000, "operatingIncomeRatio": 0.4639391236, "totalOtherIncomeExpensesNet": -24291000, "incomeBeforeTax": 10034000, "incomeBeforeTaxRatio": 0.1356202525, "incomeTaxExpense": 965000, "netIncome": 10034000, "netIncomeRatio": 0.1356202525, "eps": 0.27, "epsdiluted": 0.27, "weightedAverageShsOut": 37380000, "weightedAverageShsOutDil": 37380000, "link": "https://www.sec.gov/Archives/edgar/data/1590717/000162828016011018/0001628280-16-011018-index.htm", "finalLink": "https://www.sec.gov/Archives/edgar/data/1590717/000162828016011018/ctre2015123110k.htm", "calculatedOtherExpenses": 24133000, "calculatedOperatingExpenses": 31788000, "calculatedNetInterest": -24291000, "calculatedOtherIncome": 0, "calculatedIncomeNonControlling": -965000, "calculatedEbitda": 58458000}, {"date": "2014-12-31", "symbol": "CTRE", "reportedCurrency": "USD", "cik": "0001590717", "fillingDate": "2015-02-11", "acceptedDate": "2015-02-11 16:25:11", "calendarYear": "2014", "period": "FY", "revenue": 58842000, "costOfRevenue": 7199000, "grossProfit": 51643000, "grossProfitRatio": 0.8776554162, "researchAndDevelopmentExpenses": 0, "generalAndAdministrativeExpenses": 11105000, "sellingAndMarketingExpenses": 0, "sellingGeneralAndAdministrativeExpenses": 11105000, "otherExpenses": 23000000, "operatingExpenses": 34105000, "costAndExpenses": 41304000, "interestIncome": 55000, "interestExpense": 21622000, "depreciationAndAmortization": 23000000, "ebitda": 40593000, "ebitdaratio": 0.6898643826, "operatingIncome": 17538000, "operatingIncomeRatio": 0.2980524115, "totalOtherIncomeExpensesNet": -4114000, "incomeBeforeTax": -8143000, "incomeBeforeTaxRatio": -0.1383875463, "incomeTaxExpense": 21622000, "netIncome": -8143000, "netIncomeRatio": -0.1383875463, "eps": -0.36, "epsdiluted": -0.36, "weightedAverageShsOut": 22619444, "weightedAverageShsOutDil": 22788000, "link": "https://www.sec.gov/Archives/edgar/data/1590717/000119312515044220/0001193125-15-044220-index.htm", "finalLink": "https://www.sec.gov/Archives/edgar/data/1590717/000119312515044220/d836790d10k.htm", "calculatedOtherExpenses": 23000000, "calculatedOperatingExpenses": 34105000, "calculatedNetInterest": -21567000, "calculatedOtherIncome": -4114000, "calculatedIncomeNonControlling": -21622000, "calculatedEbitda": 40538000}, {"date": "2013-12-31", "symbol": "CTRE", "reportedCurrency": "USD", "cik": "0001590717", "fillingDate": "2013-12-31", "acceptedDate": "2013-12-30 19:00:00", "calendarYear": "2013", "period": "FY", "revenue": 48796000, "costOfRevenue": 7306000, "grossProfit": 41490000, "grossProfitRatio": 0.8502746127, "researchAndDevelopmentExpenses": 0, "generalAndAdministrativeExpenses": 5442000, "sellingAndMarketingExpenses": 0, "sellingGeneralAndAdministrativeExpenses": 5442000, "otherExpenses": 23418000, "operatingExpenses": 28860000, "costAndExpenses": 36166000, "interestIncome": 0, "interestExpense": 12647000, "depreciationAndAmortization": 23418000, "ebitda": 36048000, "ebitdaratio": 0.7387490778, "operatingIncome": 12630000, "operatingIncomeRatio": 0.2588326912, "totalOtherIncomeExpensesNet": -255000, "incomeBeforeTax": -272000, "incomeBeforeTaxRatio": -0.0055742274, "incomeTaxExpense": 123000, "netIncome": -395000, "netIncomeRatio": -0.0080949258, "eps": -0.0178, "epsdiluted": -0.0178, "weightedAverageShsOut": 22245868, "weightedAverageShsOutDil": 22245868, "link": "", "finalLink": "", "calculatedOtherExpenses": 23418000, "calculatedOperatingExpenses": 28860000, "calculatedNetInterest": -12647000, "calculatedOtherIncome": -255000, "calculatedIncomeNonControlling": 0, "calculatedEbitda": 36048000}, {"date": "2012-12-31", "symbol": "CTRE", "reportedCurrency": "USD", "cik": "0001590717", "fillingDate": "2012-12-31", "acceptedDate": "2012-12-30 19:00:00", "calendarYear": "2012", "period": "FY", "revenue": 42063000, "costOfRevenue": 6544000, "grossProfit": 35519000, "grossProfitRatio": 0.8444238404, "researchAndDevelopmentExpenses": 0, "generalAndAdministrativeExpenses": 1788000, "sellingAndMarketingExpenses": 0, "sellingGeneralAndAdministrativeExpenses": 1788000, "otherExpenses": 21103000, "operatingExpenses": 22891000, "costAndExpenses": 29435000, "interestIncome": 0, "interestExpense": 12207000, "depreciationAndAmortization": 21103000, "ebitda": 33731000, "ebitdaratio": 0.8019161734, "operatingIncome": 12628000, "operatingIncomeRatio": 0.3002163422, "totalOtherIncomeExpensesNet": -189000, "incomeBeforeTax": 232000, "incomeBeforeTaxRatio": 0.0055155362, "incomeTaxExpense": 122000, "netIncome": 110000, "netIncomeRatio": 0.0026151249, "eps": 0.0049, "epsdiluted": 0.0049, "weightedAverageShsOut": 22245868, "weightedAverageShsOutDil": 22245868, "link": "", "finalLink": "", "calculatedOtherExpenses": 21103000, "calculatedOperatingExpenses": 22891000, "calculatedNetInterest": -12207000, "calculatedOtherIncome": -189000, "calculatedIncomeNonControlling": 0, "calculatedEbitda": 33731000}, {"date": "2001-12-31", "symbol": "CTRE", "reportedCurrency": "USD", "cik": "0001590717", "fillingDate": "2022-02-16", "acceptedDate": "2022-02-16 16:08:30", "calendarYear": "2001", "period": "FY", "revenue": 192351000, "costOfRevenue": 77000, "grossProfit": 192274000, "grossProfitRatio": 0.9995996901, "researchAndDevelopmentExpenses": 0, "generalAndAdministrativeExpenses": 26874000, "sellingAndMarketingExpenses": 0, "sellingGeneralAndAdministrativeExpenses": 26874000, "otherExpenses": 0, "operatingExpenses": 26874000, "costAndExpenses": 26951000, "interestIncome": 0, "interestExpense": 23677000, "depreciationAndAmortization": 55340000, "ebitda": 220740000, "ebitdaratio": 1.1475895628, "operatingIncome": 165400000, "operatingIncomeRatio": 0.8598863536, "totalOtherIncomeExpensesNet": -93418000, "incomeBeforeTax": 71982000, "incomeBeforeTaxRatio": 0.3742221252, "incomeTaxExpense": 0, "netIncome": 71982000, "netIncomeRatio": 0.3742221252, "eps": 0.75, "epsdiluted": 0.75, "weightedAverageShsOut": 96017000, "weightedAverageShsOutDil": 96092000, "link": "https://www.sec.gov/Archives/edgar/data/1590717/000162828022002843/0001628280-22-002843-index.htm", "finalLink": "https://www.sec.gov/Archives/edgar/data/1590717/000162828022002843/ex991-ctreq42021er.htm", "calculatedOtherExpenses": 0, "calculatedOperatingExpenses": 26874000, "calculatedNetInterest": -23677000, "calculatedOtherIncome": -69741000, "calculatedIncomeNonControlling": 0, "calculatedEbitda": 220740000}]}