{"originalCurrency": "USD", "convertedCurrency": "USD", "report": [{"date": "2023-12-31", "symbol": "CTSH", "reportedCurrency": "USD", "cik": "0001058290", "fillingDate": "2024-02-14", "acceptedDate": "2024-02-14 12:16:11", "calendarYear": "2023", "period": "FY", "revenue": 19353000000, "costOfRevenue": 13160000000, "grossProfit": 6193000000, "grossProfitRatio": 0.3200020669, "researchAndDevelopmentExpenses": 0, "generalAndAdministrativeExpenses": 0, "sellingAndMarketingExpenses": 0, "sellingGeneralAndAdministrativeExpenses": 3249000000, "otherExpenses": 11000000, "operatingExpenses": 3249000000, "costAndExpenses": 16409000000, "interestIncome": 126000000, "interestExpense": 41000000, "depreciationAndAmortization": 519000000, "ebitda": 3463000000, "ebitdaratio": 0.1789386658, "operatingIncome": 2944000000, "operatingIncomeRatio": 0.1521211182, "totalOtherIncomeExpensesNet": -157000000, "incomeBeforeTax": 2787000000, "incomeBeforeTaxRatio": 0.1440086808, "incomeTaxExpense": 668000000, "netIncome": 2126000000, "netIncomeRatio": 0.1098537694, "eps": 4.21, "epsdiluted": 4.21, "weightedAverageShsOut": 505000000, "weightedAverageShsOutDil": 505000000, "link": "https://www.sec.gov/Archives/edgar/data/1058290/000105829024000017/0001058290-24-000017-index.htm", "finalLink": "https://www.sec.gov/Archives/edgar/data/1058290/000105829024000017/ctsh-20231231.htm", "calculatedOtherExpenses": 0, "calculatedOperatingExpenses": 3249000000, "calculatedNetInterest": 85000000, "calculatedOtherIncome": -242000000, "calculatedIncomeNonControlling": -7000000, "calculatedEbitda": 3463000000}, {"date": "2022-12-31", "symbol": "CTSH", "reportedCurrency": "USD", "cik": "0001058290", "fillingDate": "2023-02-15", "acceptedDate": "2023-02-15 16:54:55", "calendarYear": "2022", "period": "FY", "revenue": 19428000000, "costOfRevenue": 12448000000, "grossProfit": 6980000000, "grossProfitRatio": 0.3592752728, "researchAndDevelopmentExpenses": 0, "generalAndAdministrativeExpenses": 0, "sellingAndMarketingExpenses": 0, "sellingGeneralAndAdministrativeExpenses": 3443000000, "otherExpenses": 569000000, "operatingExpenses": 4012000000, "costAndExpenses": 16460000000, "interestIncome": 59000000, "interestExpense": 19000000, "depreciationAndAmortization": 629000000, "ebitda": 3597000000, "ebitdaratio": 0.1851451513, "operatingIncome": 2968000000, "operatingIncomeRatio": 0.1527691991, "totalOtherIncomeExpensesNet": 48000000, "incomeBeforeTax": 3016000000, "incomeBeforeTaxRatio": 0.15523986, "incomeTaxExpense": 730000000, "netIncome": 2290000000, "netIncomeRatio": 0.1178711139, "eps": 4.42, "epsdiluted": 4.41, "weightedAverageShsOut": 518000000, "weightedAverageShsOutDil": 519000000, "link": "https://www.sec.gov/Archives/edgar/data/1058290/000105829023000027/0001058290-23-000027-index.htm", "finalLink": "https://www.sec.gov/Archives/edgar/data/1058290/000105829023000027/ctsh-20221231.htm", "calculatedOtherExpenses": 569000000, "calculatedOperatingExpenses": 4012000000, "calculatedNetInterest": 40000000, "calculatedOtherIncome": 8000000, "calculatedIncomeNonControlling": -4000000, "calculatedEbitda": 3597000000}, {"date": "2021-12-31", "symbol": "CTSH", "reportedCurrency": "USD", "cik": "0001058290", "fillingDate": "2022-02-16", "acceptedDate": "2022-02-16 16:12:38", "calendarYear": "2021", "period": "FY", "revenue": 18507000000, "costOfRevenue": 11604000000, "grossProfit": 6903000000, "grossProfitRatio": 0.3729940023, "researchAndDevelopmentExpenses": 0, "generalAndAdministrativeExpenses": 0, "sellingAndMarketingExpenses": 0, "sellingGeneralAndAdministrativeExpenses": 3503000000, "otherExpenses": 574000000, "operatingExpenses": 4077000000, "costAndExpenses": 15681000000, "interestIncome": 30000000, "interestExpense": 9000000, "depreciationAndAmortization": 604000000, "ebitda": 3430000000, "ebitdaratio": 0.1853352785, "operatingIncome": 2826000000, "operatingIncomeRatio": 0.1526989788, "totalOtherIncomeExpensesNet": 1000000, "incomeBeforeTax": 2827000000, "incomeBeforeTaxRatio": 0.1527530124, "incomeTaxExpense": 693000000, "netIncome": 2137000000, "netIncomeRatio": 0.1154698222, "eps": 4.06, "epsdiluted": 4.05, "weightedAverageShsOut": 527000000, "weightedAverageShsOutDil": 528000000, "link": "https://www.sec.gov/Archives/edgar/data/1058290/000105829022000023/0001058290-22-000023-index.htm", "finalLink": "https://www.sec.gov/Archives/edgar/data/1058290/000105829022000023/ctsh-20211231.htm", "calculatedOtherExpenses": 574000000, "calculatedOperatingExpenses": 4077000000, "calculatedNetInterest": 21000000, "calculatedOtherIncome": -20000000, "calculatedIncomeNonControlling": -3000000, "calculatedEbitda": 3430000000}, {"date": "2020-12-31", "symbol": "CTSH", "reportedCurrency": "USD", "cik": "0001058290", "fillingDate": "2021-02-12", "acceptedDate": "2021-02-12 16:04:16", "calendarYear": "2020", "period": "FY", "revenue": 16652000000, "costOfRevenue": 10671000000, "grossProfit": 5981000000, "grossProfitRatio": 0.3591760749, "researchAndDevelopmentExpenses": 0, "generalAndAdministrativeExpenses": 0, "sellingAndMarketingExpenses": 0, "sellingGeneralAndAdministrativeExpenses": 3100000000, "otherExpenses": 552000000, "operatingExpenses": 3652000000, "costAndExpenses": 14323000000, "interestIncome": 119000000, "interestExpense": 24000000, "depreciationAndAmortization": 889000000, "ebitda": 3003000000, "ebitdaratio": 0.1803386981, "operatingIncome": 2114000000, "operatingIncomeRatio": 0.1269517175, "totalOtherIncomeExpensesNet": -18000000, "incomeBeforeTax": 2096000000, "incomeBeforeTaxRatio": 0.1258707663, "incomeTaxExpense": 704000000, "netIncome": 1392000000, "netIncomeRatio": 0.0835935623, "eps": 2.58, "epsdiluted": 2.57, "weightedAverageShsOut": 540000000, "weightedAverageShsOutDil": 541000000, "link": "https://www.sec.gov/Archives/edgar/data/1058290/000105829021000031/0001058290-21-000031-index.htm", "finalLink": "https://www.sec.gov/Archives/edgar/data/1058290/000105829021000031/ctsh-20201231.htm", "calculatedOtherExpenses": 767000000, "calculatedOperatingExpenses": 3867000000, "calculatedNetInterest": 95000000, "calculatedOtherIncome": -113000000, "calculatedIncomeNonControlling": 0, "calculatedEbitda": 3003000000}, {"date": "2019-12-31", "symbol": "CTSH", "reportedCurrency": "USD", "cik": "0001058290", "fillingDate": "2020-02-14", "acceptedDate": "2020-02-14 09:28:06", "calendarYear": "2019", "period": "FY", "revenue": 16783000000, "costOfRevenue": 10634000000, "grossProfit": 6149000000, "grossProfitRatio": 0.3663826491, "researchAndDevelopmentExpenses": 0, "generalAndAdministrativeExpenses": 0, "sellingAndMarketingExpenses": 0, "sellingGeneralAndAdministrativeExpenses": 2972000000, "otherExpenses": 507000000, "operatingExpenses": 3479000000, "costAndExpenses": 14113000000, "interestIncome": 176000000, "interestExpense": 26000000, "depreciationAndAmortization": 905000000, "ebitda": 3358000000, "ebitdaratio": 0.2000834177, "operatingIncome": 2453000000, "operatingIncomeRatio": 0.1461598046, "totalOtherIncomeExpensesNet": 90000000, "incomeBeforeTax": 2543000000, "incomeBeforeTaxRatio": 0.1515223738, "incomeTaxExpense": 643000000, "netIncome": 1842000000, "netIncomeRatio": 0.1097539177, "eps": 3.3, "epsdiluted": 3.29, "weightedAverageShsOut": 559000000, "weightedAverageShsOutDil": 560000000, "link": "https://www.sec.gov/Archives/edgar/data/1058290/000105829020000008/0001058290-20-000008-index.htm", "finalLink": "https://www.sec.gov/Archives/edgar/data/1058290/000105829020000008/ctsh20191231-10k.htm", "calculatedOtherExpenses": 724000000, "calculatedOperatingExpenses": 3696000000, "calculatedNetInterest": 150000000, "calculatedOtherIncome": -60000000, "calculatedIncomeNonControlling": 58000000, "calculatedEbitda": 3358000000}, {"date": "2018-12-31", "symbol": "CTSH", "reportedCurrency": "USD", "cik": "0001058290", "fillingDate": "2019-02-19", "acceptedDate": "2019-02-19 13:47:51", "calendarYear": "2018", "period": "FY", "revenue": 16125000000, "costOfRevenue": 9838000000, "grossProfit": 6287000000, "grossProfitRatio": 0.3898914729, "researchAndDevelopmentExpenses": 0, "generalAndAdministrativeExpenses": 3026000000, "sellingAndMarketingExpenses": 0, "sellingGeneralAndAdministrativeExpenses": 3026000000, "otherExpenses": -2000000, "operatingExpenses": 3486000000, "costAndExpenses": 13324000000, "interestIncome": 177000000, "interestExpense": 27000000, "depreciationAndAmortization": 460000000, "ebitda": 3436000000, "ebitdaratio": 0.2130852713, "operatingIncome": 2801000000, "operatingIncomeRatio": 0.1737054264, "totalOtherIncomeExpensesNet": -154000000, "incomeBeforeTax": 2797000000, "incomeBeforeTaxRatio": 0.1734573643, "incomeTaxExpense": 698000000, "netIncome": 2101000000, "netIncomeRatio": 0.1302945736, "eps": 3.61, "epsdiluted": 3.6, "weightedAverageShsOut": 582000000, "weightedAverageShsOutDil": 584000000, "link": "https://www.sec.gov/Archives/edgar/data/1058290/000105829019000009/0001058290-19-000009-index.htm", "finalLink": "https://www.sec.gov/Archives/edgar/data/1058290/000105829019000009/ctsh20181231-10k.htm", "calculatedOtherExpenses": 460000000, "calculatedOperatingExpenses": 3486000000, "calculatedNetInterest": 150000000, "calculatedOtherIncome": -154000000, "calculatedIncomeNonControlling": -2000000, "calculatedEbitda": 3261000000}, {"date": "2017-12-31", "symbol": "CTSH", "reportedCurrency": "USD", "cik": "0001058290", "fillingDate": "2018-02-27", "acceptedDate": "2018-02-27 16:38:47", "calendarYear": "2017", "period": "FY", "revenue": 14810000000, "costOfRevenue": 9152000000, "grossProfit": 5658000000, "grossProfitRatio": 0.3820391627, "researchAndDevelopmentExpenses": 0, "generalAndAdministrativeExpenses": 2769000000, "sellingAndMarketingExpenses": 0, "sellingGeneralAndAdministrativeExpenses": 2769000000, "otherExpenses": -3000000, "operatingExpenses": 3177000000, "costAndExpenses": 12329000000, "interestIncome": 133000000, "interestExpense": 23000000, "depreciationAndAmortization": 408000000, "ebitda": 3019000000, "ebitdaratio": 0.2038487508, "operatingIncome": 2481000000, "operatingIncomeRatio": 0.1675219446, "totalOtherIncomeExpensesNet": 64000000, "incomeBeforeTax": 2655000000, "incomeBeforeTaxRatio": 0.179270763, "incomeTaxExpense": 1153000000, "netIncome": 1504000000, "netIncomeRatio": 0.1015530047, "eps": 2.54, "epsdiluted": 2.53, "weightedAverageShsOut": 593000000, "weightedAverageShsOutDil": 595000000, "link": "https://www.sec.gov/Archives/edgar/data/1058290/000105829018000009/0001058290-18-000009-index.htm", "finalLink": "https://www.sec.gov/Archives/edgar/data/1058290/000105829018000009/ctsh20171231-10k.htm", "calculatedOtherExpenses": 408000000, "calculatedOperatingExpenses": 3177000000, "calculatedNetInterest": 110000000, "calculatedOtherIncome": 64000000, "calculatedIncomeNonControlling": -2000000, "calculatedEbitda": 2889000000}, {"date": "2016-12-31", "symbol": "CTSH", "reportedCurrency": "USD", "cik": "0001058290", "fillingDate": "2017-03-01", "acceptedDate": "2017-03-01 07:31:55", "calendarYear": "2016", "period": "FY", "revenue": 13487000000, "costOfRevenue": 8108000000, "grossProfit": 5379000000, "grossProfitRatio": 0.3988285015, "researchAndDevelopmentExpenses": 0, "generalAndAdministrativeExpenses": 2731000000, "sellingAndMarketingExpenses": 0, "sellingGeneralAndAdministrativeExpenses": 2731000000, "otherExpenses": 2000000, "operatingExpenses": 3090000000, "costAndExpenses": 11198000000, "interestIncome": 115000000, "interestExpense": 19000000, "depreciationAndAmortization": 359000000, "ebitda": 2765000000, "ebitdaratio": 0.205012234, "operatingIncome": 2289000000, "operatingIncomeRatio": 0.1697189887, "totalOtherIncomeExpensesNet": -28000000, "incomeBeforeTax": 2357000000, "incomeBeforeTaxRatio": 0.1747608808, "incomeTaxExpense": 805000000, "netIncome": 1553000000, "netIncomeRatio": 0.1151479202, "eps": 2.56, "epsdiluted": 2.55, "weightedAverageShsOut": 607000000, "weightedAverageShsOutDil": 610000000, "link": "https://www.sec.gov/Archives/edgar/data/1058290/000105829017000008/0001058290-17-000008-index.htm", "finalLink": "https://www.sec.gov/Archives/edgar/data/1058290/000105829017000008/ctsh20161231-10k.htm", "calculatedOtherExpenses": 359000000, "calculatedOperatingExpenses": 3090000000, "calculatedNetInterest": 96000000, "calculatedOtherIncome": -28000000, "calculatedIncomeNonControlling": -1000000, "calculatedEbitda": 2648000000}, {"date": "2015-12-31", "symbol": "CTSH", "reportedCurrency": "USD", "cik": "0001058290", "fillingDate": "2016-02-25", "acceptedDate": "2016-02-25 17:03:59", "calendarYear": "2015", "period": "FY", "revenue": 12416000000, "costOfRevenue": 7440200000, "grossProfit": 4975800000, "grossProfitRatio": 0.4007570876, "researchAndDevelopmentExpenses": 0, "generalAndAdministrativeExpenses": 2508600000, "sellingAndMarketingExpenses": 0, "sellingGeneralAndAdministrativeExpenses": 2508600000, "otherExpenses": -1800000, "operatingExpenses": 2833800000, "costAndExpenses": 10274000000, "interestIncome": 83700000, "interestExpense": 17700000, "depreciationAndAmortization": 325200000, "ebitda": 2549100000, "ebitdaratio": 0.2053076675, "operatingIncome": 2142000000, "operatingIncomeRatio": 0.1725193299, "totalOtherIncomeExpensesNet": -44400000, "incomeBeforeTax": 2163600000, "incomeBeforeTaxRatio": 0.1742590206, "incomeTaxExpense": 540000000, "netIncome": 1623600000, "netIncomeRatio": 0.1307667526, "eps": 2.67, "epsdiluted": 2.65, "weightedAverageShsOut": 609100000, "weightedAverageShsOutDil": 613300000, "link": "https://www.sec.gov/Archives/edgar/data/1058290/000105829016000049/0001058290-16-000049-index.htm", "finalLink": "https://www.sec.gov/Archives/edgar/data/1058290/000105829016000049/ctsh20151231-10k.htm", "calculatedOtherExpenses": 325200000, "calculatedOperatingExpenses": 2833800000, "calculatedNetInterest": 66000000, "calculatedOtherIncome": -44400000, "calculatedIncomeNonControlling": 0, "calculatedEbitda": 2467200000}, {"date": "2014-12-31", "symbol": "CTSH", "reportedCurrency": "USD", "cik": "0001058290", "fillingDate": "2015-02-27", "acceptedDate": "2015-02-27 16:33:53", "calendarYear": "2014", "period": "FY", "revenue": 10262681000, "costOfRevenue": 6141118000, "grossProfit": 4121563000, "grossProfitRatio": 0.4016068511, "researchAndDevelopmentExpenses": 0, "generalAndAdministrativeExpenses": 2037021000, "sellingAndMarketingExpenses": 0, "sellingGeneralAndAdministrativeExpenses": 2037021000, "otherExpenses": -447000, "operatingExpenses": 2236685000, "costAndExpenses": 8377803000, "interestIncome": 62444000, "interestExpense": 2468000, "depreciationAndAmortization": 199664000, "ebitda": 2146539000, "ebitdaratio": 0.2091596728, "operatingIncome": 1884878000, "operatingIncomeRatio": 0.1836633137, "totalOtherIncomeExpensesNet": -20823000, "incomeBeforeTax": 1924031000, "incomeBeforeTaxRatio": 0.1874783987, "incomeTaxExpense": 484764000, "netIncome": 1439267000, "netIncomeRatio": 0.1402427884, "eps": 2.37, "epsdiluted": 2.35, "weightedAverageShsOut": 608126000, "weightedAverageShsOutDil": 612489000, "link": "https://www.sec.gov/Archives/edgar/data/1058290/000105829015000006/0001058290-15-000006-index.htm", "finalLink": "https://www.sec.gov/Archives/edgar/data/1058290/000105829015000006/ctsh20141231-10k.htm", "calculatedOtherExpenses": 199664000, "calculatedOperatingExpenses": 2236685000, "calculatedNetInterest": 59976000, "calculatedOtherIncome": -20823000, "calculatedIncomeNonControlling": 0, "calculatedEbitda": 2084542000}, {"date": "2013-12-31", "symbol": "CTSH", "reportedCurrency": "USD", "cik": "0001058290", "fillingDate": "2014-02-25", "acceptedDate": "2014-02-25 17:16:33", "calendarYear": "2013", "period": "FY", "revenue": 8843189000, "costOfRevenue": 5265469000, "grossProfit": 3577720000, "grossProfitRatio": 0.4045735085, "researchAndDevelopmentExpenses": 0, "generalAndAdministrativeExpenses": 1727609000, "sellingAndMarketingExpenses": 0, "sellingGeneralAndAdministrativeExpenses": 1727609000, "otherExpenses": -38889000, "operatingExpenses": 1899810000, "costAndExpenses": 7165279000, "interestIncome": 48896000, "interestExpense": 0, "depreciationAndAmortization": 172201000, "ebitda": 1850111000, "ebitdaratio": 0.2092131017, "operatingIncome": -1677910000, "operatingIncomeRatio": -0.1897403753, "totalOtherIncomeExpensesNet": -38889000, "incomeBeforeTax": 1687917000, "incomeBeforeTaxRatio": 0.1908719807, "incomeTaxExpense": 459339000, "netIncome": 1228578000, "netIncomeRatio": 0.1389292935, "eps": 2.03, "epsdiluted": 2.02, "weightedAverageShsOut": 604014000, "weightedAverageShsOutDil": 609662000, "link": "https://www.sec.gov/Archives/edgar/data/1058290/000119312514067531/0001193125-14-067531-index.htm", "finalLink": "https://www.sec.gov/Archives/edgar/data/1058290/000119312514067531/d675333d10k.htm", "calculatedOtherExpenses": 3528021000, "calculatedOperatingExpenses": 5255630000, "calculatedNetInterest": 48896000, "calculatedOtherIncome": 3316931000, "calculatedIncomeNonControlling": 0, "calculatedEbitda": -1505709000}, {"date": "2012-12-31", "symbol": "CTSH", "reportedCurrency": "USD", "cik": "0001058290", "fillingDate": "2013-02-26", "acceptedDate": "2013-02-26 17:26:02", "calendarYear": "2012", "period": "FY", "revenue": 7346472000, "costOfRevenue": 4278241000, "grossProfit": 3068231000, "grossProfitRatio": 0.4176468651, "researchAndDevelopmentExpenses": 0, "generalAndAdministrativeExpenses": 1557646000, "sellingAndMarketingExpenses": 0, "sellingGeneralAndAdministrativeExpenses": 1557646000, "otherExpenses": -18414000, "operatingExpenses": 1706735000, "costAndExpenses": 5984976000, "interestIncome": 44514000, "interestExpense": 0, "depreciationAndAmortization": 149089000, "ebitda": 1510585000, "ebitdaratio": 0.2056204665, "operatingIncome": 1361496000, "operatingIncomeRatio": 0.1853265077, "totalOtherIncomeExpensesNet": -18414000, "incomeBeforeTax": 1387596000, "incomeBeforeTaxRatio": 0.1888792335, "incomeTaxExpense": 336333000, "netIncome": 1051263000, "netIncomeRatio": 0.1430976665, "eps": 1.74, "epsdiluted": 1.72, "weightedAverageShsOut": 602582000, "weightedAverageShsOutDil": 611722000, "link": "https://www.sec.gov/Archives/edgar/data/1058290/000119312513077271/0001193125-13-077271-index.htm", "finalLink": "https://www.sec.gov/Archives/edgar/data/1058290/000119312513077271/d450416d10k.htm", "calculatedOtherExpenses": 149089000, "calculatedOperatingExpenses": 1706735000, "calculatedNetInterest": 44514000, "calculatedOtherIncome": -18414000, "calculatedIncomeNonControlling": 0, "calculatedEbitda": 1510585000}, {"date": "2011-12-31", "symbol": "CTSH", "reportedCurrency": "USD", "cik": "0001058290", "fillingDate": "2012-02-27", "acceptedDate": "2012-02-27 16:21:43", "calendarYear": "2011", "period": "FY", "revenue": 6121156000, "costOfRevenue": 3538622000, "grossProfit": 2582534000, "grossProfitRatio": 0.421902987, "researchAndDevelopmentExpenses": 0, "generalAndAdministrativeExpenses": 1328665000, "sellingAndMarketingExpenses": 0, "sellingGeneralAndAdministrativeExpenses": 1328665000, "otherExpenses": 117401000, "operatingExpenses": 1446066000, "costAndExpenses": 4984688000, "interestIncome": 39249000, "interestExpense": 0, "depreciationAndAmortization": 117401000, "ebitda": 1260437000, "ebitdaratio": 0.2059148631, "operatingIncome": 1136468000, "operatingIncomeRatio": 0.1856623161, "totalOtherIncomeExpensesNet": -6568000, "incomeBeforeTax": 1169149000, "incomeBeforeTaxRatio": 0.1910013403, "incomeTaxExpense": 285531000, "netIncome": 883618000, "netIncomeRatio": 0.1443547591, "eps": 1.46, "epsdiluted": 1.42, "weightedAverageShsOut": 606554000, "weightedAverageShsOutDil": 620702000, "link": "https://www.sec.gov/Archives/edgar/data/1058290/000119312512081638/0001193125-12-081638-index.htm", "finalLink": "https://www.sec.gov/Archives/edgar/data/1058290/000119312512081638/d255156d10k.htm", "calculatedOtherExpenses": 117401000, "calculatedOperatingExpenses": 1446066000, "calculatedNetInterest": 39249000, "calculatedOtherIncome": -6568000, "calculatedIncomeNonControlling": 0, "calculatedEbitda": 1253869000}, {"date": "2010-12-31", "symbol": "CTSH", "reportedCurrency": "USD", "cik": "0001058290", "fillingDate": "2011-02-23", "acceptedDate": "2011-02-23 17:01:58", "calendarYear": "2010", "period": "FY", "revenue": 4592389000, "costOfRevenue": 2654569000, "grossProfit": 1937820000, "grossProfitRatio": 0.4219633833, "researchAndDevelopmentExpenses": 0, "generalAndAdministrativeExpenses": 972093000, "sellingAndMarketingExpenses": 0, "sellingGeneralAndAdministrativeExpenses": 972093000, "otherExpenses": 103875000, "operatingExpenses": 1075968000, "costAndExpenses": 3730537000, "interestIncome": 25793000, "interestExpense": 0, "depreciationAndAmortization": 103875000, "ebitda": 974792000, "ebitdaratio": 0.2122625065, "operatingIncome": 861852000, "operatingIncomeRatio": 0.1876696421, "totalOtherIncomeExpensesNet": -9065000, "incomeBeforeTax": 878580000, "incomeBeforeTaxRatio": 0.1913121907, "incomeTaxExpense": 145040000, "netIncome": 733540000, "netIncomeRatio": 0.1597295003, "eps": 1.22, "epsdiluted": 1.19, "weightedAverageShsOut": 601562000, "weightedAverageShsOutDil": 618274000, "link": "https://www.sec.gov/Archives/edgar/data/1058290/000119312511043696/0001193125-11-043696-index.htm", "finalLink": "https://www.sec.gov/Archives/edgar/data/1058290/000119312511043696/d10k.htm", "calculatedOtherExpenses": 103875000, "calculatedOperatingExpenses": 1075968000, "calculatedNetInterest": 25793000, "calculatedOtherIncome": -9065000, "calculatedIncomeNonControlling": 0, "calculatedEbitda": 965727000}, {"date": "2009-12-31", "symbol": "CTSH", "reportedCurrency": "USD", "cik": "0001058290", "fillingDate": "2010-02-25", "acceptedDate": "2010-02-25 15:07:06", "calendarYear": "2009", "period": "FY", "revenue": 3278663000, "costOfRevenue": 1849443000, "grossProfit": 1429220000, "grossProfitRatio": 0.4359154936, "researchAndDevelopmentExpenses": 0, "generalAndAdministrativeExpenses": 721359000, "sellingAndMarketingExpenses": 0, "sellingGeneralAndAdministrativeExpenses": 721359000, "otherExpenses": 89371000, "operatingExpenses": 810730000, "costAndExpenses": 2660173000, "interestIncome": 15895000, "interestExpense": 0, "depreciationAndAmortization": 89371000, "ebitda": 705295000, "ebitdaratio": 0.2151166497, "operatingIncome": 618490000, "operatingIncomeRatio": 0.1886409186, "totalOtherIncomeExpensesNet": 2566000, "incomeBeforeTax": 636951000, "incomeBeforeTaxRatio": 0.1942715674, "incomeTaxExpense": 101988000, "netIncome": 534963000, "netIncomeRatio": 0.1631649852, "eps": 0.91, "epsdiluted": 0.89, "weightedAverageShsOut": 586608000, "weightedAverageShsOutDil": 602230000, "link": "https://www.sec.gov/Archives/edgar/data/1058290/000119312510040500/0001193125-10-040500-index.htm", "finalLink": "https://www.sec.gov/Archives/edgar/data/1058290/000119312510040500/d10k.htm", "calculatedOtherExpenses": 89371000, "calculatedOperatingExpenses": 810730000, "calculatedNetInterest": 15895000, "calculatedOtherIncome": 2566000, "calculatedIncomeNonControlling": 0, "calculatedEbitda": 707861000}, {"date": "2008-12-31", "symbol": "CTSH", "reportedCurrency": "USD", "cik": "0001058290", "fillingDate": "2009-03-02", "acceptedDate": "2009-03-02 12:28:41", "calendarYear": "2008", "period": "FY", "revenue": 2816304000, "costOfRevenue": 1572816000, "grossProfit": 1243488000, "grossProfitRatio": 0.4415318801, "researchAndDevelopmentExpenses": 0, "generalAndAdministrativeExpenses": 652021000, "sellingAndMarketingExpenses": 0, "sellingGeneralAndAdministrativeExpenses": 652021000, "otherExpenses": 74797000, "operatingExpenses": 726818000, "costAndExpenses": 2299634000, "interestIncome": 22188000, "interestExpense": 0, "depreciationAndAmortization": 74797000, "ebitda": 615115000, "ebitdaratio": 0.2184121458, "operatingIncome": 516670000, "operatingIncomeRatio": 0.1834567575, "totalOtherIncomeExpensesNet": -23648000, "incomeBeforeTax": 515210000, "incomeBeforeTaxRatio": 0.1829383476, "incomeTaxExpense": 84365000, "netIncome": 430845000, "netIncomeRatio": 0.1529824195, "eps": 0.74, "epsdiluted": 0.72, "weightedAverageShsOut": 580242000, "weightedAverageShsOutDil": 597880000, "link": "https://www.sec.gov/Archives/edgar/data/1058290/000119312509042103/0001193125-09-042103-index.htm", "finalLink": "https://www.sec.gov/Archives/edgar/data/1058290/000119312509042103/d10k.htm", "calculatedOtherExpenses": 74797000, "calculatedOperatingExpenses": 726818000, "calculatedNetInterest": 22188000, "calculatedOtherIncome": -23648000, "calculatedIncomeNonControlling": 0, "calculatedEbitda": 591467000}, {"date": "2007-12-31", "symbol": "CTSH", "reportedCurrency": "USD", "cik": "0001058290", "fillingDate": "2008-02-28", "acceptedDate": "2008-02-28 17:19:03", "calendarYear": "2007", "period": "FY", "revenue": 2135577000, "costOfRevenue": 1206035000, "grossProfit": 929542000, "grossProfitRatio": 0.4352650361, "researchAndDevelopmentExpenses": 0, "generalAndAdministrativeExpenses": 494102000, "sellingAndMarketingExpenses": 0, "sellingGeneralAndAdministrativeExpenses": 494102000, "otherExpenses": 53918000, "operatingExpenses": 548020000, "costAndExpenses": 1754055000, "interestIncome": 29560000, "interestExpense": 0, "depreciationAndAmortization": 53918000, "ebitda": 432166000, "ebitdaratio": 0.2023649815, "operatingIncome": 381522000, "operatingIncomeRatio": 0.1786505474, "totalOtherIncomeExpensesNet": 3274000, "incomeBeforeTax": 414356000, "incomeBeforeTaxRatio": 0.1940253149, "incomeTaxExpense": 64223000, "netIncome": 350133000, "netIncomeRatio": 0.1639524119, "eps": 0.61, "epsdiluted": 0.58, "weightedAverageShsOut": 576310000, "weightedAverageShsOutDil": 607186000, "link": "https://www.sec.gov/Archives/edgar/data/1058290/000119312508042031/0001193125-08-042031-index.htm", "finalLink": "https://www.sec.gov/Archives/edgar/data/1058290/000119312508042031/d10k.htm", "calculatedOtherExpenses": 53918000, "calculatedOperatingExpenses": 548020000, "calculatedNetInterest": 29560000, "calculatedOtherIncome": 3274000, "calculatedIncomeNonControlling": 0, "calculatedEbitda": 435440000}, {"date": "2006-12-31", "symbol": "CTSH", "reportedCurrency": "USD", "cik": "0001058290", "fillingDate": "2007-02-16", "acceptedDate": "2007-02-16 16:20:14", "calendarYear": "2006", "period": "FY", "revenue": 1424267000, "costOfRevenue": 787923000, "grossProfit": 636344000, "grossProfitRatio": 0.446787014, "researchAndDevelopmentExpenses": 0, "generalAndAdministrativeExpenses": 343238000, "sellingAndMarketingExpenses": 0, "sellingGeneralAndAdministrativeExpenses": 343238000, "otherExpenses": 34163000, "operatingExpenses": 377401000, "costAndExpenses": 1165324000, "interestIncome": 17615000, "interestExpense": 0, "depreciationAndAmortization": 34163000, "ebitda": 291853000, "ebitdaratio": 0.204914528, "operatingIncome": 258943000, "operatingIncomeRatio": 0.1818079054, "totalOtherIncomeExpensesNet": 1253000, "incomeBeforeTax": 277811000, "incomeBeforeTaxRatio": 0.1950554215, "incomeTaxExpense": 45016000, "netIncome": 232795000, "netIncomeRatio": 0.1634489881, "eps": 0.41, "epsdiluted": 0.39, "weightedAverageShsOut": 563432000, "weightedAverageShsOutDil": 602248000, "link": "https://www.sec.gov/Archives/edgar/data/1058290/000119312507034095/0001193125-07-034095-index.htm", "finalLink": "https://www.sec.gov/Archives/edgar/data/1058290/000119312507034095/d10k.htm", "calculatedOtherExpenses": 34163000, "calculatedOperatingExpenses": 377401000, "calculatedNetInterest": 17615000, "calculatedOtherIncome": 1253000, "calculatedIncomeNonControlling": 0, "calculatedEbitda": 293106000}, {"date": "2005-12-31", "symbol": "CTSH", "reportedCurrency": "USD", "cik": "0001058290", "fillingDate": "2006-03-15", "acceptedDate": "2006-03-15 15:37:09", "calendarYear": "2005", "period": "FY", "revenue": 885830000, "costOfRevenue": 479915000, "grossProfit": 405915000, "grossProfitRatio": 0.4582312633, "researchAndDevelopmentExpenses": 0, "generalAndAdministrativeExpenses": 206899000, "sellingAndMarketingExpenses": 0, "sellingGeneralAndAdministrativeExpenses": 206899000, "otherExpenses": 21400000, "operatingExpenses": 228299000, "costAndExpenses": 708214000, "interestIncome": 8982000, "interestExpense": 0, "depreciationAndAmortization": 21400000, "ebitda": 200342000, "ebitdaratio": 0.2261630335, "operatingIncome": 177616000, "operatingIncomeRatio": 0.2005079981, "totalOtherIncomeExpensesNet": -1326000, "incomeBeforeTax": 185272000, "incomeBeforeTaxRatio": 0.20915074, "incomeTaxExpense": 19006000, "netIncome": 166266000, "netIncomeRatio": 0.187695156, "eps": 0.3, "epsdiluted": 0.28, "weightedAverageShsOut": 545976000, "weightedAverageShsOutDil": 587580000, "link": "https://www.sec.gov/Archives/edgar/data/1058290/000119312506054940/0001193125-06-054940-index.htm", "finalLink": "https://www.sec.gov/Archives/edgar/data/1058290/000119312506054940/d10k.htm", "calculatedOtherExpenses": 21400000, "calculatedOperatingExpenses": 228299000, "calculatedNetInterest": 8982000, "calculatedOtherIncome": -1326000, "calculatedIncomeNonControlling": 0, "calculatedEbitda": 199016000}, {"date": "2004-12-31", "symbol": "CTSH", "reportedCurrency": "USD", "cik": "0001058290", "fillingDate": "2005-03-16", "acceptedDate": "2005-03-16 15:07:48", "calendarYear": "2004", "period": "FY", "revenue": 586673000, "costOfRevenue": 319810000, "grossProfit": 266863000, "grossProfitRatio": 0.4548752031, "researchAndDevelopmentExpenses": 0, "generalAndAdministrativeExpenses": 132796000, "sellingAndMarketingExpenses": 0, "sellingGeneralAndAdministrativeExpenses": 132796000, "otherExpenses": 16447000, "operatingExpenses": 149243000, "costAndExpenses": 469053000, "interestIncome": 4389000, "interestExpense": 0, "depreciationAndAmortization": 16447000, "ebitda": 133981000, "ebitdaratio": 0.2283742391, "operatingIncome": 117620000, "operatingIncomeRatio": 0.200486472, "totalOtherIncomeExpensesNet": 86000, "incomeBeforeTax": 122095000, "incomeBeforeTaxRatio": 0.2081142306, "incomeTaxExpense": 21852000, "netIncome": 100243000, "netIncomeRatio": 0.1708669054, "eps": 0.19, "epsdiluted": 0.18, "weightedAverageShsOut": 523960000, "weightedAverageShsOutDil": 570224000, "link": "https://www.sec.gov/Archives/edgar/data/1058290/000095012305003226/0000950123-05-003226-index.htm", "finalLink": "https://www.sec.gov/Archives/edgar/data/1058290/000095012305003226/y06838e10vk.htm", "calculatedOtherExpenses": 16447000, "calculatedOperatingExpenses": 149243000, "calculatedNetInterest": 4389000, "calculatedOtherIncome": 86000, "calculatedIncomeNonControlling": 0, "calculatedEbitda": 134067000}, {"date": "2003-12-31", "symbol": "CTSH", "reportedCurrency": "USD", "cik": "0001058290", "fillingDate": "2004-03-12", "acceptedDate": "2004-03-12 17:00:09", "calendarYear": "2003", "period": "FY", "revenue": 368231000, "costOfRevenue": 199724000, "grossProfit": 168507000, "grossProfitRatio": 0.4576122054, "researchAndDevelopmentExpenses": 0, "generalAndAdministrativeExpenses": 84259000, "sellingAndMarketingExpenses": 0, "sellingGeneralAndAdministrativeExpenses": 84259000, "otherExpenses": 9926000, "operatingExpenses": 94185000, "costAndExpenses": 293909000, "interestIncome": 0, "interestExpense": 0, "depreciationAndAmortization": 11936000, "ebitda": 85892000, "ebitdaratio": 0.2332557552, "operatingIncome": 72312000, "operatingIncomeRatio": 0.1963767309, "totalOtherIncomeExpensesNet": 366000, "incomeBeforeTax": 72231000, "incomeBeforeTaxRatio": 0.1961567603, "incomeTaxExpense": 14866000, "netIncome": 57365000, "netIncomeRatio": 0.155785363, "eps": 0.11, "epsdiluted": 0.11, "weightedAverageShsOut": 500044000, "weightedAverageShsOutDil": 543256000, "link": "https://www.sec.gov/Archives/edgar/data/1058290/000090310004000126/0000903100-04-000126-index.htm", "finalLink": "https://www.sec.gov/Archives/edgar/data/1058290/000090310004000126/form10k_123103.txt", "calculatedOtherExpenses": 11936000, "calculatedOperatingExpenses": 96195000, "calculatedNetInterest": 0, "calculatedOtherIncome": -81000, "calculatedIncomeNonControlling": 0, "calculatedEbitda": 84248000}, {"date": "2002-12-31", "symbol": "CTSH", "reportedCurrency": "USD", "cik": "0001058290", "fillingDate": "2003-03-14", "acceptedDate": "2003-03-14 16:58:46", "calendarYear": "2002", "period": "FY", "revenue": 229086000, "costOfRevenue": 122701000, "grossProfit": 106385000, "grossProfitRatio": 0.4643889194, "researchAndDevelopmentExpenses": 0, "generalAndAdministrativeExpenses": 53345000, "sellingAndMarketingExpenses": 0, "sellingGeneralAndAdministrativeExpenses": 53345000, "otherExpenses": 7842000, "operatingExpenses": 61187000, "costAndExpenses": 183888000, "interestIncome": 0, "interestExpense": 0, "depreciationAndAmortization": 7842000, "ebitda": 54955000, "ebitdaratio": 0.239888077, "operatingIncome": 45198000, "operatingIncomeRatio": 0.1972970849, "totalOtherIncomeExpensesNet": -1915000, "incomeBeforeTax": 45091000, "incomeBeforeTaxRatio": 0.1968300114, "incomeTaxExpense": 10529000, "netIncome": 34562000, "netIncomeRatio": 0.1508691059, "eps": 0.0729, "epsdiluted": 0.0678, "weightedAverageShsOut": 473916000, "weightedAverageShsOutDil": 509548000, "link": "https://www.sec.gov/Archives/edgar/data/1058290/000090310003000057/0000903100-03-000057-index.htm", "finalLink": "https://www.sec.gov/Archives/edgar/data/1058290/000090310003000057/form10k-123102.txt", "calculatedOtherExpenses": 7842000, "calculatedOperatingExpenses": 61187000, "calculatedNetInterest": 0, "calculatedOtherIncome": -107000, "calculatedIncomeNonControlling": 0, "calculatedEbitda": 53040000}, {"date": "2001-12-31", "symbol": "CTSH", "reportedCurrency": "USD", "cik": "0001058290", "fillingDate": "2002-03-11", "acceptedDate": "2002-03-11 00:00:00", "calendarYear": "2001", "period": "FY", "revenue": 177778000, "costOfRevenue": 90848000, "grossProfit": 86930000, "grossProfitRatio": 0.4889806388, "researchAndDevelopmentExpenses": 0, "generalAndAdministrativeExpenses": 44942000, "sellingAndMarketingExpenses": 0, "sellingGeneralAndAdministrativeExpenses": 44942000, "otherExpenses": 6368000, "operatingExpenses": 51310000, "costAndExpenses": 142158000, "interestIncome": 0, "interestExpense": 0, "depreciationAndAmortization": 6367000, "ebitda": 44710000, "ebitdaratio": 0.2514934356, "operatingIncome": 35620000, "operatingIncomeRatio": 0.2003622495, "totalOtherIncomeExpensesNet": -2722000, "incomeBeforeTax": 35399000, "incomeBeforeTaxRatio": 0.1991191261, "incomeTaxExpense": 13239000, "netIncome": 22160000, "netIncomeRatio": 0.1246498442, "eps": 0.0486, "epsdiluted": 0.0453, "weightedAverageShsOut": 456408000, "weightedAverageShsOutDil": 488904000, "link": "https://www.sec.gov/Archives/edgar/data/1058290/000090310002000082/0000903100-02-000082-index.htm", "finalLink": "https://www.sec.gov/Archives/edgar/data/1058290/000090310002000082/form10-k_123101.txt", "calculatedOtherExpenses": 6368000, "calculatedOperatingExpenses": 51310000, "calculatedNetInterest": 0, "calculatedOtherIncome": -221000, "calculatedIncomeNonControlling": 0, "calculatedEbitda": 41987000}, {"date": "2000-12-31", "symbol": "CTSH", "reportedCurrency": "USD", "cik": "0001058290", "fillingDate": "2001-03-15", "acceptedDate": "2001-03-15 00:00:00", "calendarYear": "2000", "period": "FY", "revenue": 137031000, "costOfRevenue": 70437000, "grossProfit": 66594000, "grossProfitRatio": 0.4859776255, "researchAndDevelopmentExpenses": 0, "generalAndAdministrativeExpenses": 35959000, "sellingAndMarketingExpenses": 0, "sellingGeneralAndAdministrativeExpenses": 35959000, "otherExpenses": 4507000, "operatingExpenses": 40466000, "costAndExpenses": 110903000, "interestIncome": 0, "interestExpense": 0, "depreciationAndAmortization": 4507000, "ebitda": 31165000, "ebitdaratio": 0.2274302895, "operatingIncome": 26128000, "operatingIncomeRatio": 0.1906721837, "totalOtherIncomeExpensesNet": -530000, "incomeBeforeTax": 28247000, "incomeBeforeTaxRatio": 0.2061358379, "incomeTaxExpense": 10564000, "netIncome": 17683000, "netIncomeRatio": 0.129043793, "eps": 0.0397, "epsdiluted": 0.0364, "weightedAverageShsOut": 445560000, "weightedAverageShsOutDil": 486144000, "link": "https://www.sec.gov/Archives/edgar/data/1058290/000090310001000038/0000903100-01-000038-index.htm", "finalLink": "https://www.sec.gov/Archives/edgar/data/1058290/000090310001000038/0000903100-01-000038-0001.txt", "calculatedOtherExpenses": 4507000, "calculatedOperatingExpenses": 40466000, "calculatedNetInterest": 0, "calculatedOtherIncome": 2119000, "calculatedIncomeNonControlling": 0, "calculatedEbitda": 30635000}, {"date": "1999-12-31", "symbol": "CTSH", "reportedCurrency": "USD", "cik": "0001058290", "fillingDate": "2000-03-07", "acceptedDate": "2000-03-07 00:00:00", "calendarYear": "1999", "period": "FY", "revenue": 88900000, "costOfRevenue": 46200000, "grossProfit": 42700000, "grossProfitRatio": 0.4803149606, "researchAndDevelopmentExpenses": 0, "generalAndAdministrativeExpenses": 23100000, "sellingAndMarketingExpenses": 0, "sellingGeneralAndAdministrativeExpenses": 23100000, "otherExpenses": 3000000, "operatingExpenses": 26100000, "costAndExpenses": 72300000, "interestIncome": 0, "interestExpense": 0, "depreciationAndAmortization": 3000000, "ebitda": 19600000, "ebitdaratio": 0.2204724409, "operatingIncome": 16600000, "operatingIncomeRatio": 0.1867266592, "totalOtherIncomeExpensesNet": 1300000, "incomeBeforeTax": 17900000, "incomeBeforeTaxRatio": 0.2013498313, "incomeTaxExpense": 6700000, "netIncome": 11200000, "netIncomeRatio": 0.125984252, "eps": 0.0254, "epsdiluted": 0.024, "weightedAverageShsOut": 440208000, "weightedAverageShsOutDil": 465984000, "link": "https://www.sec.gov/Archives/edgar/data/1058290/000101535700000035/0001015357-00-000035-index.html", "finalLink": "https://www.sec.gov/Archives/edgar/data/1058290/000101535700000035/", "calculatedOtherExpenses": 3000000, "calculatedOperatingExpenses": 26100000, "calculatedNetInterest": 0, "calculatedOtherIncome": 1300000, "calculatedIncomeNonControlling": 0, "calculatedEbitda": 19600000}, {"date": "1998-12-31", "symbol": "CTSH", "reportedCurrency": "USD", "cik": "0001058290", "fillingDate": "1999-03-19", "acceptedDate": "1999-03-19 00:00:00", "calendarYear": "1998", "period": "FY", "revenue": 58600000, "costOfRevenue": 31900000, "grossProfit": 26700000, "grossProfitRatio": 0.4556313993, "researchAndDevelopmentExpenses": 0, "generalAndAdministrativeExpenses": 15500000, "sellingAndMarketingExpenses": 0, "sellingGeneralAndAdministrativeExpenses": 15500000, "otherExpenses": 2200000, "operatingExpenses": 17700000, "costAndExpenses": 49600000, "interestIncome": 0, "interestExpense": 0, "depreciationAndAmortization": 2200000, "ebitda": 10600000, "ebitdaratio": 0.180887372, "operatingIncome": 9000000, "operatingIncomeRatio": 0.1535836177, "totalOtherIncomeExpensesNet": 600000, "incomeBeforeTax": 9600000, "incomeBeforeTaxRatio": 0.1638225256, "incomeTaxExpense": 3600000, "netIncome": 6000000, "netIncomeRatio": 0.1023890785, "eps": 0.0315, "epsdiluted": 0.0302, "weightedAverageShsOut": 190632000, "weightedAverageShsOutDil": 198456000, "link": "https://www.sec.gov/Archives/edgar/data/1058290/000101535799000036/0001015357-99-000036-index.html", "finalLink": "https://www.sec.gov/Archives/edgar/data/1058290/", "calculatedOtherExpenses": 2200000, "calculatedOperatingExpenses": 17700000, "calculatedNetInterest": 0, "calculatedOtherIncome": 600000, "calculatedIncomeNonControlling": 0, "calculatedEbitda": 11200000}]}