{"originalCurrency": "USD", "convertedCurrency": "USD", "report": [{"date": "2023-12-31", "symbol": "CTVA", "reportedCurrency": "USD", "cik": "0001755672", "fillingDate": "2024-02-08", "acceptedDate": "2024-02-08 14:13:18", "calendarYear": "2023", "period": "FY", "revenue": 17226000000, "costOfRevenue": 9920000000, "grossProfit": 7306000000, "grossProfitRatio": 0.4241263207, "researchAndDevelopmentExpenses": 1337000000, "generalAndAdministrativeExpenses": 0, "sellingAndMarketingExpenses": 0, "sellingGeneralAndAdministrativeExpenses": 3176000000, "otherExpenses": -366000000, "operatingExpenses": 5196000000, "costAndExpenses": 15116000000, "interestIncome": 283000000, "interestExpense": 233000000, "depreciationAndAmortization": 1211000000, "ebitda": 3248000000, "ebitdaratio": 0.1885521886, "operatingIncome": 941000000, "operatingIncomeRatio": 0.054626727, "totalOtherIncomeExpensesNet": -1067000000, "incomeBeforeTax": 1093000000, "incomeBeforeTaxRatio": 0.0634505979, "incomeTaxExpense": 152000000, "netIncome": 735000000, "netIncomeRatio": 0.0426680599, "eps": 1.04, "epsdiluted": 1.03, "weightedAverageShsOut": 709000000, "weightedAverageShsOutDil": 711900000, "link": "https://www.sec.gov/Archives/edgar/data/1755672/000175567224000004/0001755672-24-000004-index.htm", "finalLink": "https://www.sec.gov/Archives/edgar/data/30554/000175567224000004/ctva-20231231.htm", "calculatedOtherExpenses": 1852000000, "calculatedOperatingExpenses": 6365000000, "calculatedNetInterest": 50000000, "calculatedOtherIncome": 102000000, "calculatedIncomeNonControlling": 206000000, "calculatedEbitda": 2152000000}, {"date": "2022-12-31", "symbol": "CTVA", "reportedCurrency": "USD", "cik": "0001755672", "fillingDate": "2023-02-09", "acceptedDate": "2023-02-09 10:33:13", "calendarYear": "2022", "period": "FY", "revenue": 17455000000, "costOfRevenue": 10436000000, "grossProfit": 7019000000, "grossProfitRatio": 0.4021197365, "researchAndDevelopmentExpenses": 1216000000, "generalAndAdministrativeExpenses": 3173000000, "sellingAndMarketingExpenses": 0, "sellingGeneralAndAdministrativeExpenses": 3173000000, "otherExpenses": 702000000, "operatingExpenses": 5091000000, "costAndExpenses": 15527000000, "interestIncome": 124000000, "interestExpense": 79000000, "depreciationAndAmortization": 1223000000, "ebitda": 3091000000, "ebitdaratio": 0.1770839301, "operatingIncome": 1868000000, "operatingIncomeRatio": 0.1070180464, "totalOtherIncomeExpensesNet": -442000000, "incomeBeforeTax": 1426000000, "incomeBeforeTaxRatio": 0.0816957892, "incomeTaxExpense": 210000000, "netIncome": 1147000000, "netIncomeRatio": 0.0657118304, "eps": 1.59, "epsdiluted": 1.58, "weightedAverageShsOut": 720800000, "weightedAverageShsOutDil": 724500000, "link": "https://www.sec.gov/Archives/edgar/data/1755672/000175567223000005/0001755672-23-000005-index.htm", "finalLink": "https://www.sec.gov/Archives/edgar/data/30554/000175567223000005/ctva-20221231.htm", "calculatedOtherExpenses": 762000000, "calculatedOperatingExpenses": 5151000000, "calculatedNetInterest": 45000000, "calculatedOtherIncome": -487000000, "calculatedIncomeNonControlling": 69000000, "calculatedEbitda": 3091000000}, {"date": "2021-12-31", "symbol": "CTVA", "reportedCurrency": "USD", "cik": "0001755672", "fillingDate": "2022-02-10", "acceptedDate": "2022-02-10 16:09:53", "calendarYear": "2021", "period": "FY", "revenue": 15655000000, "costOfRevenue": 9220000000, "grossProfit": 6435000000, "grossProfitRatio": 0.4110507825, "researchAndDevelopmentExpenses": 1187000000, "generalAndAdministrativeExpenses": 0, "sellingAndMarketingExpenses": 0, "sellingGeneralAndAdministrativeExpenses": 3209000000, "otherExpenses": 722000000, "operatingExpenses": 5118000000, "costAndExpenses": 14338000000, "interestIncome": 77000000, "interestExpense": 30000000, "depreciationAndAmortization": 1243000000, "ebitda": 3908000000, "ebitdaratio": 0.2496327052, "operatingIncome": 2665000000, "operatingIncomeRatio": 0.1702331523, "totalOtherIncomeExpensesNet": -319000000, "incomeBeforeTax": 2346000000, "incomeBeforeTaxRatio": 0.149856276, "incomeTaxExpense": 524000000, "netIncome": 1759000000, "netIncomeRatio": 0.1123602683, "eps": 2.39, "epsdiluted": 2.37, "weightedAverageShsOut": 735900000, "weightedAverageShsOutDil": 741600000, "link": "https://www.sec.gov/Archives/edgar/data/1755672/000175567222000005/0001755672-22-000005-index.htm", "finalLink": "https://www.sec.gov/Archives/edgar/data/30554/000175567222000005/ctva-20211231.htm", "calculatedOtherExpenses": -626000000, "calculatedOperatingExpenses": 3770000000, "calculatedNetInterest": 47000000, "calculatedOtherIncome": -366000000, "calculatedIncomeNonControlling": 63000000, "calculatedEbitda": 3908000000}, {"date": "2020-12-31", "symbol": "CTVA", "reportedCurrency": "USD", "cik": "0001755672", "fillingDate": "2021-02-11", "acceptedDate": "2021-02-11 16:11:55", "calendarYear": "2020", "period": "FY", "revenue": 14217000000, "costOfRevenue": 8507000000, "grossProfit": 5710000000, "grossProfitRatio": 0.4016318492, "researchAndDevelopmentExpenses": 1142000000, "generalAndAdministrativeExpenses": 3043000000, "sellingAndMarketingExpenses": 0, "sellingGeneralAndAdministrativeExpenses": 3043000000, "otherExpenses": 682000000, "operatingExpenses": 4867000000, "costAndExpenses": 13374000000, "interestIncome": 56000000, "interestExpense": 45000000, "depreciationAndAmortization": 1177000000, "ebitda": 2232000000, "ebitdaratio": 0.1569951467, "operatingIncome": 1055000000, "operatingIncomeRatio": 0.0742069354, "totalOtherIncomeExpensesNet": -380000000, "incomeBeforeTax": 675000000, "incomeBeforeTaxRatio": 0.047478371, "incomeTaxExpense": -81000000, "netIncome": 681000000, "netIncomeRatio": 0.0479004009, "eps": 0.91, "epsdiluted": 0.91, "weightedAverageShsOut": 748700000, "weightedAverageShsOutDil": 751200000, "link": "https://www.sec.gov/Archives/edgar/data/1755672/000175567221000008/0001755672-21-000008-index.htm", "finalLink": "https://www.sec.gov/Archives/edgar/data/30554/000175567221000008/ctva-20201231.htm", "calculatedOtherExpenses": 470000000, "calculatedOperatingExpenses": 4655000000, "calculatedNetInterest": 11000000, "calculatedOtherIncome": -391000000, "calculatedIncomeNonControlling": 75000000, "calculatedEbitda": 2232000000}, {"date": "2019-12-31", "symbol": "CTVA", "reportedCurrency": "USD", "cik": "0001755672", "fillingDate": "2020-02-14", "acceptedDate": "2020-02-14 07:29:08", "calendarYear": "2019", "period": "FY", "revenue": 13846000000, "costOfRevenue": 8575000000, "grossProfit": 5271000000, "grossProfitRatio": 0.3806875632, "researchAndDevelopmentExpenses": 1147000000, "generalAndAdministrativeExpenses": 3065000000, "sellingAndMarketingExpenses": 0, "sellingGeneralAndAdministrativeExpenses": 3065000000, "otherExpenses": 475000000, "operatingExpenses": 4687000000, "costAndExpenses": 13262000000, "interestIncome": 59000000, "interestExpense": 136000000, "depreciationAndAmortization": 475000000, "ebitda": 1274000000, "ebitdaratio": 0.0920121335, "operatingIncome": 799000000, "operatingIncomeRatio": 0.0577061967, "totalOtherIncomeExpensesNet": -1115000000, "incomeBeforeTax": -316000000, "incomeBeforeTaxRatio": -0.0228224758, "incomeTaxExpense": -46000000, "netIncome": -270000000, "netIncomeRatio": -0.0195002167, "eps": -0.36, "epsdiluted": -0.36, "weightedAverageShsOut": 749500000, "weightedAverageShsOutDil": 749500000, "link": "https://www.sec.gov/Archives/edgar/data/1755672/000175567220000006/0001755672-20-000006-index.htm", "finalLink": "https://www.sec.gov/Archives/edgar/data/30554/000175567220000006/ctva-12x31x201910xk.htm", "calculatedOtherExpenses": 260000000, "calculatedOperatingExpenses": 4472000000, "calculatedNetInterest": -77000000, "calculatedOtherIncome": -1038000000, "calculatedIncomeNonControlling": 0, "calculatedEbitda": 1274000000}, {"date": "2018-12-31", "symbol": "CTVA", "reportedCurrency": "USD", "cik": "0001755672", "fillingDate": "2018-12-31", "acceptedDate": "2018-12-30 19:00:00", "calendarYear": "2018", "period": "FY", "revenue": 14287000000, "costOfRevenue": 8521000000, "grossProfit": 5766000000, "grossProfitRatio": 0.4035836775, "researchAndDevelopmentExpenses": 1432000000, "generalAndAdministrativeExpenses": 2902000000, "sellingAndMarketingExpenses": 0, "sellingGeneralAndAdministrativeExpenses": 2902000000, "otherExpenses": 142000000, "operatingExpenses": 4476000000, "costAndExpenses": 12997000000, "interestIncome": 0, "interestExpense": 76000000, "depreciationAndAmortization": 2790000000, "ebitda": 4080000000, "ebitdaratio": 0.2855742983, "operatingIncome": 1290000000, "operatingIncomeRatio": 0.0902918737, "totalOtherIncomeExpensesNet": -5768000000, "incomeBeforeTax": -4554000000, "incomeBeforeTaxRatio": -0.3187513124, "incomeTaxExpense": 408000000, "netIncome": -4991000000, "netIncomeRatio": -0.3493385595, "eps": -6.66, "epsdiluted": -6.66, "weightedAverageShsOut": 749296235, "weightedAverageShsOutDil": 749400000, "link": "", "finalLink": "", "calculatedOtherExpenses": 142000000, "calculatedOperatingExpenses": 4476000000, "calculatedNetInterest": -76000000, "calculatedOtherIncome": -5768000000, "calculatedIncomeNonControlling": 29000000, "calculatedEbitda": 4080000000}, {"date": "2017-12-31", "symbol": "CTVA", "reportedCurrency": "USD", "cik": "0001755672", "fillingDate": "2017-12-31", "acceptedDate": "2017-12-30 19:00:00", "calendarYear": "2017", "period": "FY", "revenue": 14240000000, "costOfRevenue": 8402000000, "grossProfit": 5838000000, "grossProfitRatio": 0.4099719101, "researchAndDevelopmentExpenses": 1509000000, "generalAndAdministrativeExpenses": 2972000000, "sellingAndMarketingExpenses": 0, "sellingGeneralAndAdministrativeExpenses": 2972000000, "otherExpenses": 1169000000, "operatingExpenses": 5650000000, "costAndExpenses": 14052000000, "interestIncome": 0, "interestExpense": 74000000, "depreciationAndAmortization": 270000000, "ebitda": 458000000, "ebitdaratio": 0.0321629213, "operatingIncome": 188000000, "operatingIncomeRatio": 0.0132022472, "totalOtherIncomeExpensesNet": -488000000, "incomeBeforeTax": -374000000, "incomeBeforeTaxRatio": -0.0262640449, "incomeTaxExpense": -2943000000, "netIncome": 2534000000, "netIncomeRatio": 0.1779494382, "eps": 3.38, "epsdiluted": 3.38, "weightedAverageShsOut": 748814970, "weightedAverageShsOutDil": 749400000, "link": "", "finalLink": "", "calculatedOtherExpenses": 1169000000, "calculatedOperatingExpenses": 5650000000, "calculatedNetInterest": -74000000, "calculatedOtherIncome": -488000000, "calculatedIncomeNonControlling": 35000000, "calculatedEbitda": 458000000}, {"date": "2016-12-31", "symbol": "CTVA", "reportedCurrency": "USD", "cik": "0001755672", "fillingDate": "2016-12-31", "acceptedDate": "2016-12-30 19:00:00", "calendarYear": "2016", "period": "FY", "revenue": 14041000000, "costOfRevenue": 8391000000, "grossProfit": 5650000000, "grossProfitRatio": 0.402392992, "researchAndDevelopmentExpenses": 1507000000, "generalAndAdministrativeExpenses": 2937000000, "sellingAndMarketingExpenses": 0, "sellingGeneralAndAdministrativeExpenses": 2937000000, "otherExpenses": 320000000, "operatingExpenses": 4764000000, "costAndExpenses": 13155000000, "interestIncome": 0, "interestExpense": 101000000, "depreciationAndAmortization": 247000000, "ebitda": 1133000000, "ebitdaratio": 0.0806922584, "operatingIncome": 886000000, "operatingIncomeRatio": 0.0631009187, "totalOtherIncomeExpensesNet": -527000000, "incomeBeforeTax": 258000000, "incomeBeforeTaxRatio": 0.0183747596, "incomeTaxExpense": -270000000, "netIncome": 503000000, "netIncomeRatio": 0.0358236593, "eps": 0.67, "epsdiluted": 0.67, "weightedAverageShsOut": 749400000, "weightedAverageShsOutDil": 749400000, "link": "", "finalLink": "", "calculatedOtherExpenses": 320000000, "calculatedOperatingExpenses": 4764000000, "calculatedNetInterest": -101000000, "calculatedOtherIncome": -527000000, "calculatedIncomeNonControlling": 25000000, "calculatedEbitda": 1133000000}]}