{"originalCurrency": "USD", "convertedCurrency": "USD", "report": [{"date": "2023-12-31", "symbol": "CUBE", "reportedCurrency": "USD", "cik": "0001298675", "fillingDate": "2024-02-29", "acceptedDate": "2024-02-29 16:58:04", "calendarYear": "2023", "period": "FY", "revenue": 1050334000, "costOfRevenue": 496018000, "grossProfit": 554316000, "grossProfitRatio": 0.5277521246, "researchAndDevelopmentExpenses": 0, "generalAndAdministrativeExpenses": 57041000, "sellingAndMarketingExpenses": 24500000, "sellingGeneralAndAdministrativeExpenses": 57041000, "otherExpenses": -57041000, "operatingExpenses": 57041000, "costAndExpenses": 553059000, "interestIncome": 0, "interestExpense": 97287000, "depreciationAndAmortization": 201238000, "ebitda": 698513000, "ebitdaratio": 0.6650389305, "operatingIncome": 497275000, "operatingIncomeRatio": 0.4734446376, "totalOtherIncomeExpensesNet": -84840000, "incomeBeforeTax": 412435000, "incomeBeforeTaxRatio": 0.3926703315, "incomeTaxExpense": 1678000, "netIncome": 410757000, "netIncomeRatio": 0.3910727445, "eps": 1.82, "epsdiluted": 1.82, "weightedAverageShsOut": 225424000, "weightedAverageShsOutDil": 226241000, "link": "https://www.sec.gov/Archives/edgar/data/1298675/000129867524000011/0001298675-24-000011-index.htm", "finalLink": "https://www.sec.gov/Archives/edgar/data/1298675/000129867524000011/cube-20231231x10k.htm", "calculatedOtherExpenses": 0, "calculatedOperatingExpenses": 57041000, "calculatedNetInterest": -97287000, "calculatedOtherIncome": 12447000, "calculatedIncomeNonControlling": 0, "calculatedEbitda": 698513000}, {"date": "2022-12-31", "symbol": "CUBE", "reportedCurrency": "USD", "cik": "0001298675", "fillingDate": "2023-02-24", "acceptedDate": "2023-02-24 16:41:51", "calendarYear": "2022", "period": "FY", "revenue": 1009624000, "costOfRevenue": 293260000, "grossProfit": 716364000, "grossProfitRatio": 0.709535431, "researchAndDevelopmentExpenses": 0, "generalAndAdministrativeExpenses": 54623000, "sellingAndMarketingExpenses": 22400000, "sellingGeneralAndAdministrativeExpenses": 54623000, "otherExpenses": 310610000, "operatingExpenses": 365233000, "costAndExpenses": 658493000, "interestIncome": 97181000, "interestExpense": 93284000, "depreciationAndAmortization": 310610000, "ebitda": 696366000, "ebitdaratio": 0.6897280572, "operatingIncome": 385756000, "operatingIncomeRatio": 0.3820788729, "totalOtherIncomeExpensesNet": -93284000, "incomeBeforeTax": 292472000, "incomeBeforeTaxRatio": 0.2896840804, "incomeTaxExpense": 93284000, "netIncome": 199188000, "netIncomeRatio": 0.1972892879, "eps": 0.89, "epsdiluted": 0.88, "weightedAverageShsOut": 224928000, "weightedAverageShsOutDil": 225881000, "link": "https://www.sec.gov/Archives/edgar/data/1298675/000129867523000009/0001298675-23-000009-index.htm", "finalLink": "https://www.sec.gov/Archives/edgar/data/1298675/000129867523000009/cube-20221231x10k.htm", "calculatedOtherExpenses": 275985000, "calculatedOperatingExpenses": 330608000, "calculatedNetInterest": 3897000, "calculatedOtherIncome": -97181000, "calculatedIncomeNonControlling": 0, "calculatedEbitda": 696366000}, {"date": "2021-12-31", "symbol": "CUBE", "reportedCurrency": "USD", "cik": "0001298675", "fillingDate": "2022-02-25", "acceptedDate": "2022-02-25 17:15:38", "calendarYear": "2021", "period": "FY", "revenue": 822564000, "costOfRevenue": 252104000, "grossProfit": 570460000, "grossProfitRatio": 0.6935144256, "researchAndDevelopmentExpenses": 0, "generalAndAdministrativeExpenses": 47809000, "sellingAndMarketingExpenses": 21000000, "sellingGeneralAndAdministrativeExpenses": 47809000, "otherExpenses": 232049000, "operatingExpenses": 279858000, "costAndExpenses": 531962000, "interestIncome": 86616000, "interestExpense": 78448000, "depreciationAndAmortization": 232049000, "ebitda": 528940000, "ebitdaratio": 0.6430381101, "operatingIncome": 296891000, "operatingIncomeRatio": 0.3609336173, "totalOtherIncomeExpensesNet": -66078000, "incomeBeforeTax": 230813000, "incomeBeforeTaxRatio": 0.2806018741, "incomeTaxExpense": 100236000, "netIncome": 130577000, "netIncomeRatio": 0.1587438789, "eps": 0.64, "epsdiluted": 0.64, "weightedAverageShsOut": 203832000, "weightedAverageShsOutDil": 205009000, "link": "https://www.sec.gov/Archives/edgar/data/1298675/000129867522000008/0001298675-22-000008-index.htm", "finalLink": "https://www.sec.gov/Archives/edgar/data/1298675/000129867522000008/cube-20211231x10k.htm", "calculatedOtherExpenses": 225760000, "calculatedOperatingExpenses": 273569000, "calculatedNetInterest": 8168000, "calculatedOtherIncome": -74246000, "calculatedIncomeNonControlling": 0, "calculatedEbitda": 528940000}, {"date": "2020-12-31", "symbol": "CUBE", "reportedCurrency": "USD", "cik": "0001298675", "fillingDate": "2021-02-26", "acceptedDate": "2021-02-26 16:56:29", "calendarYear": "2020", "period": "FY", "revenue": 679177000, "costOfRevenue": 223634000, "grossProfit": 455543000, "grossProfitRatio": 0.6707279546, "researchAndDevelopmentExpenses": 0, "generalAndAdministrativeExpenses": 41423000, "sellingAndMarketingExpenses": 16900000, "sellingGeneralAndAdministrativeExpenses": 41423000, "otherExpenses": 156573000, "operatingExpenses": 197996000, "costAndExpenses": 421630000, "interestIncome": 78564000, "interestExpense": 75890000, "depreciationAndAmortization": 156573000, "ebitda": 411384000, "ebitdaratio": 0.6057095573, "operatingIncome": 254811000, "operatingIncomeRatio": 0.3751761323, "totalOtherIncomeExpensesNet": -87200000, "incomeBeforeTax": 167611000, "incomeBeforeTaxRatio": 0.2467854477, "incomeTaxExpense": 77818000, "netIncome": 89793000, "netIncomeRatio": 0.1322085406, "eps": 0.46, "epsdiluted": 0.46, "weightedAverageShsOut": 194147000, "weightedAverageShsOutDil": 194943000, "link": "https://www.sec.gov/Archives/edgar/data/1298675/000129867521000006/0001298675-21-000006-index.htm", "finalLink": "https://www.sec.gov/Archives/edgar/data/1298675/000129867521000006/cube-20201231x10k.htm", "calculatedOtherExpenses": 159309000, "calculatedOperatingExpenses": 200732000, "calculatedNetInterest": 2674000, "calculatedOtherIncome": -89874000, "calculatedIncomeNonControlling": 0, "calculatedEbitda": 411384000}, {"date": "2019-12-31", "symbol": "CUBE", "reportedCurrency": "USD", "cik": "0001298675", "fillingDate": "2020-02-21", "acceptedDate": "2020-02-21 16:36:20", "calendarYear": "2019", "period": "FY", "revenue": 643915000, "costOfRevenue": 209739000, "grossProfit": 434176000, "grossProfitRatio": 0.6742753314, "researchAndDevelopmentExpenses": 0, "generalAndAdministrativeExpenses": 38560000, "sellingAndMarketingExpenses": 11500000, "sellingGeneralAndAdministrativeExpenses": 38560000, "otherExpenses": 163547000, "operatingExpenses": 202107000, "costAndExpenses": 411846000, "interestIncome": 75344000, "interestExpense": 72525000, "depreciationAndAmortization": 163547000, "ebitda": 405335000, "ebitdaratio": 0.6294852581, "operatingIncome": 241788000, "operatingIncomeRatio": 0.3754967659, "totalOtherIncomeExpensesNet": -71017000, "incomeBeforeTax": 170771000, "incomeBeforeTaxRatio": 0.2652073643, "incomeTaxExpense": 86717000, "netIncome": 84054000, "netIncomeRatio": 0.1305358627, "eps": 0.44, "epsdiluted": 0.44, "weightedAverageShsOut": 190874000, "weightedAverageShsOutDil": 191576000, "link": "https://www.sec.gov/Archives/edgar/data/1298675/000129867520000008/0001298675-20-000008-index.htm", "finalLink": "https://www.sec.gov/Archives/edgar/data/1298675/000129867520000008/cube-20191231x10k.htm", "calculatedOtherExpenses": 153828000, "calculatedOperatingExpenses": 192388000, "calculatedNetInterest": 2819000, "calculatedOtherIncome": -73836000, "calculatedIncomeNonControlling": 0, "calculatedEbitda": 405335000}, {"date": "2018-12-31", "symbol": "CUBE", "reportedCurrency": "USD", "cik": "0001298675", "fillingDate": "2019-02-22", "acceptedDate": "2019-02-22 17:10:25", "calendarYear": "2018", "period": "FY", "revenue": 597944000, "costOfRevenue": 196866000, "grossProfit": 401078000, "grossProfitRatio": 0.6707618105, "researchAndDevelopmentExpenses": 0, "generalAndAdministrativeExpenses": 37712000, "sellingAndMarketingExpenses": 10300000, "sellingGeneralAndAdministrativeExpenses": 37712000, "otherExpenses": 206000, "operatingExpenses": 181062000, "costAndExpenses": 377928000, "interestIncome": 0, "interestExpense": 62132000, "depreciationAndAmortization": 143350000, "ebitda": 360394000, "ebitdaratio": 0.602721994, "operatingIncome": 220016000, "operatingIncomeRatio": 0.3679541897, "totalOtherIncomeExpensesNet": 9917000, "incomeBeforeTax": 165488000, "incomeBeforeTaxRatio": 0.2767617034, "incomeTaxExpense": 7604000, "netIncome": 163889000, "netIncomeRatio": 0.27408754, "eps": 0.89, "epsdiluted": 0.88, "weightedAverageShsOut": 184653000, "weightedAverageShsOutDil": 185495000, "link": "https://www.sec.gov/Archives/edgar/data/1298675/000129867519000009/0001298675-19-000009-index.htm", "finalLink": "https://www.sec.gov/Archives/edgar/data/1298675/000129867519000009/cube-20181231x10k.htm", "calculatedOtherExpenses": 143350000, "calculatedOperatingExpenses": 181062000, "calculatedNetInterest": -62132000, "calculatedOtherIncome": 7604000, "calculatedIncomeNonControlling": -6005000, "calculatedEbitda": 363366000}, {"date": "2017-12-31", "symbol": "CUBE", "reportedCurrency": "USD", "cik": "0001298675", "fillingDate": "2018-02-16", "acceptedDate": "2018-02-16 17:05:43", "calendarYear": "2017", "period": "FY", "revenue": 558943000, "costOfRevenue": 181508000, "grossProfit": 377435000, "grossProfitRatio": 0.6752656353, "researchAndDevelopmentExpenses": 0, "generalAndAdministrativeExpenses": 34745000, "sellingAndMarketingExpenses": 9700000, "sellingGeneralAndAdministrativeExpenses": 34745000, "otherExpenses": 872000, "operatingExpenses": 180426000, "costAndExpenses": 361934000, "interestIncome": 0, "interestExpense": 56952000, "depreciationAndAmortization": 145681000, "ebitda": 339538000, "ebitdaratio": 0.6074644463, "operatingIncome": 195715000, "operatingIncomeRatio": 0.3501519833, "totalOtherIncomeExpensesNet": -1808000, "incomeBeforeTax": 135611000, "incomeBeforeTaxRatio": 0.2426204461, "incomeTaxExpense": 57761000, "netIncome": 134288000, "netIncomeRatio": 0.2402534784, "eps": 0.74, "epsdiluted": 0.74, "weightedAverageShsOut": 180525000, "weightedAverageShsOutDil": 181448000, "link": "https://www.sec.gov/Archives/edgar/data/1298675/000129867518000006/0001298675-18-000006-index.htm", "finalLink": "https://www.sec.gov/Archives/edgar/data/1298675/000129867518000006/cube-20171231x10k.htm", "calculatedOtherExpenses": 146975000, "calculatedOperatingExpenses": 181720000, "calculatedNetInterest": -56952000, "calculatedOtherIncome": -3152000, "calculatedIncomeNonControlling": -56438000, "calculatedEbitda": 341396000}, {"date": "2016-12-31", "symbol": "CUBE", "reportedCurrency": "USD", "cik": "0001298675", "fillingDate": "2017-02-17", "acceptedDate": "2017-02-17 17:02:47", "calendarYear": "2016", "period": "FY", "revenue": 510039000, "costOfRevenue": 165847000, "grossProfit": 344192000, "grossProfitRatio": 0.6748346695, "researchAndDevelopmentExpenses": 0, "generalAndAdministrativeExpenses": 32823000, "sellingAndMarketingExpenses": 9400000, "sellingGeneralAndAdministrativeExpenses": 32823000, "otherExpenses": 1062000, "operatingExpenses": 194688000, "costAndExpenses": 360535000, "interestIncome": 0, "interestExpense": 50399000, "depreciationAndAmortization": 161865000, "ebitda": 307192000, "ebitdaratio": 0.6022911973, "operatingIncome": 142952000, "operatingIncomeRatio": 0.2802766063, "totalOtherIncomeExpensesNet": -8152000, "incomeBeforeTax": 88376000, "incomeBeforeTaxRatio": 0.1732730242, "incomeTaxExpense": 49270000, "netIncome": 87905000, "netIncomeRatio": 0.1723495654, "eps": 0.45, "epsdiluted": 0.45, "weightedAverageShsOut": 178246000, "weightedAverageShsOutDil": 179533000, "link": "https://www.sec.gov/Archives/edgar/data/1298675/000129867517000006/0001298675-17-000006-index.htm", "finalLink": "https://www.sec.gov/Archives/edgar/data/1298675/000129867517000006/cube-20161231x10k.htm", "calculatedOtherExpenses": 168417000, "calculatedOperatingExpenses": 201240000, "calculatedNetInterest": -50399000, "calculatedOtherIncome": -4177000, "calculatedIncomeNonControlling": -48799000, "calculatedEbitda": 304817000}, {"date": "2015-12-31", "symbol": "CUBE", "reportedCurrency": "USD", "cik": "0001298675", "fillingDate": "2016-02-19", "acceptedDate": "2016-02-19 16:43:49", "calendarYear": "2015", "period": "FY", "revenue": 444521000, "costOfRevenue": 153172000, "grossProfit": 291349000, "grossProfitRatio": 0.6554223535, "researchAndDevelopmentExpenses": 0, "generalAndAdministrativeExpenses": 28371000, "sellingAndMarketingExpenses": 8600000, "sellingGeneralAndAdministrativeExpenses": 28371000, "otherExpenses": -228000, "operatingExpenses": 180160000, "costAndExpenses": 333332000, "interestIncome": 0, "interestExpense": 43736000, "depreciationAndAmortization": 151789000, "ebitda": 260015000, "ebitdaratio": 0.5849329953, "operatingIncome": 107888000, "operatingIncomeRatio": 0.2427061939, "totalOtherIncomeExpensesNet": 13627000, "incomeBeforeTax": 78756000, "incomeBeforeTaxRatio": 0.1771704824, "incomeTaxExpense": 44141000, "netIncome": 77712000, "netIncomeRatio": 0.1748218869, "eps": 0.43, "epsdiluted": 0.42, "weightedAverageShsOut": 168640000, "weightedAverageShsOutDil": 170191000, "link": "https://www.sec.gov/Archives/edgar/data/1298675/000155837016003304/0001558370-16-003304-index.htm", "finalLink": "https://www.sec.gov/Archives/edgar/data/1298675/000155837016003304/cube-20151231x10k.htm", "calculatedOtherExpenses": 155090000, "calculatedOperatingExpenses": 183461000, "calculatedNetInterest": -43736000, "calculatedOtherIncome": 14604000, "calculatedIncomeNonControlling": -43097000, "calculatedEbitda": 259677000}, {"date": "2014-12-31", "symbol": "CUBE", "reportedCurrency": "USD", "cik": "0001298675", "fillingDate": "2015-02-27", "acceptedDate": "2015-02-27 16:05:57", "calendarYear": "2014", "period": "FY", "revenue": 376963000, "costOfRevenue": 132701000, "grossProfit": 244262000, "grossProfitRatio": 0.6479734085, "researchAndDevelopmentExpenses": 0, "generalAndAdministrativeExpenses": 28422000, "sellingAndMarketingExpenses": 7700000, "sellingGeneralAndAdministrativeExpenses": 28422000, "otherExpenses": -405000, "operatingExpenses": 155235000, "costAndExpenses": 287936000, "interestIncome": 0, "interestExpense": 46802000, "depreciationAndAmortization": 129003000, "ebitda": 209180000, "ebitdaratio": 0.5549085719, "operatingIncome": 81543000, "operatingIncomeRatio": 0.2163156596, "totalOtherIncomeExpensesNet": -13669000, "incomeBeforeTax": 26366000, "incomeBeforeTaxRatio": 0.069943204, "incomeTaxExpense": 40129000, "netIncome": 26379000, "netIncomeRatio": 0.0699776901, "eps": 0.14, "epsdiluted": 0.14, "weightedAverageShsOut": 149107000, "weightedAverageShsOutDil": 150863000, "link": "https://www.sec.gov/Archives/edgar/data/1298675/000110465915015158/0001104659-15-015158-index.htm", "finalLink": "https://www.sec.gov/Archives/edgar/data/1298675/000110465915015158/a14-26755_110k.htm", "calculatedOtherExpenses": 134297000, "calculatedOperatingExpenses": 162719000, "calculatedNetInterest": -46802000, "calculatedOtherIncome": -8375000, "calculatedIncomeNonControlling": -40142000, "calculatedEbitda": 210546000}, {"date": "2013-12-31", "symbol": "CUBE", "reportedCurrency": "USD", "cik": "0001298675", "fillingDate": "2014-02-28", "acceptedDate": "2014-02-28 16:07:46", "calendarYear": "2013", "period": "FY", "revenue": 318395000, "costOfRevenue": 118222000, "grossProfit": 200173000, "grossProfitRatio": 0.6286939179, "researchAndDevelopmentExpenses": 0, "generalAndAdministrativeExpenses": 29563000, "sellingAndMarketingExpenses": 7600000, "sellingGeneralAndAdministrativeExpenses": 29563000, "otherExpenses": 8000, "operatingExpenses": 141876000, "costAndExpenses": 260098000, "interestIncome": 0, "interestExpense": 40424000, "depreciationAndAmortization": 117074000, "ebitda": 172170000, "ebitdaratio": 0.5407434162, "operatingIncome": 58297000, "operatingIncomeRatio": 0.1830964682, "totalOtherIncomeExpensesNet": -5406000, "incomeBeforeTax": 10409000, "incomeBeforeTaxRatio": 0.0326920963, "incomeTaxExpense": 8242000, "netIncome": 41448000, "netIncomeRatio": 0.1301779236, "eps": 0.26, "epsdiluted": 0.26, "weightedAverageShsOut": 135191000, "weightedAverageShsOutDil": 137742000, "link": "https://www.sec.gov/Archives/edgar/data/1298675/000110465914014848/0001104659-14-014848-index.htm", "finalLink": "https://www.sec.gov/Archives/edgar/data/1298675/000110465914014848/a14-3271_310k.htm", "calculatedOtherExpenses": 112313000, "calculatedOperatingExpenses": 141876000, "calculatedNetInterest": -40424000, "calculatedOtherIncome": -7464000, "calculatedIncomeNonControlling": -39281000, "calculatedEbitda": 175371000}, {"date": "2012-12-31", "symbol": "CUBE", "reportedCurrency": "USD", "cik": "0001298675", "fillingDate": "2013-02-28", "acceptedDate": "2013-02-28 17:03:40", "calendarYear": "2012", "period": "FY", "revenue": 283076000, "costOfRevenue": 110821000, "grossProfit": 172255000, "grossProfitRatio": 0.6085114951, "researchAndDevelopmentExpenses": 0, "generalAndAdministrativeExpenses": 26131000, "sellingAndMarketingExpenses": 0, "sellingGeneralAndAdministrativeExpenses": 26131000, "otherExpenses": 256000, "operatingExpenses": 140005000, "costAndExpenses": 250826000, "interestIncome": 0, "interestExpense": 40715000, "depreciationAndAmortization": 113874000, "ebitda": 149379000, "ebitdaratio": 0.5276992751, "operatingIncome": 32250000, "operatingIncomeRatio": 0.1139270019, "totalOtherIncomeExpensesNet": 3448000, "incomeBeforeTax": -8296000, "incomeBeforeTaxRatio": -0.0293066173, "incomeTaxExpense": 37136000, "netIncome": 1817000, "netIncomeRatio": 0.0064187709, "eps": -0.03, "epsdiluted": -0.03, "weightedAverageShsOut": 124088235, "weightedAverageShsOutDil": 124548000, "link": "https://www.sec.gov/Archives/edgar/data/1298675/000110465913016175/0001104659-13-016175-index.htm", "finalLink": "https://www.sec.gov/Archives/edgar/data/1298675/000110465913016175/a12-30167_110k.htm", "calculatedOtherExpenses": 113874000, "calculatedOperatingExpenses": 140005000, "calculatedNetInterest": -40715000, "calculatedOtherIncome": 169000, "calculatedIncomeNonControlling": -47249000, "calculatedEbitda": 146124000}, {"date": "2011-12-31", "symbol": "CUBE", "reportedCurrency": "USD", "cik": "0001298675", "fillingDate": "2012-02-29", "acceptedDate": "2012-02-29 17:11:07", "calendarYear": "2011", "period": "FY", "revenue": 237605000, "costOfRevenue": 99160000, "grossProfit": 138445000, "grossProfitRatio": 0.5826687149, "researchAndDevelopmentExpenses": 0, "generalAndAdministrativeExpenses": 24693000, "sellingAndMarketingExpenses": 0, "sellingGeneralAndAdministrativeExpenses": 24693000, "otherExpenses": 68223000, "operatingExpenses": 92916000, "costAndExpenses": 192076000, "interestIncome": 0, "interestExpense": 38227000, "depreciationAndAmortization": 68223000, "ebitda": 125825000, "ebitdaratio": 0.5295553545, "operatingIncome": 45529000, "operatingIncomeRatio": 0.191616338, "totalOtherIncomeExpensesNet": -12354000, "incomeBeforeTax": -5052000, "incomeBeforeTaxRatio": -0.0212621788, "incomeTaxExpense": 45646000, "netIncome": -398000, "netIncomeRatio": -0.0016750489, "eps": -0.0039, "epsdiluted": -0.0039, "weightedAverageShsOut": 102976000, "weightedAverageShsOutDil": 102976000, "link": "https://www.sec.gov/Archives/edgar/data/1298675/000110465912014654/0001104659-12-014654-index.htm", "finalLink": "https://www.sec.gov/Archives/edgar/data/1298675/000110465912014654/a12-1198_110k.htm", "calculatedOtherExpenses": 68223000, "calculatedOperatingExpenses": 92916000, "calculatedNetInterest": -38227000, "calculatedOtherIncome": -12354000, "calculatedIncomeNonControlling": -50300000, "calculatedEbitda": 113752000}, {"date": "2010-12-31", "symbol": "CUBE", "reportedCurrency": "USD", "cik": "0001298675", "fillingDate": "2011-03-01", "acceptedDate": "2011-03-01 17:04:55", "calendarYear": "2010", "period": "FY", "revenue": 216826000, "costOfRevenue": 93696000, "grossProfit": 123130000, "grossProfitRatio": 0.5678747014, "researchAndDevelopmentExpenses": 0, "generalAndAdministrativeExpenses": 25406000, "sellingAndMarketingExpenses": 0, "sellingGeneralAndAdministrativeExpenses": 25406000, "otherExpenses": 62945000, "operatingExpenses": 88351000, "costAndExpenses": 182047000, "interestIncome": 621000, "interestExpense": 44257000, "depreciationAndAmortization": 62945000, "ebitda": 98718000, "ebitdaratio": 0.4552867276, "operatingIncome": 34779000, "operatingIncomeRatio": 0.1604005055, "totalOtherIncomeExpensesNet": -994000, "incomeBeforeTax": -9851000, "incomeBeforeTaxRatio": -0.0454327433, "incomeTaxExpense": 42172000, "netIncome": -7393000, "netIncomeRatio": -0.0340964644, "eps": -0.0787, "epsdiluted": -0.0787, "weightedAverageShsOut": 93998000, "weightedAverageShsOutDil": 93998000, "link": "https://www.sec.gov/Archives/edgar/data/1298675/000110465911011520/0001104659-11-011520-index.htm", "finalLink": "https://www.sec.gov/Archives/edgar/data/1298675/000110465911011520/a11-2197_110k.htm", "calculatedOtherExpenses": 62945000, "calculatedOperatingExpenses": 88351000, "calculatedNetInterest": -43636000, "calculatedOtherIncome": -994000, "calculatedIncomeNonControlling": -44630000, "calculatedEbitda": 97724000}, {"date": "2009-12-31", "symbol": "CUBE", "reportedCurrency": "USD", "cik": "0001298675", "fillingDate": "2010-03-01", "acceptedDate": "2010-03-01 16:51:37", "calendarYear": "2009", "period": "FY", "revenue": 217289000, "costOfRevenue": 93945000, "grossProfit": 123344000, "grossProfitRatio": 0.5676495359, "researchAndDevelopmentExpenses": 0, "generalAndAdministrativeExpenses": 22569000, "sellingAndMarketingExpenses": 0, "sellingGeneralAndAdministrativeExpenses": 22569000, "otherExpenses": 70832000, "operatingExpenses": 93401000, "costAndExpenses": 187346000, "interestIncome": 681000, "interestExpense": 47608000, "depreciationAndAmortization": 70832000, "ebitda": 100808000, "ebitdaratio": 0.4639351279, "operatingIncome": 29943000, "operatingIncomeRatio": 0.1378026499, "totalOtherIncomeExpensesNet": -33000, "incomeBeforeTax": -937000, "incomeBeforeTaxRatio": -0.0043122293, "incomeTaxExpense": 30880000, "netIncome": -937000, "netIncomeRatio": -0.0043122293, "eps": -0.0132, "epsdiluted": -0.0132, "weightedAverageShsOut": 70988000, "weightedAverageShsOutDil": 70988000, "link": "https://www.sec.gov/Archives/edgar/data/1298675/000110465910010853/0001104659-10-010853-index.htm", "finalLink": "https://www.sec.gov/Archives/edgar/data/1298675/000110465910010853/a09-36000_110k.htm", "calculatedOtherExpenses": 70832000, "calculatedOperatingExpenses": 93401000, "calculatedNetInterest": -46927000, "calculatedOtherIncome": 16047000, "calculatedIncomeNonControlling": -30880000, "calculatedEbitda": 100775000}, {"date": "2008-12-31", "symbol": "CUBE", "reportedCurrency": "USD", "cik": "0001298675", "fillingDate": "2009-03-02", "acceptedDate": "2009-03-02 17:11:27", "calendarYear": "2008", "period": "FY", "revenue": 236400000, "costOfRevenue": 99182000, "grossProfit": 137218000, "grossProfitRatio": 0.5804483926, "researchAndDevelopmentExpenses": 0, "generalAndAdministrativeExpenses": 24964000, "sellingAndMarketingExpenses": 0, "sellingGeneralAndAdministrativeExpenses": 24964000, "otherExpenses": 122819000, "operatingExpenses": 50530000, "costAndExpenses": 149712000, "interestIncome": 153000, "interestExpense": 52014000, "depreciationAndAmortization": 77580000, "ebitda": 218117000, "ebitdaratio": 0.9226607445, "operatingIncome": 34674000, "operatingIncomeRatio": 0.1466751269, "totalOtherIncomeExpensesNet": -53849000, "incomeBeforeTax": 2792000, "incomeBeforeTaxRatio": 0.0118104907, "incomeTaxExpense": 83896000, "netIncome": 2792000, "netIncomeRatio": 0.0118104907, "eps": 0.05, "epsdiluted": 0.05, "weightedAverageShsOut": 57621000, "weightedAverageShsOutDil": 57621000, "link": "https://www.sec.gov/Archives/edgar/data/1298675/000110465909013540/0001104659-09-013540-index.htm", "finalLink": "https://www.sec.gov/Archives/edgar/data/1298675/000110465909013540/a09-1577_210k.htm", "calculatedOtherExpenses": 77580000, "calculatedOperatingExpenses": 102544000, "calculatedNetInterest": -51861000, "calculatedOtherIncome": 19979000, "calculatedIncomeNonControlling": -83896000, "calculatedEbitda": 112254000}, {"date": "2007-12-31", "symbol": "CUBE", "reportedCurrency": "USD", "cik": "0001298675", "fillingDate": "2008-02-29", "acceptedDate": "2008-02-29 17:08:03", "calendarYear": "2007", "period": "FY", "revenue": 229167000, "costOfRevenue": 59000, "grossProfit": 229108000, "grossProfitRatio": 0.9997425458, "researchAndDevelopmentExpenses": 0, "generalAndAdministrativeExpenses": 21966000, "sellingAndMarketingExpenses": 0, "sellingGeneralAndAdministrativeExpenses": 21966000, "otherExpenses": 168706000, "operatingExpenses": 190672000, "costAndExpenses": 190672000, "interestIncome": 401000, "interestExpense": -54108000, "depreciationAndAmortization": 72218000, "ebitda": 110713000, "ebitdaratio": 0.48311057, "operatingIncome": 38495000, "operatingIncomeRatio": 0.1679779375, "totalOtherIncomeExpensesNet": -51572000, "incomeBeforeTax": -13077000, "incomeBeforeTaxRatio": -0.0570631897, "incomeTaxExpense": 0, "netIncome": -13077000, "netIncomeRatio": -0.0570631897, "eps": -0.23, "epsdiluted": -0.23, "weightedAverageShsOut": 57497000, "weightedAverageShsOutDil": 57497000, "link": "https://www.sec.gov/Archives/edgar/data/1298675/000110465908014369/0001104659-08-014369-index.htm", "finalLink": "https://www.sec.gov/Archives/edgar/data/1298675/000110465908014369/a08-2876_110k.htm", "calculatedOtherExpenses": 168647000, "calculatedOperatingExpenses": 190613000, "calculatedNetInterest": 54509000, "calculatedOtherIncome": -106081000, "calculatedIncomeNonControlling": 0, "calculatedEbitda": 110713000}, {"date": "2006-12-31", "symbol": "CUBE", "reportedCurrency": "USD", "cik": "0001298675", "fillingDate": "2007-03-16", "acceptedDate": "2007-03-16 16:59:25", "calendarYear": "2006", "period": "FY", "revenue": 213112000, "costOfRevenue": 69000, "grossProfit": 213043000, "grossProfitRatio": 0.9996762266, "researchAndDevelopmentExpenses": 0, "generalAndAdministrativeExpenses": 22288000, "sellingAndMarketingExpenses": 0, "sellingGeneralAndAdministrativeExpenses": 22288000, "otherExpenses": 149743000, "operatingExpenses": 172031000, "costAndExpenses": 172031000, "interestIncome": 1341000, "interestExpense": -46125000, "depreciationAndAmortization": 66727000, "ebitda": 109524000, "ebitdaratio": 0.5139269492, "operatingIncome": 39174000, "operatingIncomeRatio": 0.183818837, "totalOtherIncomeExpensesNet": -1716000, "incomeBeforeTax": -8551000, "incomeBeforeTaxRatio": -0.0401244416, "incomeTaxExpense": 49632000, "netIncome": -8551000, "netIncomeRatio": -0.0401244416, "eps": -0.15, "epsdiluted": -0.15, "weightedAverageShsOut": 57287000, "weightedAverageShsOutDil": 57287000, "link": "https://www.sec.gov/Archives/edgar/data/1298675/000110465907020077/0001104659-07-020077-index.htm", "finalLink": "https://www.sec.gov/Archives/edgar/data/1298675/000110465907020077/a07-6773_110k.htm", "calculatedOtherExpenses": 151581000, "calculatedOperatingExpenses": 173869000, "calculatedNetInterest": 47466000, "calculatedOtherIncome": -95191000, "calculatedIncomeNonControlling": -49632000, "calculatedEbitda": 105901000}, {"date": "2005-12-31", "symbol": "CUBE", "reportedCurrency": "USD", "cik": "0001298675", "fillingDate": "2006-03-01", "acceptedDate": "2006-03-01 17:32:07", "calendarYear": "2005", "period": "FY", "revenue": 148121000, "costOfRevenue": 43000, "grossProfit": 148078000, "grossProfitRatio": 0.9997096968, "researchAndDevelopmentExpenses": 0, "generalAndAdministrativeExpenses": 18522000, "sellingAndMarketingExpenses": 0, "sellingGeneralAndAdministrativeExpenses": 18522000, "otherExpenses": 94851000, "operatingExpenses": 113373000, "costAndExpenses": 113373000, "interestIncome": 2405000, "interestExpense": -32370000, "depreciationAndAmortization": 41902000, "ebitda": 44513000, "ebitdaratio": 0.3005178199, "operatingIncome": 34655000, "operatingIncomeRatio": 0.2339641239, "totalOtherIncomeExpensesNet": 32137000, "incomeBeforeTax": 2566000, "incomeBeforeTaxRatio": 0.0173236746, "incomeTaxExpense": 31971000, "netIncome": 2777000, "netIncomeRatio": 0.0187481856, "eps": 0.04, "epsdiluted": 0.04, "weightedAverageShsOut": 42120000, "weightedAverageShsOutDil": 42203000, "link": "https://www.sec.gov/Archives/edgar/data/1298675/000095015206001610/0000950152-06-001610-index.htm", "finalLink": "https://www.sec.gov/Archives/edgar/data/1298675/000095015206001610/l18680ae10vk.htm", "calculatedOtherExpenses": 94901000, "calculatedOperatingExpenses": 113423000, "calculatedNetInterest": 34775000, "calculatedOtherIncome": -66864000, "calculatedIncomeNonControlling": -32182000, "calculatedEbitda": 76557000}, {"date": "2004-12-31", "symbol": "CUBE", "reportedCurrency": "USD", "cik": "0001298675", "fillingDate": "2005-03-31", "acceptedDate": "2005-03-30 20:50:39", "calendarYear": "2004", "period": "FY", "revenue": 91608000, "costOfRevenue": 0, "grossProfit": 91608000, "grossProfitRatio": 1, "researchAndDevelopmentExpenses": 0, "generalAndAdministrativeExpenses": 4254000, "sellingAndMarketingExpenses": 0, "sellingGeneralAndAdministrativeExpenses": 4254000, "otherExpenses": 61683000, "operatingExpenses": 65937000, "costAndExpenses": 65937000, "interestIncome": 0, "interestExpense": -15128000, "depreciationAndAmortization": 28295000, "ebitda": 89069000, "ebitdaratio": 0.97228408, "operatingIncome": 25671000, "operatingIncomeRatio": 0.2802266178, "totalOtherIncomeExpensesNet": -35103000, "incomeBeforeTax": 12732000, "incomeBeforeTaxRatio": 0.1389834949, "incomeTaxExpense": 58018000, "netIncome": -32347000, "netIncomeRatio": -0.3531023491, "eps": -0.86, "epsdiluted": -0.86, "weightedAverageShsOut": 37478000, "weightedAverageShsOutDil": 37478000, "link": "https://www.sec.gov/Archives/edgar/data/1298675/000119312505065580/0001193125-05-065580-index.htm", "finalLink": "https://www.sec.gov/Archives/edgar/data/1298675/000119312505065580/d10k.htm", "calculatedOtherExpenses": 61683000, "calculatedOperatingExpenses": 65937000, "calculatedNetInterest": 15128000, "calculatedOtherIncome": -28067000, "calculatedIncomeNonControlling": -12939000, "calculatedEbitda": 53966000}, {"date": "2003-12-31", "symbol": "CUBE", "reportedCurrency": "USD", "cik": "0001298675", "fillingDate": "2003-12-31", "acceptedDate": "2003-12-30 19:00:00", "calendarYear": "2003", "period": "FY", "revenue": 80826000, "costOfRevenue": 0, "grossProfit": 80826000, "grossProfitRatio": 1, "researchAndDevelopmentExpenses": 0, "generalAndAdministrativeExpenses": 4361000, "sellingAndMarketingExpenses": 0, "sellingGeneralAndAdministrativeExpenses": 4361000, "otherExpenses": 47590000, "operatingExpenses": 51951000, "costAndExpenses": 51951000, "interestIncome": 0, "interestExpense": 0, "depreciationAndAmortization": 20716000, "ebitda": 49591000, "ebitdaratio": 0.6135525697, "operatingIncome": 28875000, "operatingIncomeRatio": 0.3572489051, "totalOtherIncomeExpensesNet": 0, "incomeBeforeTax": 0, "incomeBeforeTaxRatio": 0, "incomeTaxExpense": 12643000, "netIncome": 16232000, "netIncomeRatio": 0.2008264667, "eps": 0.47, "epsdiluted": 0.47, "weightedAverageShsOut": 33742037, "weightedAverageShsOutDil": 33742037, "link": "", "finalLink": "", "calculatedOtherExpenses": 47590000, "calculatedOperatingExpenses": 51951000, "calculatedNetInterest": 0, "calculatedOtherIncome": -28875000, "calculatedIncomeNonControlling": -28875000, "calculatedEbitda": 49591000}, {"date": "2002-12-31", "symbol": "CUBE", "reportedCurrency": "USD", "cik": "0001298675", "fillingDate": "2002-12-31", "acceptedDate": "2002-12-30 19:00:00", "calendarYear": "2002", "period": "FY", "revenue": 76585000, "costOfRevenue": 0, "grossProfit": 76585000, "grossProfitRatio": 1, "researchAndDevelopmentExpenses": 0, "generalAndAdministrativeExpenses": 0, "sellingAndMarketingExpenses": 0, "sellingGeneralAndAdministrativeExpenses": 0, "otherExpenses": 49858000, "operatingExpenses": 49858000, "costAndExpenses": 49858000, "interestIncome": 0, "interestExpense": 0, "depreciationAndAmortization": 0, "ebitda": 26727000, "ebitdaratio": 0.3489847881, "operatingIncome": 26727000, "operatingIncomeRatio": 0.3489847881, "totalOtherIncomeExpensesNet": 0, "incomeBeforeTax": 0, "incomeBeforeTaxRatio": 0, "incomeTaxExpense": -9731000, "netIncome": 9731000, "netIncomeRatio": 0.127061435, "eps": 0.29, "epsdiluted": 0.29, "weightedAverageShsOut": 33742037, "weightedAverageShsOutDil": 33742037, "link": "", "finalLink": "", "calculatedOtherExpenses": 49858000, "calculatedOperatingExpenses": 49858000, "calculatedNetInterest": 0, "calculatedOtherIncome": -26727000, "calculatedIncomeNonControlling": 0, "calculatedEbitda": 26727000}, {"date": "2001-12-31", "symbol": "CUBE", "reportedCurrency": "USD", "cik": "0001298675", "fillingDate": "2001-12-31", "acceptedDate": "2001-12-30 19:00:00", "calendarYear": "2001", "period": "FY", "revenue": 62276000, "costOfRevenue": 0, "grossProfit": 62276000, "grossProfitRatio": 1, "researchAndDevelopmentExpenses": 0, "generalAndAdministrativeExpenses": 0, "sellingAndMarketingExpenses": 0, "sellingGeneralAndAdministrativeExpenses": 0, "otherExpenses": 38503000, "operatingExpenses": 38503000, "costAndExpenses": 38503000, "interestIncome": 0, "interestExpense": 0, "depreciationAndAmortization": 0, "ebitda": 23773000, "ebitdaratio": 0.3817361423, "operatingIncome": 23773000, "operatingIncomeRatio": 0.3817361423, "totalOtherIncomeExpensesNet": 0, "incomeBeforeTax": 0, "incomeBeforeTaxRatio": 0, "incomeTaxExpense": -6896000, "netIncome": 6896000, "netIncomeRatio": 0.1107328666, "eps": 0.2, "epsdiluted": 0.2, "weightedAverageShsOut": 33742037, "weightedAverageShsOutDil": 33742037, "link": "", "finalLink": "", "calculatedOtherExpenses": 38503000, "calculatedOperatingExpenses": 38503000, "calculatedNetInterest": 0, "calculatedOtherIncome": -23773000, "calculatedIncomeNonControlling": 0, "calculatedEbitda": 23773000}, {"date": "2000-12-31", "symbol": "CUBE", "reportedCurrency": "USD", "cik": "0001298675", "fillingDate": "2000-12-31", "acceptedDate": "2000-12-30 19:00:00", "calendarYear": "2000", "period": "FY", "revenue": 53090000, "costOfRevenue": 0, "grossProfit": 53090000, "grossProfitRatio": 1, "researchAndDevelopmentExpenses": 0, "generalAndAdministrativeExpenses": 0, "sellingAndMarketingExpenses": 0, "sellingGeneralAndAdministrativeExpenses": 0, "otherExpenses": 33202000, "operatingExpenses": 33202000, "costAndExpenses": 33202000, "interestIncome": 0, "interestExpense": 0, "depreciationAndAmortization": 0, "ebitda": 19888000, "ebitdaratio": 0.3746091543, "operatingIncome": 19888000, "operatingIncomeRatio": 0.3746091543, "totalOtherIncomeExpensesNet": 0, "incomeBeforeTax": 0, "incomeBeforeTaxRatio": 0, "incomeTaxExpense": -8250000, "netIncome": 8250000, "netIncomeRatio": 0.1553964965, "eps": 0.24, "epsdiluted": 0.24, "weightedAverageShsOut": 33742037, "weightedAverageShsOutDil": 33742037, "link": "", "finalLink": "", "calculatedOtherExpenses": 33202000, "calculatedOperatingExpenses": 33202000, "calculatedNetInterest": 0, "calculatedOtherIncome": -19888000, "calculatedIncomeNonControlling": 0, "calculatedEbitda": 19888000}]}