{"originalCurrency": "USD", "convertedCurrency": "USD", "report": [{"date": "2023-11-30", "symbol": "CUK", "reportedCurrency": "USD", "cik": "0000815097", "fillingDate": "2024-01-26", "acceptedDate": "2024-01-26 10:09:35", "calendarYear": "2023", "period": "FY", "revenue": 21593000000, "costOfRevenue": 14317000000, "grossProfit": 7276000000, "grossProfitRatio": 0.3369610522, "researchAndDevelopmentExpenses": 0, "generalAndAdministrativeExpenses": 0, "sellingAndMarketingExpenses": 0, "sellingGeneralAndAdministrativeExpenses": 2950000000, "otherExpenses": -75000000, "operatingExpenses": 5320000000, "costAndExpenses": 19637000000, "interestIncome": 233000000, "interestExpense": 2066000000, "depreciationAndAmortization": 2370000000, "ebitda": 4485000000, "ebitdaratio": 0.2077062011, "operatingIncome": 1956000000, "operatingIncomeRatio": 0.0905849118, "totalOtherIncomeExpensesNet": -186000000, "incomeBeforeTax": -62000000, "incomeBeforeTaxRatio": -0.0028713009, "incomeTaxExpense": 13000000, "netIncome": -74000000, "netIncomeRatio": -0.0034270365, "eps": -0.0586, "epsdiluted": -0.0586, "weightedAverageShsOut": 1262000000, "weightedAverageShsOutDil": 1262000000, "link": "https://www.sec.gov/Archives/edgar/data/815097/000081509724000011/0000815097-24-000011-index.htm", "finalLink": "https://www.sec.gov/Archives/edgar/data/815097/000081509724000011/ccl-20231130.htm", "calculatedOtherExpenses": 2370000000, "calculatedOperatingExpenses": 5320000000, "calculatedNetInterest": -1833000000, "calculatedOtherIncome": -185000000, "calculatedIncomeNonControlling": -1000000, "calculatedEbitda": 4326000000}, {"date": "2022-11-30", "symbol": "CUK", "reportedCurrency": "USD", "cik": "0000815097", "fillingDate": "2023-01-27", "acceptedDate": "2023-01-27 11:36:20", "calendarYear": "2022", "period": "FY", "revenue": 12169000000, "costOfRevenue": 11757000000, "grossProfit": 412000000, "grossProfitRatio": 0.0338565207, "researchAndDevelopmentExpenses": 0, "generalAndAdministrativeExpenses": 0, "sellingAndMarketingExpenses": 0, "sellingGeneralAndAdministrativeExpenses": 2515000000, "otherExpenses": 2275000000, "operatingExpenses": 4790000000, "costAndExpenses": 16547000000, "interestIncome": 74000000, "interestExpense": 1609000000, "depreciationAndAmortization": 2183000000, "ebitda": -2195000000, "ebitdaratio": -0.1803763662, "operatingIncome": -4378000000, "operatingIncomeRatio": -0.3597666201, "totalOtherIncomeExpensesNet": -1702000000, "incomeBeforeTax": -6080000000, "incomeBeforeTaxRatio": -0.4996302079, "incomeTaxExpense": 14000000, "netIncome": -6094000000, "netIncomeRatio": -0.5007806722, "eps": -5.16, "epsdiluted": -5.16, "weightedAverageShsOut": 1180000000, "weightedAverageShsOutDil": 1180000000, "link": "https://www.sec.gov/Archives/edgar/data/815097/000081509723000012/0000815097-23-000012-index.htm", "finalLink": "https://www.sec.gov/Archives/edgar/data/815097/000081509723000012/ccl-20221130.htm", "calculatedOtherExpenses": 2275000000, "calculatedOperatingExpenses": 4790000000, "calculatedNetInterest": -1535000000, "calculatedOtherIncome": -167000000, "calculatedIncomeNonControlling": 0, "calculatedEbitda": -2195000000}, {"date": "2021-11-30", "symbol": "CUK", "reportedCurrency": "USD", "cik": "0000815097", "fillingDate": "2022-01-27", "acceptedDate": "2022-01-27 12:40:15", "calendarYear": "2021", "period": "FY", "revenue": 1908000000, "costOfRevenue": 4655000000, "grossProfit": -2747000000, "grossProfitRatio": -1.4397274633, "researchAndDevelopmentExpenses": 0, "generalAndAdministrativeExpenses": 0, "sellingAndMarketingExpenses": 0, "sellingGeneralAndAdministrativeExpenses": 1885000000, "otherExpenses": 2233000000, "operatingExpenses": 4118000000, "costAndExpenses": 8773000000, "interestIncome": 12000000, "interestExpense": 1601000000, "depreciationAndAmortization": 2297000000, "ebitda": -4792000000, "ebitdaratio": -2.5115303983, "operatingIncome": -7089000000, "operatingIncomeRatio": -3.715408805, "totalOtherIncomeExpensesNet": -2433000000, "incomeBeforeTax": -9522000000, "incomeBeforeTaxRatio": -4.9905660377, "incomeTaxExpense": -21000000, "netIncome": -9501000000, "netIncomeRatio": -4.9795597484, "eps": -8.46, "epsdiluted": -8.46, "weightedAverageShsOut": 1123000000, "weightedAverageShsOutDil": 1123000000, "link": "https://www.sec.gov/Archives/edgar/data/815097/000081509722000009/0000815097-22-000009-index.htm", "finalLink": "https://www.sec.gov/Archives/edgar/data/815097/000081509722000009/ccl-20211130.htm", "calculatedOtherExpenses": 2457000000, "calculatedOperatingExpenses": 4342000000, "calculatedNetInterest": -1589000000, "calculatedOtherIncome": -844000000, "calculatedIncomeNonControlling": 0, "calculatedEbitda": -4792000000}, {"date": "2020-11-30", "symbol": "CUK", "reportedCurrency": "USD", "cik": "0000815097", "fillingDate": "2021-01-26", "acceptedDate": "2021-01-26 10:40:20", "calendarYear": "2020", "period": "FY", "revenue": 5594000000, "costOfRevenue": 8245000000, "grossProfit": -2651000000, "grossProfitRatio": -0.4739006078, "researchAndDevelopmentExpenses": 0, "generalAndAdministrativeExpenses": 0, "sellingAndMarketingExpenses": 0, "sellingGeneralAndAdministrativeExpenses": 1878000000, "otherExpenses": 2241000000, "operatingExpenses": 4119000000, "costAndExpenses": 12364000000, "interestIncome": 18000000, "interestExpense": 895000000, "depreciationAndAmortization": 3844000000, "ebitda": -5021000000, "ebitdaratio": -0.8975688237, "operatingIncome": -8865000000, "operatingIncomeRatio": -1.5847336432, "totalOtherIncomeExpensesNet": -1388000000, "incomeBeforeTax": -10253000000, "incomeBeforeTaxRatio": -1.8328566321, "incomeTaxExpense": -17000000, "netIncome": -10236000000, "netIncomeRatio": -1.8298176618, "eps": -13.21, "epsdiluted": -13.21, "weightedAverageShsOut": 775000000, "weightedAverageShsOutDil": 775000000, "link": "https://www.sec.gov/Archives/edgar/data/815097/000081509721000027/0000815097-21-000027-index.htm", "finalLink": "https://www.sec.gov/Archives/edgar/data/815097/000081509721000027/ccl-20201130.htm", "calculatedOtherExpenses": 4336000000, "calculatedOperatingExpenses": 6214000000, "calculatedNetInterest": -877000000, "calculatedOtherIncome": -511000000, "calculatedIncomeNonControlling": 0, "calculatedEbitda": -5021000000}, {"date": "2019-11-30", "symbol": "CUK", "reportedCurrency": "USD", "cik": "0000815097", "fillingDate": "2020-01-28", "acceptedDate": "2020-01-28 11:19:47", "calendarYear": "2019", "period": "FY", "revenue": 20825000000, "costOfRevenue": 12909000000, "grossProfit": 7916000000, "grossProfitRatio": 0.380120048, "researchAndDevelopmentExpenses": 0, "generalAndAdministrativeExpenses": 0, "sellingAndMarketingExpenses": 0, "sellingGeneralAndAdministrativeExpenses": 2480000000, "otherExpenses": 2160000000, "operatingExpenses": 4640000000, "costAndExpenses": 17549000000, "interestIncome": 23000000, "interestExpense": 206000000, "depreciationAndAmortization": 2150000000, "ebitda": 5426000000, "ebitdaratio": 0.2605522209, "operatingIncome": 3276000000, "operatingIncomeRatio": 0.1573109244, "totalOtherIncomeExpensesNet": -216000000, "incomeBeforeTax": 3060000000, "incomeBeforeTaxRatio": 0.1469387755, "incomeTaxExpense": 71000000, "netIncome": 2990000000, "netIncomeRatio": 0.143577431, "eps": 4.33, "epsdiluted": 4.32, "weightedAverageShsOut": 690000000, "weightedAverageShsOutDil": 692000000, "link": "https://www.sec.gov/Archives/edgar/data/815097/000081509720000003/0000815097-20-000003-index.htm", "finalLink": "https://www.sec.gov/Archives/edgar/data/815097/000081509720000003/a2019form10-kfrontpart.htm", "calculatedOtherExpenses": 2160000000, "calculatedOperatingExpenses": 4640000000, "calculatedNetInterest": -183000000, "calculatedOtherIncome": -33000000, "calculatedIncomeNonControlling": -1000000, "calculatedEbitda": 5426000000}, {"date": "2018-11-30", "symbol": "CUK", "reportedCurrency": "USD", "cik": "0000815097", "fillingDate": "2019-01-28", "acceptedDate": "2019-01-28 10:54:24", "calendarYear": "2018", "period": "FY", "revenue": 18881000000, "costOfRevenue": 11089000000, "grossProfit": 7792000000, "grossProfitRatio": 0.4126900058, "researchAndDevelopmentExpenses": 0, "generalAndAdministrativeExpenses": 0, "sellingAndMarketingExpenses": 0, "sellingGeneralAndAdministrativeExpenses": 2450000000, "otherExpenses": 3000000, "operatingExpenses": 4467000000, "costAndExpenses": 15556000000, "interestIncome": 14000000, "interestExpense": 194000000, "depreciationAndAmortization": 2017000000, "ebitda": 5359000000, "ebitdaratio": 0.2838303056, "operatingIncome": 3325000000, "operatingIncomeRatio": 0.1761029606, "totalOtherIncomeExpensesNet": 62000000, "incomeBeforeTax": 3207000000, "incomeBeforeTaxRatio": 0.1698532917, "incomeTaxExpense": 54000000, "netIncome": 3152000000, "netIncomeRatio": 0.1669403104, "eps": 4.45, "epsdiluted": 4.44, "weightedAverageShsOut": 709000000, "weightedAverageShsOutDil": 710000000, "link": "https://www.sec.gov/Archives/edgar/data/815097/000081509719000004/0000815097-19-000004-index.htm", "finalLink": "https://www.sec.gov/Archives/edgar/data/815097/000081509719000004/a2018form10-kfrontpart.htm", "calculatedOtherExpenses": 2017000000, "calculatedOperatingExpenses": 4467000000, "calculatedNetInterest": -180000000, "calculatedOtherIncome": 62000000, "calculatedIncomeNonControlling": 1000000, "calculatedEbitda": 5342000000}, {"date": "2017-11-30", "symbol": "CUK", "reportedCurrency": "USD", "cik": "0000815097", "fillingDate": "2018-01-29", "acceptedDate": "2018-01-29 09:27:30", "calendarYear": "2017", "period": "FY", "revenue": 17510000000, "costOfRevenue": 10501000000, "grossProfit": 7009000000, "grossProfitRatio": 0.4002855511, "researchAndDevelopmentExpenses": 0, "generalAndAdministrativeExpenses": 0, "sellingAndMarketingExpenses": 0, "sellingGeneralAndAdministrativeExpenses": 2265000000, "otherExpenses": 11000000, "operatingExpenses": 4111000000, "costAndExpenses": 14612000000, "interestIncome": 9000000, "interestExpense": 198000000, "depreciationAndAmortization": 1846000000, "ebitda": 4764000000, "ebitdaratio": 0.2720731011, "operatingIncome": 2809000000, "operatingIncomeRatio": 0.1604226156, "totalOtherIncomeExpensesNet": -43000000, "incomeBeforeTax": 2666000000, "incomeBeforeTaxRatio": 0.1522558538, "incomeTaxExpense": 60000000, "netIncome": 2606000000, "netIncomeRatio": 0.1488292404, "eps": 3.61, "epsdiluted": 3.59, "weightedAverageShsOut": 723000000, "weightedAverageShsOutDil": 725000000, "link": "https://www.sec.gov/Archives/edgar/data/815097/000081509718000005/0000815097-18-000005-index.htm", "finalLink": "https://www.sec.gov/Archives/edgar/data/815097/000081509718000005/a2017form10-kfrontpart.htm", "calculatedOtherExpenses": 1935000000, "calculatedOperatingExpenses": 4200000000, "calculatedNetInterest": -189000000, "calculatedOtherIncome": 46000000, "calculatedIncomeNonControlling": 0, "calculatedEbitda": 4655000000}, {"date": "2016-11-30", "symbol": "CUK", "reportedCurrency": "USD", "cik": "0000815097", "fillingDate": "2017-01-30", "acceptedDate": "2017-01-30 09:27:06", "calendarYear": "2016", "period": "FY", "revenue": 16389000000, "costOfRevenue": 9383000000, "grossProfit": 7006000000, "grossProfitRatio": 0.4274818476, "researchAndDevelopmentExpenses": 0, "generalAndAdministrativeExpenses": 0, "sellingAndMarketingExpenses": 0, "sellingGeneralAndAdministrativeExpenses": 2197000000, "otherExpenses": 21000000, "operatingExpenses": 3935000000, "costAndExpenses": 13318000000, "interestIncome": 6000000, "interestExpense": 223000000, "depreciationAndAmortization": 1738000000, "ebitda": 4836000000, "ebitdaratio": 0.2950759656, "operatingIncome": 3071000000, "operatingIncomeRatio": 0.1873817805, "totalOtherIncomeExpensesNet": -26000000, "incomeBeforeTax": 2828000000, "incomeBeforeTaxRatio": 0.1725547623, "incomeTaxExpense": 49000000, "netIncome": 2779000000, "netIncomeRatio": 0.1695649521, "eps": 3.73, "epsdiluted": 3.72, "weightedAverageShsOut": 745000000, "weightedAverageShsOutDil": 747000000, "link": "https://www.sec.gov/Archives/edgar/data/815097/000081509717000001/0000815097-17-000001-index.htm", "finalLink": "https://www.sec.gov/Archives/edgar/data/815097/000081509717000001/a2016form10-kfrontpart.htm", "calculatedOtherExpenses": 1738000000, "calculatedOperatingExpenses": 3935000000, "calculatedNetInterest": -217000000, "calculatedOtherIncome": -26000000, "calculatedIncomeNonControlling": 0, "calculatedEbitda": 4809000000}, {"date": "2015-11-30", "symbol": "CUK", "reportedCurrency": "USD", "cik": "0000815097", "fillingDate": "2016-01-29", "acceptedDate": "2016-01-29 09:13:08", "calendarYear": "2015", "period": "FY", "revenue": 15714000000, "costOfRevenue": 9447000000, "grossProfit": 6267000000, "grossProfitRatio": 0.3988163421, "researchAndDevelopmentExpenses": 0, "generalAndAdministrativeExpenses": 0, "sellingAndMarketingExpenses": 0, "sellingGeneralAndAdministrativeExpenses": 2067000000, "otherExpenses": 10000000, "operatingExpenses": 3693000000, "costAndExpenses": 13140000000, "interestIncome": 8000000, "interestExpense": 217000000, "depreciationAndAmortization": 1626000000, "ebitda": 4218000000, "ebitdaratio": 0.2684230622, "operatingIncome": 2574000000, "operatingIncomeRatio": 0.1638029782, "totalOtherIncomeExpensesNet": -566000000, "incomeBeforeTax": 1799000000, "incomeBeforeTaxRatio": 0.1144838997, "incomeTaxExpense": 42000000, "netIncome": 1757000000, "netIncomeRatio": 0.1118111238, "eps": 2.26, "epsdiluted": 2.26, "weightedAverageShsOut": 777000000, "weightedAverageShsOutDil": 779000000, "link": "https://www.sec.gov/Archives/edgar/data/815097/000081509716000030/0000815097-16-000030-index.htm", "finalLink": "https://www.sec.gov/Archives/edgar/data/815097/000081509716000030/a2015form10-kfrontpart.htm", "calculatedOtherExpenses": 1626000000, "calculatedOperatingExpenses": 3693000000, "calculatedNetInterest": -209000000, "calculatedOtherIncome": -566000000, "calculatedIncomeNonControlling": 0, "calculatedEbitda": 4200000000}, {"date": "2014-11-30", "symbol": "CUK", "reportedCurrency": "USD", "cik": "0000815097", "fillingDate": "2015-01-29", "acceptedDate": "2015-01-29 09:44:08", "calendarYear": "2014", "period": "FY", "revenue": 15884000000, "costOfRevenue": 10403000000, "grossProfit": 5481000000, "grossProfitRatio": 0.3450642156, "researchAndDevelopmentExpenses": 0, "generalAndAdministrativeExpenses": 0, "sellingAndMarketingExpenses": 0, "sellingGeneralAndAdministrativeExpenses": 2054000000, "otherExpenses": 4000000, "operatingExpenses": 3689000000, "costAndExpenses": 14092000000, "interestIncome": 8000000, "interestExpense": 288000000, "depreciationAndAmortization": 1635000000, "ebitda": 3439000000, "ebitdaratio": 0.216507177, "operatingIncome": 1792000000, "operatingIncomeRatio": 0.11281793, "totalOtherIncomeExpensesNet": -267000000, "incomeBeforeTax": 1245000000, "incomeBeforeTaxRatio": 0.0783807605, "incomeTaxExpense": 9000000, "netIncome": 1236000000, "netIncomeRatio": 0.0778141526, "eps": 1.59, "epsdiluted": 1.59, "weightedAverageShsOut": 776000000, "weightedAverageShsOutDil": 778000000, "link": "https://www.sec.gov/Archives/edgar/data/815097/000081509715000007/0000815097-15-000007-index.htm", "finalLink": "https://www.sec.gov/Archives/edgar/data/815097/000081509715000007/a2014form10-kfrontpart.htm", "calculatedOtherExpenses": 1635000000, "calculatedOperatingExpenses": 3689000000, "calculatedNetInterest": -280000000, "calculatedOtherIncome": -267000000, "calculatedIncomeNonControlling": 0, "calculatedEbitda": 3427000000}, {"date": "2013-11-30", "symbol": "CUK", "reportedCurrency": "USD", "cik": "0000815097", "fillingDate": "2014-01-29", "acceptedDate": "2014-01-29 09:07:42", "calendarYear": "2013", "period": "FY", "revenue": 15456000000, "costOfRevenue": 10624000000, "grossProfit": 4832000000, "grossProfitRatio": 0.3126293996, "researchAndDevelopmentExpenses": 0, "generalAndAdministrativeExpenses": 0, "sellingAndMarketingExpenses": 0, "sellingGeneralAndAdministrativeExpenses": 1879000000, "otherExpenses": -8000000, "operatingExpenses": 3467000000, "costAndExpenses": 14091000000, "interestIncome": 11000000, "interestExpense": 319000000, "depreciationAndAmortization": 1588000000, "ebitda": 2956000000, "ebitdaratio": 0.191252588, "operatingIncome": 1352000000, "operatingIncomeRatio": 0.0874741201, "totalOtherIncomeExpensesNet": 15000000, "incomeBeforeTax": 1072000000, "incomeBeforeTaxRatio": 0.0693581781, "incomeTaxExpense": -6000000, "netIncome": 1078000000, "netIncomeRatio": 0.0697463768, "eps": 1.39, "epsdiluted": 1.39, "weightedAverageShsOut": 775000000, "weightedAverageShsOutDil": 777000000, "link": "https://www.sec.gov/Archives/edgar/data/815097/000119312514025514/0001193125-14-025514-index.htm", "finalLink": "https://www.sec.gov/Archives/edgar/data/815097/000119312514025514/d645418d10k.htm", "calculatedOtherExpenses": 1601000000, "calculatedOperatingExpenses": 3480000000, "calculatedNetInterest": -308000000, "calculatedOtherIncome": 28000000, "calculatedIncomeNonControlling": 0, "calculatedEbitda": 2940000000}, {"date": "2012-11-30", "symbol": "CUK", "reportedCurrency": "USD", "cik": "0000815097", "fillingDate": "2013-01-29", "acceptedDate": "2013-01-29 09:18:27", "calendarYear": "2012", "period": "FY", "revenue": 15382000000, "costOfRevenue": 10320000000, "grossProfit": 5062000000, "grossProfitRatio": 0.3290859446, "researchAndDevelopmentExpenses": 0, "generalAndAdministrativeExpenses": 0, "sellingAndMarketingExpenses": 0, "sellingGeneralAndAdministrativeExpenses": 1720000000, "otherExpenses": -7000000, "operatingExpenses": 3247000000, "costAndExpenses": 13567000000, "interestIncome": 10000000, "interestExpense": 336000000, "depreciationAndAmortization": 1527000000, "ebitda": 3345000000, "ebitdaratio": 0.2174619685, "operatingIncome": 1642000000, "operatingIncomeRatio": 0.1067481472, "totalOtherIncomeExpensesNet": -187000000, "incomeBeforeTax": 1302000000, "incomeBeforeTaxRatio": 0.0846443895, "incomeTaxExpense": 4000000, "netIncome": 1298000000, "netIncomeRatio": 0.0843843453, "eps": 1.67, "epsdiluted": 1.67, "weightedAverageShsOut": 778000000, "weightedAverageShsOutDil": 779000000, "link": "https://www.sec.gov/Archives/edgar/data/815097/000119312513027239/0001193125-13-027239-index.htm", "finalLink": "https://www.sec.gov/Archives/edgar/data/815097/000119312513027239/d387954d10k.htm", "calculatedOtherExpenses": 1700000000, "calculatedOperatingExpenses": 3420000000, "calculatedNetInterest": -326000000, "calculatedOtherIncome": -14000000, "calculatedIncomeNonControlling": 0, "calculatedEbitda": 3169000000}, {"date": "2011-11-30", "symbol": "CUK", "reportedCurrency": "USD", "cik": "0000815097", "fillingDate": "2012-01-30", "acceptedDate": "2012-01-30 09:17:14", "calendarYear": "2011", "period": "FY", "revenue": 15793000000, "costOfRevenue": 10299000000, "grossProfit": 5494000000, "grossProfitRatio": 0.3478756411, "researchAndDevelopmentExpenses": 0, "generalAndAdministrativeExpenses": 0, "sellingAndMarketingExpenses": 0, "sellingGeneralAndAdministrativeExpenses": 1717000000, "otherExpenses": 0, "operatingExpenses": 3239000000, "costAndExpenses": 13538000000, "interestIncome": 11000000, "interestExpense": 365000000, "depreciationAndAmortization": 1522000000, "ebitda": 3788000000, "ebitdaratio": 0.2398530995, "operatingIncome": 2255000000, "operatingIncomeRatio": 0.1427847781, "totalOtherIncomeExpensesNet": 11000000, "incomeBeforeTax": 1912000000, "incomeBeforeTaxRatio": 0.1210662952, "incomeTaxExpense": 365000000, "netIncome": 1912000000, "netIncomeRatio": 0.1210662952, "eps": 2.43, "epsdiluted": 2.42, "weightedAverageShsOut": 787000000, "weightedAverageShsOutDil": 789000000, "link": "https://www.sec.gov/Archives/edgar/data/815097/000119312512028375/0001193125-12-028375-index.htm", "finalLink": "https://www.sec.gov/Archives/edgar/data/815097/000119312512028375/d254914d10k.htm", "calculatedOtherExpenses": 1522000000, "calculatedOperatingExpenses": 3239000000, "calculatedNetInterest": -354000000, "calculatedOtherIncome": 11000000, "calculatedIncomeNonControlling": -365000000, "calculatedEbitda": 3777000000}, {"date": "2010-11-30", "symbol": "CUK", "reportedCurrency": "USD", "cik": "0000815097", "fillingDate": "2011-01-31", "acceptedDate": "2011-01-31 09:35:28", "calendarYear": "2010", "period": "FY", "revenue": 14469000000, "costOfRevenue": 9092000000, "grossProfit": 5377000000, "grossProfitRatio": 0.3716220886, "researchAndDevelopmentExpenses": 0, "generalAndAdministrativeExpenses": 0, "sellingAndMarketingExpenses": 0, "sellingGeneralAndAdministrativeExpenses": 1614000000, "otherExpenses": -2000000, "operatingExpenses": 3030000000, "costAndExpenses": 12122000000, "interestIncome": 12000000, "interestExpense": 378000000, "depreciationAndAmortization": 1416000000, "ebitda": 3775000000, "ebitdaratio": 0.2609026194, "operatingIncome": 2347000000, "operatingIncomeRatio": 0.1622088603, "totalOtherIncomeExpensesNet": -2000000, "incomeBeforeTax": 1979000000, "incomeBeforeTaxRatio": 0.1367751745, "incomeTaxExpense": 1000000, "netIncome": 1978000000, "netIncomeRatio": 0.1367060612, "eps": 2.51, "epsdiluted": 2.47, "weightedAverageShsOut": 788000000, "weightedAverageShsOutDil": 805000000, "link": "https://www.sec.gov/Archives/edgar/data/815097/000119312511018320/0001193125-11-018320-index.htm", "finalLink": "https://www.sec.gov/Archives/edgar/data/815097/000119312511018320/d10k.htm", "calculatedOtherExpenses": 1416000000, "calculatedOperatingExpenses": 3030000000, "calculatedNetInterest": -366000000, "calculatedOtherIncome": -2000000, "calculatedIncomeNonControlling": 0, "calculatedEbitda": 3763000000}, {"date": "2009-11-30", "symbol": "CUK", "reportedCurrency": "USD", "cik": "0000815097", "fillingDate": "2010-01-29", "acceptedDate": "2010-01-29 09:02:19", "calendarYear": "2009", "period": "FY", "revenue": 13157000000, "costOfRevenue": 8104000000, "grossProfit": 5053000000, "grossProfitRatio": 0.3840541157, "researchAndDevelopmentExpenses": 0, "generalAndAdministrativeExpenses": 0, "sellingAndMarketingExpenses": 0, "sellingGeneralAndAdministrativeExpenses": 1590000000, "otherExpenses": 0, "operatingExpenses": 2899000000, "costAndExpenses": 11003000000, "interestIncome": 14000000, "interestExpense": 380000000, "depreciationAndAmortization": 1309000000, "ebitda": 3477000000, "ebitdaratio": 0.2642699704, "operatingIncome": 2154000000, "operatingIncomeRatio": 0.1637151326, "totalOtherIncomeExpensesNet": 18000000, "incomeBeforeTax": 1806000000, "incomeBeforeTaxRatio": 0.137265334, "incomeTaxExpense": 16000000, "netIncome": 1790000000, "netIncomeRatio": 0.1360492513, "eps": 2.27, "epsdiluted": 2.24, "weightedAverageShsOut": 787000000, "weightedAverageShsOutDil": 804000000, "link": "https://www.sec.gov/Archives/edgar/data/815097/000119312510016470/0001193125-10-016470-index.htm", "finalLink": "https://www.sec.gov/Archives/edgar/data/815097/000119312510016470/d10k.htm", "calculatedOtherExpenses": 1309000000, "calculatedOperatingExpenses": 2899000000, "calculatedNetInterest": -366000000, "calculatedOtherIncome": 18000000, "calculatedIncomeNonControlling": 0, "calculatedEbitda": 3463000000}, {"date": "2008-11-30", "symbol": "CUK", "reportedCurrency": "USD", "cik": "0000815097", "fillingDate": "2009-01-29", "acceptedDate": "2009-01-29 10:10:27", "calendarYear": "2008", "period": "FY", "revenue": 14646000000, "costOfRevenue": 9039000000, "grossProfit": 5607000000, "grossProfitRatio": 0.3828349037, "researchAndDevelopmentExpenses": 0, "generalAndAdministrativeExpenses": 0, "sellingAndMarketingExpenses": 0, "sellingGeneralAndAdministrativeExpenses": 1629000000, "otherExpenses": 0, "operatingExpenses": 2878000000, "costAndExpenses": 11917000000, "interestIncome": 35000000, "interestExpense": 414000000, "depreciationAndAmortization": 1249000000, "ebitda": 4013000000, "ebitdaratio": 0.2739997269, "operatingIncome": 2729000000, "operatingIncomeRatio": 0.1863307388, "totalOtherIncomeExpensesNet": 27000000, "incomeBeforeTax": 2377000000, "incomeBeforeTaxRatio": 0.1622968729, "incomeTaxExpense": 47000000, "netIncome": 2330000000, "netIncomeRatio": 0.1590878055, "eps": 2.96, "epsdiluted": 2.9, "weightedAverageShsOut": 786000000, "weightedAverageShsOutDil": 816000000, "link": "https://www.sec.gov/Archives/edgar/data/815097/000119312509013746/0001193125-09-013746-index.htm", "finalLink": "https://www.sec.gov/Archives/edgar/data/815097/000119312509013746/d10k.htm", "calculatedOtherExpenses": 1249000000, "calculatedOperatingExpenses": 2878000000, "calculatedNetInterest": -379000000, "calculatedOtherIncome": 27000000, "calculatedIncomeNonControlling": 0, "calculatedEbitda": 3978000000}, {"date": "2007-11-30", "symbol": "CUK", "reportedCurrency": "USD", "cik": "0000815097", "fillingDate": "2008-01-29", "acceptedDate": "2008-01-29 09:11:11", "calendarYear": "2007", "period": "FY", "revenue": 13033000000, "costOfRevenue": 7628000000, "grossProfit": 5405000000, "grossProfitRatio": 0.4147164889, "researchAndDevelopmentExpenses": 0, "generalAndAdministrativeExpenses": 0, "sellingAndMarketingExpenses": 0, "sellingGeneralAndAdministrativeExpenses": 1579000000, "otherExpenses": 0, "operatingExpenses": 2680000000, "costAndExpenses": 10308000000, "interestIncome": 0, "interestExpense": 0, "depreciationAndAmortization": 1101000000, "ebitda": 3827000000, "ebitdaratio": 0.2936392235, "operatingIncome": 2725000000, "operatingIncomeRatio": 0.2090846313, "totalOtherIncomeExpensesNet": -1000000, "incomeBeforeTax": 2424000000, "incomeBeforeTaxRatio": 0.1859894115, "incomeTaxExpense": 16000000, "netIncome": 2408000000, "netIncomeRatio": 0.1847617586, "eps": 3.04, "epsdiluted": 2.95, "weightedAverageShsOut": 793000000, "weightedAverageShsOutDil": 828000000, "link": "https://www.sec.gov/Archives/edgar/data/815097/000116923208000308/0001169232-08-000308-index.htm", "finalLink": "https://www.sec.gov/Archives/edgar/data/815097/000116923208000308/d73197_10-k.htm", "calculatedOtherExpenses": 1101000000, "calculatedOperatingExpenses": 2680000000, "calculatedNetInterest": 0, "calculatedOtherIncome": -301000000, "calculatedIncomeNonControlling": 0, "calculatedEbitda": 3826000000}, {"date": "2006-11-30", "symbol": "CUK", "reportedCurrency": "USD", "cik": "0000815097", "fillingDate": "2007-02-12", "acceptedDate": "2007-02-12 09:02:18", "calendarYear": "2006", "period": "FY", "revenue": 11839000000, "costOfRevenue": 6791000000, "grossProfit": 5048000000, "grossProfitRatio": 0.4263873638, "researchAndDevelopmentExpenses": 0, "generalAndAdministrativeExpenses": 0, "sellingAndMarketingExpenses": 0, "sellingGeneralAndAdministrativeExpenses": 1447000000, "otherExpenses": 0, "operatingExpenses": 2435000000, "costAndExpenses": 9226000000, "interestIncome": 0, "interestExpense": 0, "depreciationAndAmortization": 988000000, "ebitda": 3609000000, "ebitdaratio": 0.3048399358, "operatingIncome": 2613000000, "operatingIncomeRatio": 0.2207112087, "totalOtherIncomeExpensesNet": -8000000, "incomeBeforeTax": 2318000000, "incomeBeforeTaxRatio": 0.1957935636, "incomeTaxExpense": 39000000, "netIncome": 2279000000, "netIncomeRatio": 0.1924993665, "eps": 2.85, "epsdiluted": 2.77, "weightedAverageShsOut": 799649123, "weightedAverageShsOutDil": 822743682, "link": "https://www.sec.gov/Archives/edgar/data/815097/000116923207000579/0001169232-07-000579-index.htm", "finalLink": "https://www.sec.gov/Archives/edgar/data/815097/000116923207000579/d0770672_10-k.txt", "calculatedOtherExpenses": 988000000, "calculatedOperatingExpenses": 2435000000, "calculatedNetInterest": 0, "calculatedOtherIncome": -295000000, "calculatedIncomeNonControlling": 0, "calculatedEbitda": 3601000000}, {"date": "2005-11-30", "symbol": "CUK", "reportedCurrency": "USD", "cik": "0000815097", "fillingDate": "2006-02-09", "acceptedDate": "2006-02-09 11:43:49", "calendarYear": "2005", "period": "FY", "revenue": 11087000000, "costOfRevenue": 6217000000, "grossProfit": 4870000000, "grossProfitRatio": 0.4392531794, "researchAndDevelopmentExpenses": 0, "generalAndAdministrativeExpenses": 0, "sellingAndMarketingExpenses": 0, "sellingGeneralAndAdministrativeExpenses": 1329000000, "otherExpenses": 0, "operatingExpenses": 2231000000, "costAndExpenses": 8448000000, "interestIncome": 0, "interestExpense": 0, "depreciationAndAmortization": 902000000, "ebitda": 3548000000, "ebitdaratio": 0.3200144313, "operatingIncome": 2639000000, "operatingIncomeRatio": 0.2380265175, "totalOtherIncomeExpensesNet": -7000000, "incomeBeforeTax": 2330000000, "incomeBeforeTaxRatio": 0.2101560386, "incomeTaxExpense": 73000000, "netIncome": 2257000000, "netIncomeRatio": 0.2035717507, "eps": 2.8, "epsdiluted": 2.7, "weightedAverageShsOut": 804642857, "weightedAverageShsOutDil": 834444444, "link": "https://www.sec.gov/Archives/edgar/data/815097/000116923206000521/0001169232-06-000521-index.htm", "finalLink": "https://www.sec.gov/Archives/edgar/data/815097/000116923206000521/d66078_10k.txt", "calculatedOtherExpenses": 902000000, "calculatedOperatingExpenses": 2231000000, "calculatedNetInterest": 0, "calculatedOtherIncome": -309000000, "calculatedIncomeNonControlling": 0, "calculatedEbitda": 3541000000}, {"date": "2004-11-30", "symbol": "CUK", "reportedCurrency": "USD", "cik": "0000815097", "fillingDate": "2005-02-14", "acceptedDate": "2005-02-14 15:52:43", "calendarYear": "2004", "period": "FY", "revenue": 9727000000, "costOfRevenue": 5457000000, "grossProfit": 4270000000, "grossProfitRatio": 0.4389842706, "researchAndDevelopmentExpenses": 0, "generalAndAdministrativeExpenses": 0, "sellingAndMarketingExpenses": 0, "sellingGeneralAndAdministrativeExpenses": 1285000000, "otherExpenses": 0, "operatingExpenses": 2097000000, "costAndExpenses": 7554000000, "interestIncome": 0, "interestExpense": 0, "depreciationAndAmortization": 812000000, "ebitda": 2990000000, "ebitdaratio": 0.307391796, "operatingIncome": 2173000000, "operatingIncomeRatio": 0.2233987869, "totalOtherIncomeExpensesNet": -5000000, "incomeBeforeTax": 1901000000, "incomeBeforeTaxRatio": 0.195435386, "incomeTaxExpense": 47000000, "netIncome": 1854000000, "netIncomeRatio": 0.1906034749, "eps": 2.31, "epsdiluted": 2.24, "weightedAverageShsOut": 802597403, "weightedAverageShsOutDil": 827678571, "link": "https://www.sec.gov/Archives/edgar/data/815097/000116923205000926/0001169232-05-000926-index.htm", "finalLink": "https://www.sec.gov/Archives/edgar/data/815097/000116923205000926/d61873_10k.txt", "calculatedOtherExpenses": 812000000, "calculatedOperatingExpenses": 2097000000, "calculatedNetInterest": 0, "calculatedOtherIncome": -272000000, "calculatedIncomeNonControlling": 0, "calculatedEbitda": 2985000000}, {"date": "2003-11-30", "symbol": "CUK", "reportedCurrency": "USD", "cik": "0000815097", "fillingDate": "2004-02-25", "acceptedDate": "2004-02-25 08:37:28", "calendarYear": "2003", "period": "FY", "revenue": 6718000000, "costOfRevenue": 3818000000, "grossProfit": 2900000000, "grossProfitRatio": 0.4316760941, "researchAndDevelopmentExpenses": 0, "generalAndAdministrativeExpenses": 0, "sellingAndMarketingExpenses": 0, "sellingGeneralAndAdministrativeExpenses": 932000000, "otherExpenses": 0, "operatingExpenses": 1517000000, "costAndExpenses": 5335000000, "interestIncome": 0, "interestExpense": 0, "depreciationAndAmortization": 585000000, "ebitda": 1960000000, "ebitdaratio": 0.2917534981, "operatingIncome": 1383000000, "operatingIncomeRatio": 0.2058648407, "totalOtherIncomeExpensesNet": 8000000, "incomeBeforeTax": 1223000000, "incomeBeforeTaxRatio": 0.1820482286, "incomeTaxExpense": 29000000, "netIncome": 1194000000, "netIncomeRatio": 0.1777314677, "eps": 1.65, "epsdiluted": 1.62, "weightedAverageShsOut": 719393939, "weightedAverageShsOutDil": 732716049, "link": "https://www.sec.gov/Archives/edgar/data/815097/000116923204001307/0001169232-04-001307-index.htm", "finalLink": "https://www.sec.gov/Archives/edgar/data/815097/000116923204001307/d58480_10-k.txt", "calculatedOtherExpenses": 585000000, "calculatedOperatingExpenses": 1517000000, "calculatedNetInterest": 0, "calculatedOtherIncome": -160000000, "calculatedIncomeNonControlling": 0, "calculatedEbitda": 1968000000}, {"date": "2002-11-30", "symbol": "CUK", "reportedCurrency": "USD", "cik": "0000815097", "fillingDate": "2003-02-18", "acceptedDate": "2003-02-18 08:28:08", "calendarYear": "2002", "period": "FY", "revenue": 4368269000, "costOfRevenue": 2311919000, "grossProfit": 2056350000, "grossProfitRatio": 0.4707471083, "researchAndDevelopmentExpenses": 0, "generalAndAdministrativeExpenses": 0, "sellingAndMarketingExpenses": 0, "sellingGeneralAndAdministrativeExpenses": 611948000, "otherExpenses": 0, "operatingExpenses": 994291000, "costAndExpenses": 3306210000, "interestIncome": 0, "interestExpense": 0, "depreciationAndAmortization": 382343000, "ebitda": 1411920000, "ebitdaratio": 0.3232218529, "operatingIncome": 1042059000, "operatingIncomeRatio": 0.2385519298, "totalOtherIncomeExpensesNet": 32482000, "incomeBeforeTax": 959379000, "incomeBeforeTaxRatio": 0.219624524, "incomeTaxExpense": -56562000, "netIncome": 1015941000, "netIncomeRatio": 0.2325729024, "eps": 1.72, "epsdiluted": 1.68, "weightedAverageShsOut": 590697674, "weightedAverageShsOutDil": 604761905, "link": "https://www.sec.gov/Archives/edgar/data/815097/000081509703000005/0000815097-03-000005-index.htm", "finalLink": "https://www.sec.gov/Archives/edgar/data/815097/000081509703000005/nov02_10k.txt", "calculatedOtherExpenses": 402343000, "calculatedOperatingExpenses": 1014291000, "calculatedNetInterest": 0, "calculatedOtherIncome": -82680000, "calculatedIncomeNonControlling": 0, "calculatedEbitda": 1424402000}, {"date": "2001-11-30", "symbol": "CUK", "reportedCurrency": "USD", "cik": "0000815097", "fillingDate": "2002-02-28", "acceptedDate": "2002-02-28 00:00:00", "calendarYear": "2001", "period": "FY", "revenue": 4535751000, "costOfRevenue": 2468730000, "grossProfit": 2067021000, "grossProfitRatio": 0.4557174766, "researchAndDevelopmentExpenses": 0, "generalAndAdministrativeExpenses": 0, "sellingAndMarketingExpenses": 0, "sellingGeneralAndAdministrativeExpenses": 618664000, "otherExpenses": 0, "operatingExpenses": 990888000, "costAndExpenses": 3459618000, "interestIncome": 0, "interestExpense": 0, "depreciationAndAmortization": 372224000, "ebitda": 1467829000, "ebitdaratio": 0.323613223, "operatingIncome": 891731000, "operatingIncomeRatio": 0.1966005189, "totalOtherIncomeExpensesNet": -19472000, "incomeBeforeTax": 913943000, "incomeBeforeTaxRatio": 0.2014976131, "incomeTaxExpense": -12257000, "netIncome": 926200000, "netIncomeRatio": 0.2041999219, "eps": 1.58, "epsdiluted": 1.57, "weightedAverageShsOut": 586075949, "weightedAverageShsOutDil": 589808917, "link": "https://www.sec.gov/Archives/edgar/data/815097/000081509702000012/0000815097-02-000012-index.htm", "finalLink": "https://www.sec.gov/Archives/edgar/data/815097/000081509702000012/nov-10k_fy2001.txt", "calculatedOtherExpenses": 556626000, "calculatedOperatingExpenses": 1175290000, "calculatedNetInterest": 0, "calculatedOtherIncome": 22212000, "calculatedIncomeNonControlling": 0, "calculatedEbitda": 1263955000}, {"date": "2000-11-30", "symbol": "CUK", "reportedCurrency": "USD", "cik": "0000815097", "fillingDate": "2001-02-28", "acceptedDate": "2001-02-28 00:00:00", "calendarYear": "2000", "period": "FY", "revenue": 3778542000, "costOfRevenue": 2058342000, "grossProfit": 1720200000, "grossProfitRatio": 0.4552549634, "researchAndDevelopmentExpenses": 0, "generalAndAdministrativeExpenses": 0, "sellingAndMarketingExpenses": 0, "sellingGeneralAndAdministrativeExpenses": 487403000, "otherExpenses": 0, "operatingExpenses": 775070000, "costAndExpenses": 2833412000, "interestIncome": 0, "interestExpense": 0, "depreciationAndAmortization": 287667000, "ebitda": 1224337000, "ebitdaratio": 0.3240236578, "operatingIncome": 982958000, "operatingIncomeRatio": 0.2601421395, "totalOtherIncomeExpensesNet": 8460000, "incomeBeforeTax": 966552000, "incomeBeforeTaxRatio": 0.2558002531, "incomeTaxExpense": 1094000, "netIncome": 965458000, "netIncomeRatio": 0.2555107234, "eps": 1.61, "epsdiluted": 1.6, "weightedAverageShsOut": 599378882, "weightedAverageShsOutDil": 603125000, "link": "https://www.sec.gov/Archives/edgar/data/815097/000081509701000003/0000815097-01-000003-index.htm", "finalLink": "https://www.sec.gov/Archives/edgar/data/815097/000081509701000003/0000815097-01-000003-0001.txt", "calculatedOtherExpenses": 249839000, "calculatedOperatingExpenses": 737242000, "calculatedNetInterest": 0, "calculatedOtherIncome": -16406000, "calculatedIncomeNonControlling": 0, "calculatedEbitda": 1270625000}, {"date": "1999-11-30", "symbol": "CUK", "reportedCurrency": "USD", "cik": "0000815097", "fillingDate": "2000-02-28", "acceptedDate": "2000-02-28 00:00:00", "calendarYear": "1999", "period": "FY", "revenue": 3497470000, "costOfRevenue": 1862636000, "grossProfit": 1634834000, "grossProfitRatio": 0.4674333161, "researchAndDevelopmentExpenses": 0, "generalAndAdministrativeExpenses": 0, "sellingAndMarketingExpenses": 0, "sellingGeneralAndAdministrativeExpenses": 447235000, "otherExpenses": 0, "operatingExpenses": 690893000, "costAndExpenses": 2553529000, "interestIncome": 0, "interestExpense": 0, "depreciationAndAmortization": 243658000, "ebitda": 1175034000, "ebitdaratio": 0.335966856, "operatingIncome": 1019699000, "operatingIncomeRatio": 0.2915533228, "totalOtherIncomeExpensesNet": 12565000, "incomeBeforeTax": 1030018000, "incomeBeforeTaxRatio": 0.2945037413, "incomeTaxExpense": 2778000, "netIncome": 1027240000, "netIncomeRatio": 0.2937094528, "eps": 1.68, "epsdiluted": 1.66, "weightedAverageShsOut": 611309524, "weightedAverageShsOutDil": 618674699, "link": "https://www.sec.gov/Archives/edgar/data/815097/000081509700000001/0000815097-00-000001-index.html", "finalLink": "https://www.sec.gov/Archives/edgar/data/815097/000081509700000001/", "calculatedOtherExpenses": 167900000, "calculatedOperatingExpenses": 615135000, "calculatedNetInterest": 0, "calculatedOtherIncome": 10319000, "calculatedIncomeNonControlling": 0, "calculatedEbitda": 1263357000}, {"date": "1998-11-30", "symbol": "CUK", "reportedCurrency": "USD", "cik": "0000815097", "fillingDate": "1999-02-25", "acceptedDate": "1999-02-25 00:00:00", "calendarYear": "1998", "period": "FY", "revenue": 3009306000, "costOfRevenue": 1619377000, "grossProfit": 1389929000, "grossProfitRatio": 0.4618769244, "researchAndDevelopmentExpenses": 0, "generalAndAdministrativeExpenses": 0, "sellingAndMarketingExpenses": 0, "sellingGeneralAndAdministrativeExpenses": 369469000, "otherExpenses": 0, "operatingExpenses": 570137000, "costAndExpenses": 2189514000, "interestIncome": 0, "interestExpense": 0, "depreciationAndAmortization": 200668000, "ebitda": 1033584000, "ebitdaratio": 0.3434625791, "operatingIncome": 896524000, "operatingIncomeRatio": 0.2979171942, "totalOtherIncomeExpensesNet": -13124000, "incomeBeforeTax": 839700000, "incomeBeforeTaxRatio": 0.2790344352, "incomeTaxExpense": 3815000, "netIncome": 835885000, "netIncomeRatio": 0.277766701, "eps": 1.4, "epsdiluted": 1.4, "weightedAverageShsOut": 597060714, "weightedAverageShsOutDil": 597060714, "link": "https://www.sec.gov/Archives/edgar/data/815097/000081509799000003/0000815097-99-000003-index.html", "finalLink": "https://www.sec.gov/Archives/edgar/data/815097/", "calculatedOtherExpenses": 123936000, "calculatedOperatingExpenses": 493405000, "calculatedNetInterest": 0, "calculatedOtherIncome": -56824000, "calculatedIncomeNonControlling": 0, "calculatedEbitda": 1097192000}, {"date": "1997-11-30", "symbol": "CUK", "reportedCurrency": "USD", "cik": "0000815097", "fillingDate": "1998-02-27", "acceptedDate": "1998-02-27 00:00:00", "calendarYear": "1997", "period": "FY", "revenue": 2447468000, "costOfRevenue": 1322669000, "grossProfit": 1124799000, "grossProfitRatio": 0.459576591, "researchAndDevelopmentExpenses": 0, "generalAndAdministrativeExpenses": 0, "sellingAndMarketingExpenses": 0, "sellingGeneralAndAdministrativeExpenses": 296533000, "otherExpenses": 0, "operatingExpenses": 463820000, "costAndExpenses": 1786489000, "interestIncome": 0, "interestExpense": 0, "depreciationAndAmortization": 167287000, "ebitda": 822830000, "ebitdaratio": 0.3361964283, "operatingIncome": 714070000, "operatingIncomeRatio": 0.2917586665, "totalOtherIncomeExpensesNet": 5436000, "incomeBeforeTax": 672283000, "incomeBeforeTaxRatio": 0.2746851031, "incomeTaxExpense": 6233000, "netIncome": 666050000, "netIncomeRatio": 0.2721383896, "eps": 1.12, "epsdiluted": 1.12, "weightedAverageShsOut": 597354260, "weightedAverageShsOutDil": 1201647059, "link": "https://www.sec.gov/Archives/edgar/data/815097/000081509798000005/0000815097-98-000005-index.html", "finalLink": "https://www.sec.gov/Archives/edgar/data/815097/", "calculatedOtherExpenses": 114196000, "calculatedOperatingExpenses": 410729000, "calculatedNetInterest": 0, "calculatedOtherIncome": -41787000, "calculatedIncomeNonControlling": 0, "calculatedEbitda": 881357000}, {"date": "1996-11-30", "symbol": "CUK", "reportedCurrency": "USD", "cik": "0000815097", "fillingDate": "1997-02-28", "acceptedDate": "1997-02-28 00:00:00", "calendarYear": "1996", "period": "FY", "revenue": 2212572000, "costOfRevenue": 1241269000, "grossProfit": 971303000, "grossProfitRatio": 0.4389927198, "researchAndDevelopmentExpenses": 0, "generalAndAdministrativeExpenses": 0, "sellingAndMarketingExpenses": 0, "sellingGeneralAndAdministrativeExpenses": 274855000, "otherExpenses": 0, "operatingExpenses": 419842000, "costAndExpenses": 1661111000, "interestIncome": 0, "interestExpense": 0, "depreciationAndAmortization": 144987000, "ebitda": 673034000, "ebitdaratio": 0.3041862592, "operatingIncome": 597428000, "operatingIncomeRatio": 0.2700151679, "totalOtherIncomeExpensesNet": 23414000, "incomeBeforeTax": 575347000, "incomeBeforeTaxRatio": 0.2600353796, "incomeTaxExpense": 9045000, "netIncome": 566302000, "netIncomeRatio": 0.2559473771, "eps": 0.98, "epsdiluted": 0.98, "weightedAverageShsOut": 580822564, "weightedAverageShsOutDil": 1143037975, "link": "https://www.sec.gov/Archives/edgar/data/815097/000081509797000001/0000815097-97-000001-index.html", "finalLink": "https://www.sec.gov/Archives/edgar/data/815097/", "calculatedOtherExpenses": 99020000, "calculatedOperatingExpenses": 373875000, "calculatedNetInterest": 0, "calculatedOtherIncome": -22081000, "calculatedIncomeNonControlling": 0, "calculatedEbitda": 742415000}, {"date": "1995-11-30", "symbol": "CUK", "reportedCurrency": "USD", "cik": "0000815097", "fillingDate": "1996-01-26", "acceptedDate": "1996-01-26 00:00:00", "calendarYear": "1995", "period": "FY", "revenue": 1998150000, "costOfRevenue": 1131113000, "grossProfit": 867037000, "grossProfitRatio": 0.4339198759, "researchAndDevelopmentExpenses": 0, "generalAndAdministrativeExpenses": 0, "sellingAndMarketingExpenses": 0, "sellingGeneralAndAdministrativeExpenses": 248566000, "otherExpenses": 0, "operatingExpenses": 376999000, "costAndExpenses": 1508112000, "interestIncome": 0, "interestExpense": 0, "depreciationAndAmortization": 128433000, "ebitda": 608741000, "ebitdaratio": 0.3046523034, "operatingIncome": 490038000, "operatingIncomeRatio": 0.2452458524, "totalOtherIncomeExpensesNet": 9730000, "incomeBeforeTax": 460465000, "incomeBeforeTaxRatio": 0.2304456622, "incomeTaxExpense": 9374000, "netIncome": 451091000, "netIncomeRatio": 0.2257543227, "eps": 0.8, "epsdiluted": 0.8, "weightedAverageShsOut": 567410063, "weightedAverageShsOutDil": 1128923077, "link": "https://www.sec.gov/Archives/edgar/data/815097/000081509796000001/0000815097-96-000001-index.html", "finalLink": "https://www.sec.gov/Archives/edgar/data/815097/", "calculatedOtherExpenses": 128433000, "calculatedOperatingExpenses": 376999000, "calculatedNetInterest": 0, "calculatedOtherIncome": -29573000, "calculatedIncomeNonControlling": 0, "calculatedEbitda": 618471000}, {"date": "1994-11-30", "symbol": "CUK", "reportedCurrency": "USD", "cik": "0000815097", "fillingDate": "1995-02-24", "acceptedDate": "1995-02-24 00:00:00", "calendarYear": "1994", "period": "FY", "revenue": 1806016000, "costOfRevenue": 1028475000, "grossProfit": 777541000, "grossProfitRatio": 0.430528301, "researchAndDevelopmentExpenses": 0, "generalAndAdministrativeExpenses": 0, "sellingAndMarketingExpenses": 0, "sellingGeneralAndAdministrativeExpenses": 223272000, "otherExpenses": 0, "operatingExpenses": 333867000, "costAndExpenses": 1362342000, "interestIncome": 0, "interestExpense": 0, "depreciationAndAmortization": 110595000, "ebitda": 573468000, "ebitdaratio": 0.3175320706, "operatingIncome": 443674000, "operatingIncomeRatio": 0.2456644902, "totalOtherIncomeExpensesNet": -19199000, "incomeBeforeTax": 391818000, "incomeBeforeTaxRatio": 0.2169515663, "incomeTaxExpense": 10053000, "netIncome": 381765000, "netIncomeRatio": 0.2113851705, "eps": 0.34, "epsdiluted": 0.34, "weightedAverageShsOut": 565064000, "weightedAverageShsOutDil": 565064000, "link": "https://www.sec.gov/Archives/edgar/data/815097/000095014495000480/0000950144-95-000480-index.html", "finalLink": "https://www.sec.gov/Archives/edgar/data/815097/", "calculatedOtherExpenses": 110595000, "calculatedOperatingExpenses": 333867000, "calculatedNetInterest": 0, "calculatedOtherIncome": -51856000, "calculatedIncomeNonControlling": 0, "calculatedEbitda": 554269000}, {"date": "1993-11-30", "symbol": "CUK", "reportedCurrency": "USD", "cik": "0000815097", "fillingDate": "1993-11-30", "acceptedDate": "1993-11-29 19:00:00", "calendarYear": "1993", "period": "FY", "revenue": 1556900000, "costOfRevenue": 907900000, "grossProfit": 649000000, "grossProfitRatio": 0.4168540048, "researchAndDevelopmentExpenses": 0, "generalAndAdministrativeExpenses": 0, "sellingAndMarketingExpenses": 0, "sellingGeneralAndAdministrativeExpenses": 208000000, "otherExpenses": 0, "operatingExpenses": 301300000, "costAndExpenses": 1209200000, "interestIncome": 0, "interestExpense": 0, "depreciationAndAmortization": -93300000, "ebitda": 430700000, "ebitdaratio": 0.2766394759, "operatingIncome": 524000000, "operatingIncomeRatio": 0.3365662535, "totalOtherIncomeExpensesNet": 10300000, "incomeBeforeTax": 323700000, "incomeBeforeTaxRatio": 0.2079131608, "incomeTaxExpense": 5500000, "netIncome": 318200000, "netIncomeRatio": 0.2043804997, "eps": 0.14, "epsdiluted": 0.14, "weightedAverageShsOut": 564668000, "weightedAverageShsOutDil": 564668000, "link": null, "finalLink": null, "calculatedOtherExpenses": -83000000, "calculatedOperatingExpenses": 125000000, "calculatedNetInterest": 0, "calculatedOtherIncome": -200300000, "calculatedIncomeNonControlling": 0, "calculatedEbitda": 430700000}, {"date": "1992-11-30", "symbol": "CUK", "reportedCurrency": "USD", "cik": "0000815097", "fillingDate": "1992-11-30", "acceptedDate": "1992-11-29 19:00:00", "calendarYear": "1992", "period": "FY", "revenue": 1473600000, "costOfRevenue": 865600000, "grossProfit": 608000000, "grossProfitRatio": 0.4125950054, "researchAndDevelopmentExpenses": 0, "generalAndAdministrativeExpenses": 0, "sellingAndMarketingExpenses": 0, "sellingGeneralAndAdministrativeExpenses": 194300000, "otherExpenses": 0, "operatingExpenses": 283100000, "costAndExpenses": 1148700000, "interestIncome": 0, "interestExpense": 0, "depreciationAndAmortization": -88800000, "ebitda": 394000000, "ebitdaratio": 0.2673724213, "operatingIncome": 482800000, "operatingIncomeRatio": 0.3276330076, "totalOtherIncomeExpensesNet": 19700000, "incomeBeforeTax": 290800000, "incomeBeforeTaxRatio": 0.197339848, "incomeTaxExpense": 9000000, "netIncome": 276600000, "netIncomeRatio": 0.1877035831, "eps": 0.12, "epsdiluted": 0.12, "weightedAverageShsOut": 564276000, "weightedAverageShsOutDil": 564276000, "link": null, "finalLink": null, "calculatedOtherExpenses": -69100000, "calculatedOperatingExpenses": 125200000, "calculatedNetInterest": 0, "calculatedOtherIncome": -192000000, "calculatedIncomeNonControlling": 5200000, "calculatedEbitda": 394000000}, {"date": "1991-11-30", "symbol": "CUK", "reportedCurrency": "USD", "cik": "0000815097", "fillingDate": "1991-11-30", "acceptedDate": "1991-11-29 19:00:00", "calendarYear": "1991", "period": "FY", "revenue": 1404700000, "costOfRevenue": 810300000, "grossProfit": 594400000, "grossProfitRatio": 0.4231508507, "researchAndDevelopmentExpenses": 0, "generalAndAdministrativeExpenses": 0, "sellingAndMarketingExpenses": 0, "sellingGeneralAndAdministrativeExpenses": 193300000, "otherExpenses": 0, "operatingExpenses": 278500000, "costAndExpenses": 1088800000, "interestIncome": 0, "interestExpense": 0, "depreciationAndAmortization": -85200000, "ebitda": 388800000, "ebitdaratio": 0.2767850787, "operatingIncome": 474000000, "operatingIncomeRatio": 0.337438599, "totalOtherIncomeExpensesNet": 12300000, "incomeBeforeTax": 262800000, "incomeBeforeTaxRatio": 0.1870862106, "incomeTaxExpense": 9000000, "netIncome": 85000000, "netIncomeRatio": 0.0605111412, "eps": 0.04, "epsdiluted": 0.04, "weightedAverageShsOut": 562376000, "weightedAverageShsOutDil": 562376000, "link": null, "finalLink": null, "calculatedOtherExpenses": -72900000, "calculatedOperatingExpenses": 120400000, "calculatedNetInterest": 0, "calculatedOtherIncome": -211200000, "calculatedIncomeNonControlling": 168800000, "calculatedEbitda": 388800000}, {"date": "1990-11-30", "symbol": "CUK", "reportedCurrency": "USD", "cik": "0000815097", "fillingDate": "1990-11-30", "acceptedDate": "1990-11-29 19:00:00", "calendarYear": "1990", "period": "FY", "revenue": 1391300000, "costOfRevenue": 815100000, "grossProfit": 576200000, "grossProfitRatio": 0.4141450442, "researchAndDevelopmentExpenses": 0, "generalAndAdministrativeExpenses": 0, "sellingAndMarketingExpenses": 0, "sellingGeneralAndAdministrativeExpenses": 216800000, "otherExpenses": 0, "operatingExpenses": 306700000, "costAndExpenses": 1121800000, "interestIncome": 0, "interestExpense": 0, "depreciationAndAmortization": 89900000, "ebitda": 349900000, "ebitdaratio": 0.2514914109, "operatingIncome": 260000000, "operatingIncomeRatio": 0.186875584, "totalOtherIncomeExpensesNet": 9500000, "incomeBeforeTax": 210700000, "incomeBeforeTaxRatio": 0.1514410983, "incomeTaxExpense": 4500000, "netIncome": 206200000, "netIncomeRatio": 0.1482067131, "eps": 0.0975, "epsdiluted": 0.0975, "weightedAverageShsOut": 545028000, "weightedAverageShsOutDil": 545028000, "link": null, "finalLink": null, "calculatedOtherExpenses": 99400000, "calculatedOperatingExpenses": 316200000, "calculatedNetInterest": 0, "calculatedOtherIncome": -49300000, "calculatedIncomeNonControlling": 0, "calculatedEbitda": 349900000}, {"date": "1989-11-30", "symbol": "CUK", "reportedCurrency": "USD", "cik": "0000815097", "fillingDate": "1989-11-30", "acceptedDate": "1989-11-29 19:00:00", "calendarYear": "1989", "period": "FY", "revenue": 1147700000, "costOfRevenue": 659900000, "grossProfit": 487800000, "grossProfitRatio": 0.425023961, "researchAndDevelopmentExpenses": 0, "generalAndAdministrativeExpenses": 0, "sellingAndMarketingExpenses": 0, "sellingGeneralAndAdministrativeExpenses": 180300000, "otherExpenses": 0, "operatingExpenses": 247000000, "costAndExpenses": 906900000, "interestIncome": 0, "interestExpense": 0, "depreciationAndAmortization": 66700000, "ebitda": 288600000, "ebitdaratio": 0.2514594406, "operatingIncome": 221900000, "operatingIncomeRatio": 0.1933432082, "totalOtherIncomeExpensesNet": 18900000, "incomeBeforeTax": 200000000, "incomeBeforeTaxRatio": 0.1742615666, "incomeTaxExpense": 6400000, "netIncome": 193600000, "netIncomeRatio": 0.1686851965, "eps": 0.09, "epsdiluted": 0.09, "weightedAverageShsOut": 544988000, "weightedAverageShsOutDil": 544988000, "link": null, "finalLink": null, "calculatedOtherExpenses": 85600000, "calculatedOperatingExpenses": 265900000, "calculatedNetInterest": 0, "calculatedOtherIncome": -21900000, "calculatedIncomeNonControlling": 0, "calculatedEbitda": 288600000}, {"date": "1988-11-30", "symbol": "CUK", "reportedCurrency": "USD", "cik": "0000815097", "fillingDate": "1988-11-30", "acceptedDate": "1988-11-29 19:00:00", "calendarYear": "1988", "period": "FY", "revenue": 599700000, "costOfRevenue": 326900000, "grossProfit": 272800000, "grossProfitRatio": 0.4548941137, "researchAndDevelopmentExpenses": 0, "generalAndAdministrativeExpenses": 0, "sellingAndMarketingExpenses": 0, "sellingGeneralAndAdministrativeExpenses": 87300000, "otherExpenses": 0, "operatingExpenses": 114800000, "costAndExpenses": 441700000, "interestIncome": 0, "interestExpense": 0, "depreciationAndAmortization": 27500000, "ebitda": 145300000, "ebitdaratio": 0.2422878106, "operatingIncome": 117800000, "operatingIncomeRatio": 0.1964315491, "totalOtherIncomeExpensesNet": 40200000, "incomeBeforeTax": 158000000, "incomeBeforeTaxRatio": 0.2634650659, "incomeTaxExpense": -38400000, "netIncome": 196400000, "netIncomeRatio": 0.3274970819, "eps": 0.0925, "epsdiluted": 0.0925, "weightedAverageShsOut": 538444000, "weightedAverageShsOutDil": 538444000, "link": null, "finalLink": null, "calculatedOtherExpenses": 67700000, "calculatedOperatingExpenses": 155000000, "calculatedNetInterest": 0, "calculatedOtherIncome": 40200000, "calculatedIncomeNonControlling": 0, "calculatedEbitda": 145300000}, {"date": "1987-11-30", "symbol": "CUK", "reportedCurrency": "USD", "cik": "0000815097", "fillingDate": "1987-11-30", "acceptedDate": "1987-11-29 19:00:00", "calendarYear": "1987", "period": "FY", "revenue": 564100000, "costOfRevenue": 305100000, "grossProfit": 259000000, "grossProfitRatio": 0.4591384506, "researchAndDevelopmentExpenses": 0, "generalAndAdministrativeExpenses": 0, "sellingAndMarketingExpenses": 0, "sellingGeneralAndAdministrativeExpenses": 82400000, "otherExpenses": 0, "operatingExpenses": 106900000, "costAndExpenses": 412000000, "interestIncome": 0, "interestExpense": 0, "depreciationAndAmortization": 24500000, "ebitda": 162600000, "ebitdaratio": 0.2882467648, "operatingIncome": 138100000, "operatingIncomeRatio": 0.2448147492, "totalOtherIncomeExpensesNet": 14000000, "incomeBeforeTax": 152100000, "incomeBeforeTaxRatio": 0.2696330438, "incomeTaxExpense": -700000, "netIncome": 152800000, "netIncomeRatio": 0.2708739585, "eps": 0.0825, "epsdiluted": 0.0825, "weightedAverageShsOut": 538892000, "weightedAverageShsOutDil": 538892000, "link": null, "finalLink": null, "calculatedOtherExpenses": 38500000, "calculatedOperatingExpenses": 120900000, "calculatedNetInterest": 0, "calculatedOtherIncome": 14000000, "calculatedIncomeNonControlling": 0, "calculatedEbitda": 162600000}, {"date": "1986-11-30", "symbol": "CUK", "reportedCurrency": "USD", "cik": "0000815097", "fillingDate": "1986-11-30", "acceptedDate": "1986-11-29 19:00:00", "calendarYear": "1986", "period": "FY", "revenue": 420800000, "costOfRevenue": 232500000, "grossProfit": 188300000, "grossProfitRatio": 0.4474809886, "researchAndDevelopmentExpenses": 0, "generalAndAdministrativeExpenses": 0, "sellingAndMarketingExpenses": 0, "sellingGeneralAndAdministrativeExpenses": 70500000, "otherExpenses": 0, "operatingExpenses": 87100000, "costAndExpenses": 319600000, "interestIncome": 0, "interestExpense": 0, "depreciationAndAmortization": 16600000, "ebitda": 113900000, "ebitdaratio": 0.2706749049, "operatingIncome": 97300000, "operatingIncomeRatio": 0.2312262357, "totalOtherIncomeExpensesNet": 3900000, "incomeBeforeTax": 101200000, "incomeBeforeTaxRatio": 0.2404942966, "incomeTaxExpense": 3500000, "netIncome": 97700000, "netIncomeRatio": 0.2321768061, "eps": 0.0575, "epsdiluted": 0.0575, "weightedAverageShsOut": 434296000, "weightedAverageShsOutDil": 434296000, "link": null, "finalLink": null, "calculatedOtherExpenses": 20500000, "calculatedOperatingExpenses": 91000000, "calculatedNetInterest": 0, "calculatedOtherIncome": 3900000, "calculatedIncomeNonControlling": 0, "calculatedEbitda": 113900000}]}