{"originalCurrency": "USD", "convertedCurrency": "USD", "report": [{"date": "2023-12-31", "symbol": "CUZ", "reportedCurrency": "USD", "cik": "0000025232", "fillingDate": "2024-02-07", "acceptedDate": "2024-02-07 16:17:39", "calendarYear": "2023", "period": "FY", "revenue": 802874000, "costOfRevenue": 266434000, "grossProfit": 536440000, "grossProfitRatio": 0.6681496723, "researchAndDevelopmentExpenses": 0, "generalAndAdministrativeExpenses": 32331000, "sellingAndMarketingExpenses": 0, "sellingGeneralAndAdministrativeExpenses": 32331000, "otherExpenses": -2736000, "operatingExpenses": 347228000, "costAndExpenses": 613662000, "interestIncome": 0, "interestExpense": 105463000, "depreciationAndAmortization": 314897000, "ebitda": 503672000, "ebitdaratio": 0.6273362944, "operatingIncome": 188775000, "operatingIncomeRatio": 0.2351240668, "totalOtherIncomeExpensesNet": 67000, "incomeBeforeTax": 83816000, "incomeBeforeTaxRatio": 0.1043949611, "incomeTaxExpense": 853000, "netIncome": 82963000, "netIncomeRatio": 0.1033325279, "eps": 0.55, "epsdiluted": 0.55, "weightedAverageShsOut": 151714000, "weightedAverageShsOutDil": 152040000, "link": "https://www.sec.gov/Archives/edgar/data/25232/000002523224000004/0000025232-24-000004-index.htm", "finalLink": "https://www.sec.gov/Archives/edgar/data/25232/000002523224000004/cuz-20231231.htm", "calculatedOtherExpenses": 315334000, "calculatedOperatingExpenses": 347665000, "calculatedNetInterest": -105463000, "calculatedOtherIncome": 504000, "calculatedIncomeNonControlling": 0, "calculatedEbitda": 503672000}, {"date": "2022-12-31", "symbol": "CUZ", "reportedCurrency": "USD", "cik": "0000025232", "fillingDate": "2023-02-09", "acceptedDate": "2023-02-09 16:21:24", "calendarYear": "2022", "period": "FY", "revenue": 762290000, "costOfRevenue": 258371000, "grossProfit": 503919000, "grossProfitRatio": 0.6610594393, "researchAndDevelopmentExpenses": 0, "generalAndAdministrativeExpenses": 28319000, "sellingAndMarketingExpenses": 0, "sellingGeneralAndAdministrativeExpenses": 28319000, "otherExpenses": 295587000, "operatingExpenses": 323906000, "costAndExpenses": 582277000, "interestIncome": 72537000, "interestExpense": 72537000, "depreciationAndAmortization": 295587000, "ebitda": 479142000, "ebitdaratio": 0.6285560613, "operatingIncome": 183555000, "operatingIncomeRatio": 0.2407941859, "totalOtherIncomeExpensesNet": -16110000, "incomeBeforeTax": 167445000, "incomeBeforeTaxRatio": 0.2196604967, "incomeTaxExpense": -112202000, "netIncome": 279647000, "netIncomeRatio": 0.3668511984, "eps": 1.86, "epsdiluted": 1.86, "weightedAverageShsOut": 150113000, "weightedAverageShsOutDil": 150419000, "link": "https://www.sec.gov/Archives/edgar/data/25232/000002523223000003/0000025232-23-000003-index.htm", "finalLink": "https://www.sec.gov/Archives/edgar/data/25232/000002523223000003/cuz-20221231.htm", "calculatedOtherExpenses": 292045000, "calculatedOperatingExpenses": 320364000, "calculatedNetInterest": 0, "calculatedOtherIncome": -16110000, "calculatedIncomeNonControlling": 0, "calculatedEbitda": 479142000}, {"date": "2021-12-31", "symbol": "CUZ", "reportedCurrency": "USD", "cik": "0000025232", "fillingDate": "2022-02-03", "acceptedDate": "2022-02-03 16:42:32", "calendarYear": "2021", "period": "FY", "revenue": 755073000, "costOfRevenue": 259461000, "grossProfit": 495612000, "grossProfitRatio": 0.6563762709, "researchAndDevelopmentExpenses": 0, "generalAndAdministrativeExpenses": 29321000, "sellingAndMarketingExpenses": 0, "sellingGeneralAndAdministrativeExpenses": 29321000, "otherExpenses": 288092000, "operatingExpenses": 317413000, "costAndExpenses": 576874000, "interestIncome": 67027000, "interestExpense": 67027000, "depreciationAndAmortization": 288092000, "ebitda": 468485000, "ebitdaratio": 0.6204499433, "operatingIncome": 180393000, "operatingIncomeRatio": 0.2389080261, "totalOtherIncomeExpensesNet": 98603000, "incomeBeforeTax": 278996000, "incomeBeforeTaxRatio": 0.3694953998, "incomeTaxExpense": 69631000, "netIncome": 209365000, "netIncomeRatio": 0.2772778261, "eps": 1.41, "epsdiluted": 1.41, "weightedAverageShsOut": 148666000, "weightedAverageShsOutDil": 148891000, "link": "https://www.sec.gov/Archives/edgar/data/25232/000002523222000005/0000025232-22-000005-index.htm", "finalLink": "https://www.sec.gov/Archives/edgar/data/25232/000002523222000005/cuz-20211231.htm", "calculatedOtherExpenses": 285898000, "calculatedOperatingExpenses": 315219000, "calculatedNetInterest": 0, "calculatedOtherIncome": 98603000, "calculatedIncomeNonControlling": 0, "calculatedEbitda": 468485000}, {"date": "2020-12-31", "symbol": "CUZ", "reportedCurrency": "USD", "cik": "0000025232", "fillingDate": "2021-02-11", "acceptedDate": "2021-02-11 16:30:16", "calendarYear": "2020", "period": "FY", "revenue": 740340000, "costOfRevenue": 250850000, "grossProfit": 489490000, "grossProfitRatio": 0.6611691925, "researchAndDevelopmentExpenses": 0, "generalAndAdministrativeExpenses": 27034000, "sellingAndMarketingExpenses": 0, "sellingGeneralAndAdministrativeExpenses": 27034000, "otherExpenses": 288648000, "operatingExpenses": 315682000, "costAndExpenses": 566532000, "interestIncome": 60605000, "interestExpense": 60605000, "depreciationAndAmortization": 288648000, "ebitda": 466732000, "ebitdaratio": 0.6304292622, "operatingIncome": 178084000, "operatingIncomeRatio": 0.2405435341, "totalOtherIncomeExpensesNet": 60030000, "incomeBeforeTax": 238114000, "incomeBeforeTaxRatio": 0.3216279007, "incomeTaxExpense": 65717000, "netIncome": 172397000, "netIncomeRatio": 0.2328619283, "eps": 1.16, "epsdiluted": 1.16, "weightedAverageShsOut": 148277000, "weightedAverageShsOutDil": 148636000, "link": "https://www.sec.gov/Archives/edgar/data/25232/000002523221000008/0000025232-21-000008-index.htm", "finalLink": "https://www.sec.gov/Archives/edgar/data/25232/000002523221000008/cuz-20201231.htm", "calculatedOtherExpenses": 284372000, "calculatedOperatingExpenses": 311406000, "calculatedNetInterest": 0, "calculatedOtherIncome": 60030000, "calculatedIncomeNonControlling": 0, "calculatedEbitda": 466732000}, {"date": "2019-12-31", "symbol": "CUZ", "reportedCurrency": "USD", "cik": "0000025232", "fillingDate": "2020-02-05", "acceptedDate": "2020-02-05 17:06:59", "calendarYear": "2019", "period": "FY", "revenue": 657515000, "costOfRevenue": 222146000, "grossProfit": 435369000, "grossProfitRatio": 0.662143069, "researchAndDevelopmentExpenses": 0, "generalAndAdministrativeExpenses": 37007000, "sellingAndMarketingExpenses": 0, "sellingGeneralAndAdministrativeExpenses": 37007000, "otherExpenses": 257149000, "operatingExpenses": 294156000, "costAndExpenses": 516302000, "interestIncome": 53963000, "interestExpense": 53963000, "depreciationAndAmortization": 257149000, "ebitda": 393249000, "ebitdaratio": 0.5980836939, "operatingIncome": 136100000, "operatingIncomeRatio": 0.2069914755, "totalOtherIncomeExpensesNet": -106844000, "incomeBeforeTax": 29256000, "incomeBeforeTaxRatio": 0.0444948024, "incomeTaxExpense": -72312000, "netIncome": 101568000, "netIncomeRatio": 0.1544725215, "eps": 0.79, "epsdiluted": 0.78, "weightedAverageShsOut": 128060000, "weightedAverageShsOutDil": 129830999, "link": "https://www.sec.gov/Archives/edgar/data/25232/000002523220000004/0000025232-20-000004-index.htm", "finalLink": "https://www.sec.gov/Archives/edgar/data/25232/000002523220000004/form10-kdecember312019.htm", "calculatedOtherExpenses": 262262000, "calculatedOperatingExpenses": 299269000, "calculatedNetInterest": 0, "calculatedOtherIncome": -106844000, "calculatedIncomeNonControlling": 0, "calculatedEbitda": 393249000}, {"date": "2018-12-31", "symbol": "CUZ", "reportedCurrency": "USD", "cik": "0000025232", "fillingDate": "2019-02-06", "acceptedDate": "2019-02-06 16:17:17", "calendarYear": "2018", "period": "FY", "revenue": 475212000, "costOfRevenue": 164678000, "grossProfit": 310534000, "grossProfitRatio": 0.6534641381, "researchAndDevelopmentExpenses": 0, "generalAndAdministrativeExpenses": 22040000, "sellingAndMarketingExpenses": 0, "sellingGeneralAndAdministrativeExpenses": 22040000, "otherExpenses": -4338000, "operatingExpenses": 203422000, "costAndExpenses": 368100000, "interestIncome": 0, "interestExpense": 39430000, "depreciationAndAmortization": 181382000, "ebitda": 284156000, "ebitdaratio": 0.5979562806, "operatingIncome": 67682000, "operatingIncomeRatio": 0.1424248546, "totalOtherIncomeExpensesNet": -4578000, "incomeBeforeTax": 63104000, "incomeBeforeTaxRatio": 0.1327912595, "incomeTaxExpense": -16060000, "netIncome": 79164000, "netIncomeRatio": 0.1665867024, "eps": 0.75, "epsdiluted": 0.74, "weightedAverageShsOut": 105076250, "weightedAverageShsOutDil": 106868250, "link": "https://www.sec.gov/Archives/edgar/data/25232/000002523219000006/0000025232-19-000006-index.htm", "finalLink": "https://www.sec.gov/Archives/edgar/data/25232/000002523219000006/form10-kdecember312018.htm", "calculatedOtherExpenses": 220812000, "calculatedOperatingExpenses": 242852000, "calculatedNetInterest": -39430000, "calculatedOtherIncome": 34852000, "calculatedIncomeNonControlling": 0, "calculatedEbitda": 249064000}, {"date": "2017-12-31", "symbol": "CUZ", "reportedCurrency": "USD", "cik": "0000025232", "fillingDate": "2018-02-07", "acceptedDate": "2018-02-07 16:28:20", "calendarYear": "2017", "period": "FY", "revenue": 466185000, "costOfRevenue": 163882000, "grossProfit": 302303000, "grossProfitRatio": 0.6484614477, "researchAndDevelopmentExpenses": 0, "generalAndAdministrativeExpenses": 27523000, "sellingAndMarketingExpenses": 0, "sellingGeneralAndAdministrativeExpenses": 27523000, "otherExpenses": -5323000, "operatingExpenses": 224268000, "costAndExpenses": 388150000, "interestIncome": 0, "interestExpense": 33524000, "depreciationAndAmortization": 196745000, "ebitda": 269457000, "ebitdaratio": 0.5780044403, "operatingIncome": 78035000, "operatingIncomeRatio": 0.1673906282, "totalOtherIncomeExpensesNet": -4726000, "incomeBeforeTax": 39785000, "incomeBeforeTaxRatio": 0.0853416562, "incomeTaxExpense": -176490000, "netIncome": 216275000, "netIncomeRatio": 0.4639252657, "eps": 2.08, "epsdiluted": 2.08, "weightedAverageShsOut": 103902000, "weightedAverageShsOutDil": 105824000, "link": "https://www.sec.gov/Archives/edgar/data/25232/000002523218000007/0000025232-18-000007-index.htm", "finalLink": "https://www.sec.gov/Archives/edgar/data/25232/000002523218000007/form10-kdecember312017.htm", "calculatedOtherExpenses": 196745000, "calculatedOperatingExpenses": 224268000, "calculatedNetInterest": -33524000, "calculatedOtherIncome": -4726000, "calculatedIncomeNonControlling": 0, "calculatedEbitda": 274780000}, {"date": "2016-12-31", "symbol": "CUZ", "reportedCurrency": "USD", "cik": "0000025232", "fillingDate": "2017-02-21", "acceptedDate": "2017-02-21 06:07:03", "calendarYear": "2016", "period": "FY", "revenue": 259211000, "costOfRevenue": 96908000, "grossProfit": 162303000, "grossProfitRatio": 0.6261424091, "researchAndDevelopmentExpenses": 0, "generalAndAdministrativeExpenses": 25592000, "sellingAndMarketingExpenses": 0, "sellingGeneralAndAdministrativeExpenses": 25592000, "otherExpenses": -9147000, "operatingExpenses": 123540000, "costAndExpenses": 220448000, "interestIncome": 0, "interestExpense": 26650000, "depreciationAndAmortization": 97948000, "ebitda": 127564000, "ebitdaratio": 0.4921241768, "operatingIncome": 38763000, "operatingIncomeRatio": 0.1495422648, "totalOtherIncomeExpensesNet": -38848000, "incomeBeforeTax": -26735000, "incomeBeforeTaxRatio": -0.103139913, "incomeTaxExpense": -105844000, "netIncome": 79109000, "netIncomeRatio": 0.3051915235, "eps": 1.24, "epsdiluted": 1.24, "weightedAverageShsOut": 63473750, "weightedAverageShsOutDil": 64005750, "link": "https://www.sec.gov/Archives/edgar/data/25232/000002523217000006/0000025232-17-000006-index.htm", "finalLink": "https://www.sec.gov/Archives/edgar/data/25232/000002523217000006/form10-kdecember3120164q16.htm", "calculatedOtherExpenses": 97948000, "calculatedOperatingExpenses": 123540000, "calculatedNetInterest": -26650000, "calculatedOtherIncome": -38848000, "calculatedIncomeNonControlling": 0, "calculatedEbitda": 136711000}, {"date": "2015-12-31", "symbol": "CUZ", "reportedCurrency": "USD", "cik": "0000025232", "fillingDate": "2016-02-10", "acceptedDate": "2016-02-10 16:23:04", "calendarYear": "2015", "period": "FY", "revenue": 381643000, "costOfRevenue": 156157000, "grossProfit": 225486000, "grossProfitRatio": 0.5908296497, "researchAndDevelopmentExpenses": 0, "generalAndAdministrativeExpenses": 17099000, "sellingAndMarketingExpenses": 0, "sellingGeneralAndAdministrativeExpenses": 17099000, "otherExpenses": -4430000, "operatingExpenses": 152515000, "costAndExpenses": 308672000, "interestIncome": 0, "interestExpense": 30723000, "depreciationAndAmortization": 135462000, "ebitda": 204003000, "ebitdaratio": 0.5345388229, "operatingIncome": 72971000, "operatingIncomeRatio": 0.1912022492, "totalOtherIncomeExpensesNet": -4729000, "incomeBeforeTax": 37519000, "incomeBeforeTaxRatio": 0.0983091528, "incomeTaxExpense": -87999000, "netIncome": 125518000, "netIncomeRatio": 0.3288885162, "eps": 2.32, "epsdiluted": 2.32, "weightedAverageShsOut": 53956750, "weightedAverageShsOutDil": 53994750, "link": "https://www.sec.gov/Archives/edgar/data/25232/000002523216000046/0000025232-16-000046-index.htm", "finalLink": "https://www.sec.gov/Archives/edgar/data/25232/000002523216000046/form10-kdecember312015.htm", "calculatedOtherExpenses": 135416000, "calculatedOperatingExpenses": 152515000, "calculatedNetInterest": -30723000, "calculatedOtherIncome": -4729000, "calculatedIncomeNonControlling": 0, "calculatedEbitda": 208433000}, {"date": "2014-12-31", "symbol": "CUZ", "reportedCurrency": "USD", "cik": "0000025232", "fillingDate": "2015-02-12", "acceptedDate": "2015-02-12 16:50:04", "calendarYear": "2014", "period": "FY", "revenue": 361383000, "costOfRevenue": 155934000, "grossProfit": 205449000, "grossProfitRatio": 0.5685076498, "researchAndDevelopmentExpenses": 0, "generalAndAdministrativeExpenses": 19784000, "sellingAndMarketingExpenses": 0, "sellingGeneralAndAdministrativeExpenses": 19784000, "otherExpenses": -7196000, "operatingExpenses": 159802000, "costAndExpenses": 315736000, "interestIncome": 0, "interestExpense": 29110000, "depreciationAndAmortization": 141022000, "ebitda": 179473000, "ebitdaratio": 0.496628231, "operatingIncome": 45647000, "operatingIncomeRatio": 0.1263119737, "totalOtherIncomeExpensesNet": -8511000, "incomeBeforeTax": 8026000, "incomeBeforeTaxRatio": 0.0222091244, "incomeTaxExpense": -20000, "netIncome": 52004000, "netIncomeRatio": 0.1439027292, "eps": 0.88, "epsdiluted": 0.88, "weightedAverageShsOut": 51054000, "weightedAverageShsOutDil": 51115000, "link": "https://www.sec.gov/Archives/edgar/data/25232/000002523215000006/0000025232-15-000006-index.htm", "finalLink": "https://www.sec.gov/Archives/edgar/data/25232/000002523215000006/form10-kdecember312014.htm", "calculatedOtherExpenses": 140018000, "calculatedOperatingExpenses": 159802000, "calculatedNetInterest": -29110000, "calculatedOtherIncome": -8511000, "calculatedIncomeNonControlling": -43958000, "calculatedEbitda": 186669000}, {"date": "2013-12-31", "symbol": "CUZ", "reportedCurrency": "USD", "cik": "0000025232", "fillingDate": "2014-02-13", "acceptedDate": "2014-02-13 16:54:08", "calendarYear": "2013", "period": "FY", "revenue": 210741000, "costOfRevenue": 90498000, "grossProfit": 120243000, "grossProfitRatio": 0.5705724088, "researchAndDevelopmentExpenses": 0, "generalAndAdministrativeExpenses": 21940000, "sellingAndMarketingExpenses": 0, "sellingGeneralAndAdministrativeExpenses": 21940000, "otherExpenses": -8908000, "operatingExpenses": 98217000, "costAndExpenses": 188715000, "interestIncome": 0, "interestExpense": 21709000, "depreciationAndAmortization": 76277000, "ebitda": 89395000, "ebitdaratio": 0.4241936785, "operatingIncome": 22026000, "operatingIncomeRatio": 0.1045169189, "totalOtherIncomeExpensesNet": -16912000, "incomeBeforeTax": -16595000, "incomeBeforeTaxRatio": -0.0787459488, "incomeTaxExpense": -23000, "netIncome": 121761000, "netIncomeRatio": 0.5777755634, "eps": 3.04, "epsdiluted": 3.04, "weightedAverageShsOut": 36063750, "weightedAverageShsOutDil": 36105000, "link": "https://www.sec.gov/Archives/edgar/data/25232/000002523214000004/0000025232-14-000004-index.htm", "finalLink": "https://www.sec.gov/Archives/edgar/data/25232/000002523214000004/form10-kdecember312013.htm", "calculatedOtherExpenses": 76277000, "calculatedOperatingExpenses": 98217000, "calculatedNetInterest": -21709000, "calculatedOtherIncome": -16912000, "calculatedIncomeNonControlling": -138333000, "calculatedEbitda": 98303000}, {"date": "2012-12-31", "symbol": "CUZ", "reportedCurrency": "USD", "cik": "0000025232", "fillingDate": "2013-02-13", "acceptedDate": "2013-02-13 17:25:47", "calendarYear": "2012", "period": "FY", "revenue": 148278000, "costOfRevenue": 56351000, "grossProfit": 91927000, "grossProfitRatio": 0.6199638517, "researchAndDevelopmentExpenses": 0, "generalAndAdministrativeExpenses": 23208000, "sellingAndMarketingExpenses": 0, "sellingGeneralAndAdministrativeExpenses": 23208000, "otherExpenses": -11167000, "operatingExpenses": 66767000, "costAndExpenses": 123118000, "interestIncome": 0, "interestExpense": 23933000, "depreciationAndAmortization": 52439000, "ebitda": 66432000, "ebitdaratio": 0.4480233076, "operatingIncome": 25160000, "operatingIncomeRatio": 0.1696812744, "totalOtherIncomeExpensesNet": -13734000, "incomeBeforeTax": -12507000, "incomeBeforeTaxRatio": -0.0843483187, "incomeTaxExpense": 91000, "netIncome": 45728000, "netIncomeRatio": 0.3083936929, "eps": 1.28, "epsdiluted": 1.28, "weightedAverageShsOut": 26029250, "weightedAverageShsOutDil": 26031250, "link": "https://www.sec.gov/Archives/edgar/data/25232/000002523213000004/0000025232-13-000004-index.htm", "finalLink": "https://www.sec.gov/Archives/edgar/data/25232/000002523213000004/form10-kdecember312012.htm", "calculatedOtherExpenses": 43559000, "calculatedOperatingExpenses": 66767000, "calculatedNetInterest": -23933000, "calculatedOtherIncome": -13734000, "calculatedIncomeNonControlling": -58326000, "calculatedEbitda": 77599000}, {"date": "2011-12-31", "symbol": "CUZ", "reportedCurrency": "USD", "cik": "0000025232", "fillingDate": "2012-02-21", "acceptedDate": "2012-02-21 16:44:58", "calendarYear": "2011", "period": "FY", "revenue": 178464000, "costOfRevenue": 77881000, "grossProfit": 100583000, "grossProfitRatio": 0.5636038641, "researchAndDevelopmentExpenses": 0, "generalAndAdministrativeExpenses": 26198000, "sellingAndMarketingExpenses": 4373000, "sellingGeneralAndAdministrativeExpenses": 30571000, "otherExpenses": 50174000, "operatingExpenses": 80745000, "costAndExpenses": 158626000, "interestIncome": 0, "interestExpense": 27784000, "depreciationAndAmortization": 54061000, "ebitda": 73899000, "ebitdaratio": 0.4140835126, "operatingIncome": 19838000, "operatingIncomeRatio": 0.1111596737, "totalOtherIncomeExpensesNet": -108779000, "incomeBeforeTax": -116725000, "incomeBeforeTaxRatio": -0.6540534786, "incomeTaxExpense": -186000, "netIncome": -128425000, "netIncomeRatio": -0.7196129191, "eps": -4.96, "epsdiluted": -4.96, "weightedAverageShsOut": 25912750, "weightedAverageShsOutDil": 25912750, "link": "https://www.sec.gov/Archives/edgar/data/25232/000119312512070500/0001193125-12-070500-index.htm", "finalLink": "https://www.sec.gov/Archives/edgar/data/25232/000119312512070500/d282110d10k.htm", "calculatedOtherExpenses": 50174000, "calculatedOperatingExpenses": 80745000, "calculatedNetInterest": -27784000, "calculatedOtherIncome": -108779000, "calculatedIncomeNonControlling": 11886000, "calculatedEbitda": 73899000}, {"date": "2010-12-31", "symbol": "CUZ", "reportedCurrency": "USD", "cik": "0000025232", "fillingDate": "2011-02-28", "acceptedDate": "2011-02-28 14:06:58", "calendarYear": "2010", "period": "FY", "revenue": 228506000, "costOfRevenue": 96689000, "grossProfit": 131817000, "grossProfitRatio": 0.5768645025, "researchAndDevelopmentExpenses": 0, "generalAndAdministrativeExpenses": 57668000, "sellingAndMarketingExpenses": -5170000, "sellingGeneralAndAdministrativeExpenses": 52498000, "otherExpenses": 59111000, "operatingExpenses": 116779000, "costAndExpenses": 213468000, "interestIncome": 0, "interestExpense": 37180000, "depreciationAndAmortization": 59111000, "ebitda": 74149000, "ebitdaratio": 0.3244947616, "operatingIncome": 20208000, "operatingIncomeRatio": 0.0884353146, "totalOtherIncomeExpensesNet": -12381000, "incomeBeforeTax": -34523000, "incomeBeforeTaxRatio": -0.151081372, "incomeTaxExpense": -1079000, "netIncome": -14573000, "netIncomeRatio": -0.0637751306, "eps": -0.57, "epsdiluted": -0.57, "weightedAverageShsOut": 25360000, "weightedAverageShsOutDil": 25360000, "link": "https://www.sec.gov/Archives/edgar/data/25232/000095012311019590/0000950123-11-019590-index.htm", "finalLink": "https://www.sec.gov/Archives/edgar/data/25232/000095012311019590/g26200e10vk.htm", "calculatedOtherExpenses": 59111000, "calculatedOperatingExpenses": 111609000, "calculatedNetInterest": -37180000, "calculatedOtherIncome": -17551000, "calculatedIncomeNonControlling": -18871000, "calculatedEbitda": 79319000}, {"date": "2009-12-31", "symbol": "CUZ", "reportedCurrency": "USD", "cik": "0000025232", "fillingDate": "2010-02-26", "acceptedDate": "2010-02-26 10:48:00", "calendarYear": "2009", "period": "FY", "revenue": 224882000, "costOfRevenue": 66565000, "grossProfit": 158317000, "grossProfitRatio": 0.7040003202, "researchAndDevelopmentExpenses": 0, "generalAndAdministrativeExpenses": 33948000, "sellingAndMarketingExpenses": 49415000, "sellingGeneralAndAdministrativeExpenses": 83363000, "otherExpenses": 59244000, "operatingExpenses": 152339000, "costAndExpenses": 218904000, "interestIncome": 3025000, "interestExpense": 41393000, "depreciationAndAmortization": 55833000, "ebitda": 71543000, "ebitdaratio": 0.3181357334, "operatingIncome": 15710000, "operatingIncomeRatio": 0.0698588593, "totalOtherIncomeExpensesNet": -40512000, "incomeBeforeTax": -66195000, "incomeBeforeTaxRatio": -0.2943543725, "incomeTaxExpense": 4341000, "netIncome": 27295000, "netIncomeRatio": 0.1213747654, "eps": 0.88, "epsdiluted": 0.88, "weightedAverageShsOut": 16373750, "weightedAverageShsOutDil": 16373750, "link": "https://www.sec.gov/Archives/edgar/data/25232/000095012310017665/0000950123-10-017665-index.htm", "finalLink": "https://www.sec.gov/Archives/edgar/data/25232/000095012310017665/g22172e10vk.htm", "calculatedOtherExpenses": 59244000, "calculatedOperatingExpenses": 142607000, "calculatedNetInterest": -38368000, "calculatedOtherIncome": -43537000, "calculatedIncomeNonControlling": -97831000, "calculatedEbitda": 71543000}, {"date": "2008-12-31", "symbol": "CUZ", "reportedCurrency": "USD", "cik": "0000025232", "fillingDate": "2009-02-27", "acceptedDate": "2009-02-27 16:20:36", "calendarYear": "2008", "period": "FY", "revenue": 214651000, "costOfRevenue": 67713000, "grossProfit": 146938000, "grossProfitRatio": 0.6845437478, "researchAndDevelopmentExpenses": 0, "generalAndAdministrativeExpenses": 42174000, "sellingAndMarketingExpenses": 0, "sellingGeneralAndAdministrativeExpenses": 42174000, "otherExpenses": 58974000, "operatingExpenses": 95099000, "costAndExpenses": 95099000, "interestIncome": 4158000, "interestExpense": 33151000, "depreciationAndAmortization": 52925000, "ebitda": 172477000, "ebitdaratio": 0.8035229279, "operatingIncome": 29511000, "operatingIncomeRatio": 0.1374836362, "totalOtherIncomeExpensesNet": -2100000, "incomeBeforeTax": -5740000, "incomeBeforeTaxRatio": -0.026741082, "incomeTaxExpense": -8770000, "netIncome": 22547000, "netIncomeRatio": 0.1050402747, "eps": 0.6, "epsdiluted": 0.6, "weightedAverageShsOut": 12800500, "weightedAverageShsOutDil": 12905250, "link": "https://www.sec.gov/Archives/edgar/data/25232/000095014409001718/0000950144-09-001718-index.htm", "finalLink": "https://www.sec.gov/Archives/edgar/data/25232/000095014409001718/g17766e10vk.htm", "calculatedOtherExpenses": 75253000, "calculatedOperatingExpenses": 117427000, "calculatedNetInterest": -28993000, "calculatedOtherIncome": -6258000, "calculatedIncomeNonControlling": -19517000, "calculatedEbitda": 82436000}, {"date": "2007-12-31", "symbol": "CUZ", "reportedCurrency": "USD", "cik": "0000025232", "fillingDate": "2008-02-26", "acceptedDate": "2008-02-26 17:29:38", "calendarYear": "2007", "period": "FY", "revenue": 165381000, "costOfRevenue": 7685000, "grossProfit": 157696000, "grossProfitRatio": 0.9535315423, "researchAndDevelopmentExpenses": 0, "generalAndAdministrativeExpenses": 57810000, "sellingAndMarketingExpenses": 0, "sellingGeneralAndAdministrativeExpenses": 57810000, "otherExpenses": 98639000, "operatingExpenses": 156449000, "costAndExpenses": 156449000, "interestIncome": 0, "interestExpense": 8816000, "depreciationAndAmortization": 40642000, "ebitda": 49574000, "ebitdaratio": 0.2997563203, "operatingIncome": -156449000, "operatingIncomeRatio": -0.9459913775, "totalOtherIncomeExpensesNet": 116000, "incomeBeforeTax": 116000, "incomeBeforeTaxRatio": 0.0007014107, "incomeTaxExpense": -4423000, "netIncome": 32922000, "netIncomeRatio": 0.1990676075, "eps": 1.36, "epsdiluted": 1.32, "weightedAverageShsOut": 12926250, "weightedAverageShsOutDil": 13233000, "link": "https://www.sec.gov/Archives/edgar/data/25232/000095014408001400/0000950144-08-001400-index.htm", "finalLink": "https://www.sec.gov/Archives/edgar/data/25232/000095014408001400/g11894e10vk.htm", "calculatedOtherExpenses": 256335000, "calculatedOperatingExpenses": 314145000, "calculatedNetInterest": -8816000, "calculatedOtherIncome": 165381000, "calculatedIncomeNonControlling": -28383000, "calculatedEbitda": -115807000}, {"date": "2006-12-31", "symbol": "CUZ", "reportedCurrency": "USD", "cik": "0000025232", "fillingDate": "2007-02-28", "acceptedDate": "2007-02-28 14:13:42", "calendarYear": "2006", "period": "FY", "revenue": 169861000, "costOfRevenue": 32154000, "grossProfit": 137707000, "grossProfitRatio": 0.8107040462, "researchAndDevelopmentExpenses": 0, "generalAndAdministrativeExpenses": 58592000, "sellingAndMarketingExpenses": 0, "sellingGeneralAndAdministrativeExpenses": 58592000, "otherExpenses": 121688000, "operatingExpenses": 180280000, "costAndExpenses": 180280000, "interestIncome": 0, "interestExpense": 11119000, "depreciationAndAmortization": 43690000, "ebitda": 33271000, "ebitdaratio": 0.1958719188, "operatingIncome": -180280000, "operatingIncomeRatio": -1.0613383884, "totalOtherIncomeExpensesNet": -21538000, "incomeBeforeTax": -21538000, "incomeBeforeTaxRatio": -0.1267977935, "incomeTaxExpense": -4193000, "netIncome": 232691000, "netIncomeRatio": 1.3698906753, "eps": 17.16, "epsdiluted": 16.56, "weightedAverageShsOut": 12663750, "weightedAverageShsOutDil": 13128250, "link": "https://www.sec.gov/Archives/edgar/data/25232/000095014407001708/0000950144-07-001708-index.htm", "finalLink": "https://www.sec.gov/Archives/edgar/data/25232/000095014407001708/g05656e10vk.htm", "calculatedOtherExpenses": 259395000, "calculatedOperatingExpenses": 317987000, "calculatedNetInterest": -11119000, "calculatedOtherIncome": 169861000, "calculatedIncomeNonControlling": -250036000, "calculatedEbitda": -136590000}, {"date": "2005-12-31", "symbol": "CUZ", "reportedCurrency": "USD", "cik": "0000025232", "fillingDate": "2006-03-14", "acceptedDate": "2006-03-14 15:33:44", "calendarYear": "2005", "period": "FY", "revenue": 155736000, "costOfRevenue": 25809000, "grossProfit": 129927000, "grossProfitRatio": 0.8342772384, "researchAndDevelopmentExpenses": 0, "generalAndAdministrativeExpenses": 40703000, "sellingAndMarketingExpenses": 0, "sellingGeneralAndAdministrativeExpenses": 40703000, "otherExpenses": 103654000, "operatingExpenses": 144357000, "costAndExpenses": 144357000, "interestIncome": 0, "interestExpense": 9094000, "depreciationAndAmortization": 39718000, "ebitda": 51097000, "ebitdaratio": 0.3281001181, "operatingIncome": -144357000, "operatingIncomeRatio": -0.9269340422, "totalOtherIncomeExpensesNet": 2285000, "incomeBeforeTax": 2285000, "incomeBeforeTaxRatio": 0.0146722659, "incomeTaxExpense": -7756000, "netIncome": 49741000, "netIncomeRatio": 0.3193930755, "eps": 2.76, "epsdiluted": 2.68, "weightedAverageShsOut": 12497250, "weightedAverageShsOutDil": 12936750, "link": "https://www.sec.gov/Archives/edgar/data/25232/000095014406002214/0000950144-06-002214-index.htm", "finalLink": "https://www.sec.gov/Archives/edgar/data/25232/000095014406002214/g00095e10vk.htm", "calculatedOtherExpenses": 233581000, "calculatedOperatingExpenses": 274284000, "calculatedNetInterest": -9094000, "calculatedOtherIncome": 155736000, "calculatedIncomeNonControlling": -39700000, "calculatedEbitda": -104639000}, {"date": "2004-12-31", "symbol": "CUZ", "reportedCurrency": "USD", "cik": "0000025232", "fillingDate": "2005-03-24", "acceptedDate": "2005-03-23 18:53:57", "calendarYear": "2004", "period": "FY", "revenue": 136807000, "costOfRevenue": 12007000, "grossProfit": 124800000, "grossProfitRatio": 0.9122340231, "researchAndDevelopmentExpenses": 0, "generalAndAdministrativeExpenses": 33702000, "sellingAndMarketingExpenses": 0, "sellingGeneralAndAdministrativeExpenses": 33702000, "otherExpenses": 86417000, "operatingExpenses": 120119000, "costAndExpenses": 120119000, "interestIncome": 0, "interestExpense": 14623000, "depreciationAndAmortization": 37231000, "ebitda": 53919000, "ebitdaratio": 0.3941245696, "operatingIncome": -120119000, "operatingIncomeRatio": -0.8780179377, "totalOtherIncomeExpensesNet": 2065000, "incomeBeforeTax": 2065000, "incomeBeforeTaxRatio": 0.0150942569, "incomeTaxExpense": -2744000, "netIncome": 407784000, "netIncomeRatio": 2.9807246705, "eps": 32.64, "epsdiluted": 31.36, "weightedAverageShsOut": 12251250, "weightedAverageShsOutDil": 12754000, "link": "https://www.sec.gov/Archives/edgar/data/25232/000095014405003010/0000950144-05-003010-index.htm", "finalLink": "https://www.sec.gov/Archives/edgar/data/25232/000095014405003010/g92428e10vk.htm", "calculatedOtherExpenses": 211217000, "calculatedOperatingExpenses": 244919000, "calculatedNetInterest": -14623000, "calculatedOtherIncome": 136807000, "calculatedIncomeNonControlling": -402975000, "calculatedEbitda": -82888000}, {"date": "2003-12-31", "symbol": "CUZ", "reportedCurrency": "USD", "cik": "0000025232", "fillingDate": "2004-03-12", "acceptedDate": "2004-03-12 10:53:35", "calendarYear": "2003", "period": "FY", "revenue": 189603000, "costOfRevenue": 10022000, "grossProfit": 179581000, "grossProfitRatio": 0.9471421866, "researchAndDevelopmentExpenses": 0, "generalAndAdministrativeExpenses": 29606000, "sellingAndMarketingExpenses": 0, "sellingGeneralAndAdministrativeExpenses": 29606000, "otherExpenses": 110655000, "operatingExpenses": 140261000, "costAndExpenses": 140261000, "interestIncome": 0, "interestExpense": 22576000, "depreciationAndAmortization": 52899000, "ebitda": 77622000, "ebitdaratio": 0.4093922565, "operatingIncome": -140261000, "operatingIncomeRatio": -0.7397615017, "totalOtherIncomeExpensesNet": 24619000, "incomeBeforeTax": 43262000, "incomeBeforeTaxRatio": 0.2281714952, "incomeTaxExpense": -2596000, "netIncome": 242161000, "netIncomeRatio": 1.2772002553, "eps": 19.76, "epsdiluted": 19.32, "weightedAverageShsOut": 12208750, "weightedAverageShsOutDil": 12360404, "link": "https://www.sec.gov/Archives/edgar/data/25232/000095014404002365/0000950144-04-002365-index.htm", "finalLink": "https://www.sec.gov/Archives/edgar/data/25232/000095014404002365/g87647e10vk.htm", "calculatedOtherExpenses": 290236000, "calculatedOperatingExpenses": 319842000, "calculatedNetInterest": -22576000, "calculatedOtherIncome": 206099000, "calculatedIncomeNonControlling": -196303000, "calculatedEbitda": -87362000}, {"date": "2002-12-31", "symbol": "CUZ", "reportedCurrency": "USD", "cik": "0000025232", "fillingDate": "2003-03-25", "acceptedDate": "2003-03-25 09:30:31", "calendarYear": "2002", "period": "FY", "revenue": 199800000, "costOfRevenue": 0, "grossProfit": 199800000, "grossProfitRatio": 1, "researchAndDevelopmentExpenses": 0, "generalAndAdministrativeExpenses": 27670000, "sellingAndMarketingExpenses": 0, "sellingGeneralAndAdministrativeExpenses": 27670000, "otherExpenses": 116133000, "operatingExpenses": 143803000, "costAndExpenses": 143803000, "interestIncome": 0, "interestExpense": 0, "depreciationAndAmortization": 54839000, "ebitda": 84166000, "ebitdaratio": 0.4212512513, "operatingIncome": -143803000, "operatingIncomeRatio": -0.7197347347, "totalOtherIncomeExpensesNet": 26670000, "incomeBeforeTax": 45244000, "incomeBeforeTaxRatio": 0.2264464464, "incomeTaxExpense": -1526000, "netIncome": 47872000, "netIncomeRatio": 0.2395995996, "eps": 3.88, "epsdiluted": 3.84, "weightedAverageShsOut": 12338144, "weightedAverageShsOutDil": 12466667, "link": "https://www.sec.gov/Archives/edgar/data/25232/000002523203000011/0000025232-03-000011-index.htm", "finalLink": "https://www.sec.gov/Archives/edgar/data/25232/000002523203000011/fm10k02.txt", "calculatedOtherExpenses": 315933000, "calculatedOperatingExpenses": 343603000, "calculatedNetInterest": 0, "calculatedOtherIncome": 189047000, "calculatedIncomeNonControlling": -1102000, "calculatedEbitda": -88964000}, {"date": "2001-12-31", "symbol": "CUZ", "reportedCurrency": "USD", "cik": "0000025232", "fillingDate": "2002-03-27", "acceptedDate": "2002-03-27 00:00:00", "calendarYear": "2001", "period": "FY", "revenue": 177701000, "costOfRevenue": 0, "grossProfit": 177701000, "grossProfitRatio": 1, "researchAndDevelopmentExpenses": 0, "generalAndAdministrativeExpenses": 27010000, "sellingAndMarketingExpenses": 0, "sellingGeneralAndAdministrativeExpenses": 27010000, "otherExpenses": 99214000, "operatingExpenses": 126224000, "costAndExpenses": 126224000, "interestIncome": 0, "interestExpense": 0, "depreciationAndAmortization": 45575000, "ebitda": 74155000, "ebitdaratio": 0.4173020973, "operatingIncome": -126224000, "operatingIncomeRatio": -0.7103167681, "totalOtherIncomeExpensesNet": 22897000, "incomeBeforeTax": 46764000, "incomeBeforeTaxRatio": 0.2631611527, "incomeTaxExpense": -555000, "netIncome": 70815000, "netIncomeRatio": 0.39850648, "eps": 5.76, "epsdiluted": 5.64, "weightedAverageShsOut": 12294271, "weightedAverageShsOutDil": 12555851, "link": "https://www.sec.gov/Archives/edgar/data/25232/000002523202000004/0000025232-02-000004-index.htm", "finalLink": "https://www.sec.gov/Archives/edgar/data/25232/000002523202000004/fm10k01.txt", "calculatedOtherExpenses": 276915000, "calculatedOperatingExpenses": 303925000, "calculatedNetInterest": 0, "calculatedOtherIncome": 172988000, "calculatedIncomeNonControlling": -23496000, "calculatedEbitda": -80649000}, {"date": "2000-12-31", "symbol": "CUZ", "reportedCurrency": "USD", "cik": "0000025232", "fillingDate": "2001-03-27", "acceptedDate": "2001-03-27 00:00:00", "calendarYear": "2000", "period": "FY", "revenue": 144632000, "costOfRevenue": 0, "grossProfit": 144632000, "grossProfitRatio": 1, "researchAndDevelopmentExpenses": 0, "generalAndAdministrativeExpenses": 18452000, "sellingAndMarketingExpenses": 0, "sellingGeneralAndAdministrativeExpenses": 18452000, "otherExpenses": 82478000, "operatingExpenses": 100930000, "costAndExpenses": 100930000, "interestIncome": 0, "interestExpense": 0, "depreciationAndAmortization": 31522000, "ebitda": 57034000, "ebitdaratio": 0.3943387355, "operatingIncome": -100930000, "operatingIncomeRatio": -0.6978400354, "totalOtherIncomeExpensesNet": 19452000, "incomeBeforeTax": 49558000, "incomeBeforeTaxRatio": 0.3426489297, "incomeTaxExpense": -1114000, "netIncome": 62043000, "netIncomeRatio": 0.4289714586, "eps": 5.12, "epsdiluted": 5, "weightedAverageShsOut": 12117773, "weightedAverageShsOutDil": 12408600, "link": "https://www.sec.gov/Archives/edgar/data/25232/000002523201000008/0000025232-01-000008-index.htm", "finalLink": "https://www.sec.gov/Archives/edgar/data/25232/000002523201000008/0000025232-01-000008-0001.txt", "calculatedOtherExpenses": 227110000, "calculatedOperatingExpenses": 245562000, "calculatedNetInterest": 0, "calculatedOtherIncome": 150488000, "calculatedIncomeNonControlling": -11371000, "calculatedEbitda": -69408000}, {"date": "1999-12-31", "symbol": "CUZ", "reportedCurrency": "USD", "cik": "0000025232", "fillingDate": "2000-03-30", "acceptedDate": "2000-03-30 00:00:00", "calendarYear": "1999", "period": "FY", "revenue": 97824000, "costOfRevenue": 0, "grossProfit": 97824000, "grossProfitRatio": 1, "researchAndDevelopmentExpenses": 0, "generalAndAdministrativeExpenses": 14961000, "sellingAndMarketingExpenses": 0, "sellingGeneralAndAdministrativeExpenses": 14961000, "otherExpenses": 54143000, "operatingExpenses": 69104000, "costAndExpenses": 69104000, "interestIncome": 0, "interestExpense": 0, "depreciationAndAmortization": 16658000, "ebitda": 25942000, "ebitdaratio": 0.2651905463, "operatingIncome": -69104000, "operatingIncomeRatio": -0.7064115146, "totalOtherIncomeExpensesNet": 19637000, "incomeBeforeTax": 47757000, "incomeBeforeTaxRatio": 0.4881930815, "incomeTaxExpense": -2442000, "netIncome": 104082000, "netIncomeRatio": 1.0639720314, "eps": 8.64, "epsdiluted": 8.48, "weightedAverageShsOut": 12034500, "weightedAverageShsOutDil": 12257750, "link": "https://www.sec.gov/Archives/edgar/data/25232/000002523200000007/0000025232-00-000007-index.html", "finalLink": "https://www.sec.gov/Archives/edgar/data/25232/000002523200000007/", "calculatedOtherExpenses": 151967000, "calculatedOperatingExpenses": 166928000, "calculatedNetInterest": 0, "calculatedOtherIncome": 116861000, "calculatedIncomeNonControlling": -53883000, "calculatedEbitda": -52446000}, {"date": "1998-12-31", "symbol": "CUZ", "reportedCurrency": "USD", "cik": "0000025232", "fillingDate": "1999-03-29", "acceptedDate": "1999-03-29 00:00:00", "calendarYear": "1998", "period": "FY", "revenue": 98311000, "costOfRevenue": 0, "grossProfit": 98311000, "grossProfitRatio": 1, "researchAndDevelopmentExpenses": 0, "generalAndAdministrativeExpenses": 13087000, "sellingAndMarketingExpenses": 0, "sellingGeneralAndAdministrativeExpenses": 13087000, "otherExpenses": 50882000, "operatingExpenses": 63969000, "costAndExpenses": 63969000, "interestIncome": 0, "interestExpense": 0, "depreciationAndAmortization": 15173000, "ebitda": 31092000, "ebitdaratio": 0.3162616594, "operatingIncome": -63969000, "operatingIncomeRatio": -0.6506799849, "totalOtherIncomeExpensesNet": 18423000, "incomeBeforeTax": 41207000, "incomeBeforeTaxRatio": 0.4191494339, "incomeTaxExpense": -148000, "netIncome": 45299000, "netIncomeRatio": 0.4607724466, "eps": 3.81, "epsdiluted": 3.76, "weightedAverageShsOut": 11850750, "weightedAverageShsOutDil": 12015000, "link": "https://www.sec.gov/Archives/edgar/data/25232/000002523299000006/0000025232-99-000006-index.html", "finalLink": "https://www.sec.gov/Archives/edgar/data/25232/", "calculatedOtherExpenses": 149193000, "calculatedOperatingExpenses": 162280000, "calculatedNetInterest": 0, "calculatedOtherIncome": 105176000, "calculatedIncomeNonControlling": -3944000, "calculatedEbitda": -48796000}, {"date": "1997-12-31", "symbol": "CUZ", "reportedCurrency": "USD", "cik": "0000025232", "fillingDate": "1998-03-27", "acceptedDate": "1998-03-27 00:00:00", "calendarYear": "1997", "period": "FY", "revenue": 85999000, "costOfRevenue": 0, "grossProfit": 85999000, "grossProfitRatio": 1, "researchAndDevelopmentExpenses": 0, "generalAndAdministrativeExpenses": 12717000, "sellingAndMarketingExpenses": 0, "sellingGeneralAndAdministrativeExpenses": 12717000, "otherExpenses": 44839000, "operatingExpenses": 57556000, "costAndExpenses": 57556000, "interestIncome": 0, "interestExpense": 0, "depreciationAndAmortization": 14046000, "ebitda": 27028000, "ebitdaratio": 0.3142827242, "operatingIncome": -57556000, "operatingIncomeRatio": -0.6692635961, "totalOtherIncomeExpensesNet": 15461000, "incomeBeforeTax": 29778000, "incomeBeforeTaxRatio": 0.3462598402, "incomeTaxExpense": -1527000, "netIncome": 37277000, "netIncomeRatio": 0.4334585286, "eps": 3.4, "epsdiluted": 3.36, "weightedAverageShsOut": 10970588, "weightedAverageShsOutDil": 11101190, "link": "https://www.sec.gov/Archives/edgar/data/25232/000002523298000007/0000025232-98-000007-index.html", "finalLink": "https://www.sec.gov/Archives/edgar/data/25232/", "calculatedOtherExpenses": 130838000, "calculatedOperatingExpenses": 143555000, "calculatedNetInterest": 0, "calculatedOtherIncome": 87334000, "calculatedIncomeNonControlling": -5972000, "calculatedEbitda": -43510000}, {"date": "1996-12-31", "symbol": "CUZ", "reportedCurrency": "USD", "cik": "0000025232", "fillingDate": "1997-03-25", "acceptedDate": "1997-03-25 00:00:00", "calendarYear": "1996", "period": "FY", "revenue": 58532000, "costOfRevenue": 0, "grossProfit": 58532000, "grossProfitRatio": 1, "researchAndDevelopmentExpenses": 0, "generalAndAdministrativeExpenses": 9080000, "sellingAndMarketingExpenses": 0, "sellingGeneralAndAdministrativeExpenses": 9080000, "otherExpenses": 33601000, "operatingExpenses": 42681000, "costAndExpenses": 42681000, "interestIncome": 0, "interestExpense": 0, "depreciationAndAmortization": 7219000, "ebitda": 5866000, "ebitdaratio": 0.1002186838, "operatingIncome": -42681000, "operatingIncomeRatio": -0.72919087, "totalOtherIncomeExpensesNet": 17204000, "incomeBeforeTax": 26509000, "incomeBeforeTaxRatio": 0.4528975603, "incomeTaxExpense": -1703000, "netIncome": 41016000, "netIncomeRatio": 0.7007448917, "eps": 3.84, "epsdiluted": 3.8, "weightedAverageShsOut": 10677083, "weightedAverageShsOutDil": 10789474, "link": "https://www.sec.gov/Archives/edgar/data/25232/000002523297000010/0000025232-97-000010-index.html", "finalLink": "https://www.sec.gov/Archives/edgar/data/25232/", "calculatedOtherExpenses": 92133000, "calculatedOperatingExpenses": 101213000, "calculatedNetInterest": 0, "calculatedOtherIncome": 69190000, "calculatedIncomeNonControlling": -12804000, "calculatedEbitda": -35462000}, {"date": "1995-12-31", "symbol": "CUZ", "reportedCurrency": "USD", "cik": "0000025232", "fillingDate": "1996-04-01", "acceptedDate": "1996-04-01 00:00:00", "calendarYear": "1995", "period": "FY", "revenue": 41036000, "costOfRevenue": 0, "grossProfit": 41036000, "grossProfitRatio": 1, "researchAndDevelopmentExpenses": 0, "generalAndAdministrativeExpenses": 7648000, "sellingAndMarketingExpenses": 0, "sellingGeneralAndAdministrativeExpenses": 7648000, "otherExpenses": 21587000, "operatingExpenses": 29235000, "costAndExpenses": 29235000, "interestIncome": 0, "interestExpense": 0, "depreciationAndAmortization": 4340000, "ebitda": 2204000, "ebitdaratio": 0.0537089385, "operatingIncome": -29235000, "operatingIncomeRatio": -0.7124232381, "totalOtherIncomeExpensesNet": 14113000, "incomeBeforeTax": 25227000, "incomeBeforeTaxRatio": 0.6147528999, "incomeTaxExpense": -747000, "netIncome": 26342000, "netIncomeRatio": 0.6419241641, "eps": 2.51, "epsdiluted": 2.51, "weightedAverageShsOut": 10508777, "weightedAverageShsOutDil": 10508777, "link": "https://www.sec.gov/Archives/edgar/data/25232/000002523296000005/0000025232-96-000005-index.html", "finalLink": "https://www.sec.gov/Archives/edgar/data/25232/", "calculatedOtherExpenses": 62623000, "calculatedOperatingExpenses": 70271000, "calculatedNetInterest": 0, "calculatedOtherIncome": 54462000, "calculatedIncomeNonControlling": -368000, "calculatedEbitda": -24895000}, {"date": "1994-12-31", "symbol": "CUZ", "reportedCurrency": "USD", "cik": "0000025232", "fillingDate": "1995-03-29", "acceptedDate": "1995-03-29 00:00:00", "calendarYear": "1994", "period": "FY", "revenue": 31106000, "costOfRevenue": 0, "grossProfit": 31106000, "grossProfitRatio": 1, "researchAndDevelopmentExpenses": 0, "generalAndAdministrativeExpenses": 7538000, "sellingAndMarketingExpenses": 0, "sellingGeneralAndAdministrativeExpenses": 7538000, "otherExpenses": 15364000, "operatingExpenses": 22902000, "costAndExpenses": 22902000, "interestIncome": 0, "interestExpense": 0, "depreciationAndAmortization": 3662000, "ebitda": -634000, "ebitdaratio": -0.0203819199, "operatingIncome": -22902000, "operatingIncomeRatio": -0.7362566707, "totalOtherIncomeExpensesNet": 12580000, "incomeBeforeTax": 20373000, "incomeBeforeTaxRatio": 0.6549540282, "incomeTaxExpense": -166000, "netIncome": 26895000, "netIncomeRatio": 0.8646241883, "eps": 2.59, "epsdiluted": 2.59, "weightedAverageShsOut": 10397552, "weightedAverageShsOutDil": 10555556, "link": "https://www.sec.gov/Archives/edgar/data/25232/000002523295000014/0000025232-95-000014-index.html", "finalLink": "https://www.sec.gov/Archives/edgar/data/25232/", "calculatedOtherExpenses": 46470000, "calculatedOperatingExpenses": 54008000, "calculatedNetInterest": 0, "calculatedOtherIncome": 43275000, "calculatedIncomeNonControlling": -6356000, "calculatedEbitda": -19240000}, {"date": "1993-12-31", "symbol": "CUZ", "reportedCurrency": "USD", "cik": "0000025232", "fillingDate": "1994-03-30", "acceptedDate": "1994-03-30 00:00:00", "calendarYear": "1993", "period": "FY", "revenue": 24600000, "costOfRevenue": 0, "grossProfit": 24600000, "grossProfitRatio": 1, "researchAndDevelopmentExpenses": 0, "generalAndAdministrativeExpenses": 7300000, "sellingAndMarketingExpenses": 0, "sellingGeneralAndAdministrativeExpenses": 7300000, "otherExpenses": 0, "operatingExpenses": -8000000, "costAndExpenses": -8000000, "interestIncome": 0, "interestExpense": 0, "depreciationAndAmortization": 3200000, "ebitda": 35800000, "ebitdaratio": 1.4552845528, "operatingIncome": 8000000, "operatingIncomeRatio": 0.325203252, "totalOtherIncomeExpensesNet": 9200000, "incomeBeforeTax": 9200000, "incomeBeforeTaxRatio": 0.3739837398, "incomeTaxExpense": -800000, "netIncome": 11900000, "netIncomeRatio": 0.4837398374, "eps": 1.64, "epsdiluted": 1.64, "weightedAverageShsOut": 7256098, "weightedAverageShsOutDil": 7256098, "link": "https://www.sec.gov/Archives/edgar/data/25232/000095014494000774/0000950144-94-000774-index.html", "finalLink": "https://www.sec.gov/Archives/edgar/data/25232/", "calculatedOtherExpenses": 9300000, "calculatedOperatingExpenses": 16600000, "calculatedNetInterest": 0, "calculatedOtherIncome": 1200000, "calculatedIncomeNonControlling": -1900000, "calculatedEbitda": 11200000}, {"date": "1992-12-31", "symbol": "CUZ", "reportedCurrency": "USD", "cik": "0000025232", "fillingDate": "1992-12-31", "acceptedDate": "1992-12-31 00:00:00", "calendarYear": "1992", "period": "FY", "revenue": 28100000, "costOfRevenue": 0, "grossProfit": 28100000, "grossProfitRatio": 1, "researchAndDevelopmentExpenses": 0, "generalAndAdministrativeExpenses": 0, "sellingAndMarketingExpenses": 0, "sellingGeneralAndAdministrativeExpenses": 0, "otherExpenses": 0, "operatingExpenses": -11200000, "costAndExpenses": -11200000, "interestIncome": 0, "interestExpense": 0, "depreciationAndAmortization": 2300000, "ebitda": 41600000, "ebitdaratio": 1.4804270463, "operatingIncome": 11200000, "operatingIncomeRatio": 0.3985765125, "totalOtherIncomeExpensesNet": 16100000, "incomeBeforeTax": 16100000, "incomeBeforeTaxRatio": 0.5729537367, "incomeTaxExpense": 400000, "netIncome": 15700000, "netIncomeRatio": 0.5587188612, "eps": 2.28, "epsdiluted": 2.28, "weightedAverageShsOut": 6885965, "weightedAverageShsOutDil": 6885965, "link": null, "finalLink": null, "calculatedOtherExpenses": 16900000, "calculatedOperatingExpenses": 16900000, "calculatedNetInterest": 0, "calculatedOtherIncome": 4900000, "calculatedIncomeNonControlling": 0, "calculatedEbitda": 13500000}, {"date": "1991-12-31", "symbol": "CUZ", "reportedCurrency": "USD", "cik": "0000025232", "fillingDate": "1991-12-31", "acceptedDate": "1991-12-31 00:00:00", "calendarYear": "1991", "period": "FY", "revenue": 21100000, "costOfRevenue": 0, "grossProfit": 21100000, "grossProfitRatio": 1, "researchAndDevelopmentExpenses": 0, "generalAndAdministrativeExpenses": 0, "sellingAndMarketingExpenses": 0, "sellingGeneralAndAdministrativeExpenses": 0, "otherExpenses": 0, "operatingExpenses": -10600000, "costAndExpenses": -10600000, "interestIncome": 0, "interestExpense": 0, "depreciationAndAmortization": 2200000, "ebitda": 33900000, "ebitdaratio": 1.6066350711, "operatingIncome": 10600000, "operatingIncomeRatio": 0.5023696682, "totalOtherIncomeExpensesNet": 9300000, "incomeBeforeTax": 9300000, "incomeBeforeTaxRatio": 0.4407582938, "incomeTaxExpense": 200000, "netIncome": 9100000, "netIncomeRatio": 0.4312796209, "eps": 1.4, "epsdiluted": 1.4, "weightedAverageShsOut": 6500000, "weightedAverageShsOutDil": 6500000, "link": null, "finalLink": null, "calculatedOtherExpenses": 10500000, "calculatedOperatingExpenses": 10500000, "calculatedNetInterest": 0, "calculatedOtherIncome": -1300000, "calculatedIncomeNonControlling": 0, "calculatedEbitda": 12800000}, {"date": "1990-12-31", "symbol": "CUZ", "reportedCurrency": "USD", "cik": "0000025232", "fillingDate": "1990-12-31", "acceptedDate": "1990-12-31 00:00:00", "calendarYear": "1990", "period": "FY", "revenue": 24100000, "costOfRevenue": 0, "grossProfit": 24100000, "grossProfitRatio": 1, "researchAndDevelopmentExpenses": 0, "generalAndAdministrativeExpenses": 4500000, "sellingAndMarketingExpenses": 0, "sellingGeneralAndAdministrativeExpenses": 4500000, "otherExpenses": 0, "operatingExpenses": -2800000, "costAndExpenses": -2800000, "interestIncome": 0, "interestExpense": 0, "depreciationAndAmortization": 1900000, "ebitda": 28800000, "ebitdaratio": 1.1950207469, "operatingIncome": 2800000, "operatingIncomeRatio": 0.1161825726, "totalOtherIncomeExpensesNet": 15500000, "incomeBeforeTax": 15500000, "incomeBeforeTaxRatio": 0.643153527, "incomeTaxExpense": -2300000, "netIncome": 17800000, "netIncomeRatio": 0.7385892116, "eps": 2.76, "epsdiluted": 2.76, "weightedAverageShsOut": 6449275, "weightedAverageShsOutDil": 6449275, "link": null, "finalLink": null, "calculatedOtherExpenses": 16800000, "calculatedOperatingExpenses": 21300000, "calculatedNetInterest": 0, "calculatedOtherIncome": 12700000, "calculatedIncomeNonControlling": 0, "calculatedEbitda": 4700000}, {"date": "1989-12-31", "symbol": "CUZ", "reportedCurrency": "USD", "cik": "0000025232", "fillingDate": "1989-12-31", "acceptedDate": "1989-12-31 00:00:00", "calendarYear": "1989", "period": "FY", "revenue": 23500000, "costOfRevenue": 0, "grossProfit": 23500000, "grossProfitRatio": 1, "researchAndDevelopmentExpenses": 0, "generalAndAdministrativeExpenses": 5200000, "sellingAndMarketingExpenses": 0, "sellingGeneralAndAdministrativeExpenses": 5200000, "otherExpenses": 0, "operatingExpenses": -2900000, "costAndExpenses": -2900000, "interestIncome": 0, "interestExpense": 0, "depreciationAndAmortization": 1000000, "ebitda": 27400000, "ebitdaratio": 1.1659574468, "operatingIncome": 2900000, "operatingIncomeRatio": 0.1234042553, "totalOtherIncomeExpensesNet": 12300000, "incomeBeforeTax": 15200000, "incomeBeforeTaxRatio": 0.6468085106, "incomeTaxExpense": -15200000, "netIncome": 15200000, "netIncomeRatio": 0.6468085106, "eps": 2.32, "epsdiluted": 2.32, "weightedAverageShsOut": 6551724, "weightedAverageShsOutDil": 6551724, "link": null, "finalLink": null, "calculatedOtherExpenses": 15400000, "calculatedOperatingExpenses": 20600000, "calculatedNetInterest": 0, "calculatedOtherIncome": 12300000, "calculatedIncomeNonControlling": 15200000, "calculatedEbitda": 3900000}, {"date": "1988-12-31", "symbol": "CUZ", "reportedCurrency": "USD", "cik": "0000025232", "fillingDate": "1988-12-31", "acceptedDate": "1988-12-31 00:00:00", "calendarYear": "1988", "period": "FY", "revenue": 19700000, "costOfRevenue": 0, "grossProfit": 19700000, "grossProfitRatio": 1, "researchAndDevelopmentExpenses": 0, "generalAndAdministrativeExpenses": 0, "sellingAndMarketingExpenses": 0, "sellingGeneralAndAdministrativeExpenses": 0, "otherExpenses": 0, "operatingExpenses": -8600000, "costAndExpenses": -8600000, "interestIncome": 0, "interestExpense": 0, "depreciationAndAmortization": 19700000, "ebitda": 28300000, "ebitdaratio": 1.4365482234, "operatingIncome": 8600000, "operatingIncomeRatio": 0.4365482234, "totalOtherIncomeExpensesNet": 10200000, "incomeBeforeTax": 10200000, "incomeBeforeTaxRatio": 0.5177664975, "incomeTaxExpense": 500000, "netIncome": 9700000, "netIncomeRatio": 0.4923857868, "eps": 1.48, "epsdiluted": 1.48, "weightedAverageShsOut": 6554054, "weightedAverageShsOutDil": 6554054, "link": null, "finalLink": null, "calculatedOtherExpenses": 11100000, "calculatedOperatingExpenses": 11100000, "calculatedNetInterest": 0, "calculatedOtherIncome": 1600000, "calculatedIncomeNonControlling": 0, "calculatedEbitda": 28300000}, {"date": "1987-12-31", "symbol": "CUZ", "reportedCurrency": "USD", "cik": "0000025232", "fillingDate": "1987-12-31", "acceptedDate": "1987-12-31 00:00:00", "calendarYear": "1987", "period": "FY", "revenue": 19000000, "costOfRevenue": 0, "grossProfit": 19000000, "grossProfitRatio": 1, "researchAndDevelopmentExpenses": 0, "generalAndAdministrativeExpenses": 0, "sellingAndMarketingExpenses": 0, "sellingGeneralAndAdministrativeExpenses": 0, "otherExpenses": 0, "operatingExpenses": -6700000, "costAndExpenses": -6700000, "interestIncome": 0, "interestExpense": 0, "depreciationAndAmortization": 19000000, "ebitda": 25700000, "ebitdaratio": 1.3526315789, "operatingIncome": 6700000, "operatingIncomeRatio": 0.3526315789, "totalOtherIncomeExpensesNet": 4400000, "incomeBeforeTax": 11100000, "incomeBeforeTaxRatio": 0.5842105263, "incomeTaxExpense": -11100000, "netIncome": 11100000, "netIncomeRatio": 0.5842105263, "eps": 1.72, "epsdiluted": 1.72, "weightedAverageShsOut": 6453488, "weightedAverageShsOutDil": 6453488, "link": null, "finalLink": null, "calculatedOtherExpenses": 12300000, "calculatedOperatingExpenses": 12300000, "calculatedNetInterest": 0, "calculatedOtherIncome": 4400000, "calculatedIncomeNonControlling": 11100000, "calculatedEbitda": 25700000}, {"date": "1986-12-31", "symbol": "CUZ", "reportedCurrency": "USD", "cik": "0000025232", "fillingDate": "1986-12-31", "acceptedDate": "1986-12-31 00:00:00", "calendarYear": "1986", "period": "FY", "revenue": 55900000, "costOfRevenue": 0, "grossProfit": 55900000, "grossProfitRatio": 1, "researchAndDevelopmentExpenses": 0, "generalAndAdministrativeExpenses": 0, "sellingAndMarketingExpenses": 0, "sellingGeneralAndAdministrativeExpenses": 0, "otherExpenses": 0, "operatingExpenses": -12400000, "costAndExpenses": -12400000, "interestIncome": 0, "interestExpense": 0, "depreciationAndAmortization": 55900000, "ebitda": 68300000, "ebitdaratio": 1.2218246869, "operatingIncome": 12400000, "operatingIncomeRatio": 0.2218246869, "totalOtherIncomeExpensesNet": 42100000, "incomeBeforeTax": 42100000, "incomeBeforeTaxRatio": 0.7531305903, "incomeTaxExpense": 12500000, "netIncome": 29600000, "netIncomeRatio": 0.5295169946, "eps": 6.92, "epsdiluted": 6.92, "weightedAverageShsOut": 4277457, "weightedAverageShsOutDil": 4277457, "link": null, "finalLink": null, "calculatedOtherExpenses": 43500000, "calculatedOperatingExpenses": 43500000, "calculatedNetInterest": 0, "calculatedOtherIncome": 29700000, "calculatedIncomeNonControlling": 0, "calculatedEbitda": 68300000}, {"date": "1985-12-31", "symbol": "CUZ", "reportedCurrency": "USD", "cik": "0000025232", "fillingDate": "1985-12-31", "acceptedDate": "1985-12-31 00:00:00", "calendarYear": "1985", "period": "FY", "revenue": 40800000, "costOfRevenue": 0, "grossProfit": 40800000, "grossProfitRatio": 1, "researchAndDevelopmentExpenses": 0, "generalAndAdministrativeExpenses": 0, "sellingAndMarketingExpenses": 0, "sellingGeneralAndAdministrativeExpenses": 0, "otherExpenses": 0, "operatingExpenses": -23300000, "costAndExpenses": -23300000, "interestIncome": 0, "interestExpense": 0, "depreciationAndAmortization": 40800000, "ebitda": 64100000, "ebitdaratio": 1.5710784314, "operatingIncome": 23300000, "operatingIncomeRatio": 0.5710784314, "totalOtherIncomeExpensesNet": 14600000, "incomeBeforeTax": 14600000, "incomeBeforeTaxRatio": 0.3578431373, "incomeTaxExpense": 5200000, "netIncome": 9400000, "netIncomeRatio": 0.2303921569, "eps": 2.2, "epsdiluted": 2.2, "weightedAverageShsOut": 4272727, "weightedAverageShsOutDil": 4272727, "link": null, "finalLink": null, "calculatedOtherExpenses": 17500000, "calculatedOperatingExpenses": 17500000, "calculatedNetInterest": 0, "calculatedOtherIncome": -8700000, "calculatedIncomeNonControlling": 0, "calculatedEbitda": 64100000}]}