{"originalCurrency": "USD", "convertedCurrency": "USD", "report": [{"date": "2023-12-31", "symbol": "CVBF", "reportedCurrency": "USD", "cik": "0000354647", "fillingDate": "2023-12-31", "acceptedDate": "2023-12-29 19:00:00", "calendarYear": "2023", "period": "FY", "revenue": 666280000, "costOfRevenue": 620000, "grossProfit": 665660000, "grossProfitRatio": 0.9990694603, "researchAndDevelopmentExpenses": 0, "generalAndAdministrativeExpenses": 139191000, "sellingAndMarketingExpenses": 6756000, "sellingGeneralAndAdministrativeExpenses": 145947000, "otherExpenses": -69086000, "operatingExpenses": 69086000, "costAndExpenses": 350214000, "interestIncome": 604469000, "interestExpense": 66805000, "depreciationAndAmortization": 13052000, "ebitda": 6452000, "ebitdaratio": 0.0096836165, "operatingIncome": -6600000, "operatingIncomeRatio": -0.0099057453, "totalOtherIncomeExpensesNet": 315434000, "incomeBeforeTax": 315434000, "incomeBeforeTaxRatio": 0.4734255868, "incomeTaxExpense": 93999000, "netIncome": 221435000, "netIncomeRatio": 0.3323452603, "eps": 1.59, "epsdiluted": 1.59, "weightedAverageShsOut": 138333000, "weightedAverageShsOutDil": 138462000, "link": null, "finalLink": null, "calculatedOtherExpenses": 526313000, "calculatedOperatingExpenses": 672260000, "calculatedNetInterest": 537664000, "calculatedOtherIncome": -215630000, "calculatedIncomeNonControlling": 0, "calculatedEbitda": 6452000}, {"date": "2022-12-31", "symbol": "CVBF", "reportedCurrency": "USD", "cik": "0000354647", "fillingDate": "2023-02-28", "acceptedDate": "2023-02-28 16:45:05", "calendarYear": "2022", "period": "FY", "revenue": 555502000, "costOfRevenue": 0, "grossProfit": 555502000, "grossProfitRatio": 1, "researchAndDevelopmentExpenses": 0, "generalAndAdministrativeExpenses": 131596000, "sellingAndMarketingExpenses": 6296000, "sellingGeneralAndAdministrativeExpenses": 137892000, "otherExpenses": -56209000, "operatingExpenses": 6296000, "costAndExpenses": 6296000, "interestIncome": 513461000, "interestExpense": 9155000, "depreciationAndAmortization": 7566000, "ebitda": 345068000, "ebitdaratio": 0.621182282, "operatingIncome": 337502000, "operatingIncomeRatio": 0.607562169, "totalOtherIncomeExpensesNet": -9155000, "incomeBeforeTax": 328347000, "incomeBeforeTaxRatio": 0.5910815803, "incomeTaxExpense": 92922000, "netIncome": 235425000, "netIncomeRatio": 0.4238058549, "eps": 1.68, "epsdiluted": 1.67, "weightedAverageShsOut": 139652000, "weightedAverageShsOutDil": 140012000, "link": "https://www.sec.gov/Archives/edgar/data/354647/000095017023005167/0000950170-23-005167-index.htm", "finalLink": "https://www.sec.gov/Archives/edgar/data/354647/000095017023005167/cvbf-20221231.htm", "calculatedOtherExpenses": 80108000, "calculatedOperatingExpenses": 218000000, "calculatedNetInterest": 504306000, "calculatedOtherIncome": -513461000, "calculatedIncomeNonControlling": 0, "calculatedEbitda": 345068000}, {"date": "2021-12-31", "symbol": "CVBF", "reportedCurrency": "USD", "cik": "0000354647", "fillingDate": "2022-03-01", "acceptedDate": "2022-03-01 13:01:52", "calendarYear": "2021", "period": "FY", "revenue": 461935000, "costOfRevenue": 0, "grossProfit": 461935000, "grossProfitRatio": 1, "researchAndDevelopmentExpenses": 0, "generalAndAdministrativeExpenses": 129455000, "sellingAndMarketingExpenses": 4623000, "sellingGeneralAndAdministrativeExpenses": 134078000, "otherExpenses": -298365000, "operatingExpenses": -164287000, "costAndExpenses": -164287000, "interestIncome": 419611000, "interestExpense": 6080000, "depreciationAndAmortization": 8240000, "ebitda": 305888000, "ebitdaratio": 0.6621884031, "operatingIncome": 297648000, "operatingIncomeRatio": 0.6443503956, "totalOtherIncomeExpensesNet": 297648000, "incomeBeforeTax": 297648000, "incomeBeforeTaxRatio": 0.6443503956, "incomeTaxExpense": 85127000, "netIncome": 212521000, "netIncomeRatio": 0.4600668925, "eps": 1.57, "epsdiluted": 1.56, "weightedAverageShsOut": 135165000, "weightedAverageShsOutDil": 135382000, "link": "https://www.sec.gov/Archives/edgar/data/354647/000095017022002465/0000950170-22-002465-index.htm", "finalLink": "https://www.sec.gov/Archives/edgar/data/354647/000095017022002465/cvbf-20211231.htm", "calculatedOtherExpenses": 30209000, "calculatedOperatingExpenses": 164287000, "calculatedNetInterest": 413531000, "calculatedOtherIncome": -413531000, "calculatedIncomeNonControlling": 0, "calculatedEbitda": 305888000}, {"date": "2020-12-31", "symbol": "CVBF", "reportedCurrency": "USD", "cik": "0000354647", "fillingDate": "2021-03-01", "acceptedDate": "2021-03-01 15:30:53", "calendarYear": "2020", "period": "FY", "revenue": 464243000, "costOfRevenue": 0, "grossProfit": 464243000, "grossProfitRatio": 1, "researchAndDevelopmentExpenses": 0, "generalAndAdministrativeExpenses": 131061000, "sellingAndMarketingExpenses": 4488000, "sellingGeneralAndAdministrativeExpenses": 135549000, "otherExpenses": -350272000, "operatingExpenses": -214723000, "costAndExpenses": -214723000, "interestIncome": 429359000, "interestExpense": 14284000, "depreciationAndAmortization": 9352000, "ebitda": 258872000, "ebitdaratio": 0.5576217627, "operatingIncome": 249520000, "operatingIncomeRatio": 0.5374771402, "totalOtherIncomeExpensesNet": 249520000, "incomeBeforeTax": 249520000, "incomeBeforeTaxRatio": 0.5374771402, "incomeTaxExpense": 72361000, "netIncome": 177159000, "netIncomeRatio": 0.3816083387, "eps": 1.3, "epsdiluted": 1.3, "weightedAverageShsOut": 136031000, "weightedAverageShsOutDil": 136206000, "link": "https://www.sec.gov/Archives/edgar/data/354647/000119312521063327/0001193125-21-063327-index.htm", "finalLink": "https://www.sec.gov/Archives/edgar/data/354647/000119312521063327/d49468d10k.htm", "calculatedOtherExpenses": 79174000, "calculatedOperatingExpenses": 214723000, "calculatedNetInterest": 415075000, "calculatedOtherIncome": -415075000, "calculatedIncomeNonControlling": 0, "calculatedEbitda": 258872000}, {"date": "2019-12-31", "symbol": "CVBF", "reportedCurrency": "USD", "cik": "0000354647", "fillingDate": "2020-03-02", "acceptedDate": "2020-03-02 17:18:56", "calendarYear": "2019", "period": "FY", "revenue": 484353000, "costOfRevenue": 0, "grossProfit": 484353000, "grossProfitRatio": 1, "researchAndDevelopmentExpenses": 0, "generalAndAdministrativeExpenses": 129301000, "sellingAndMarketingExpenses": 5890000, "sellingGeneralAndAdministrativeExpenses": 135191000, "otherExpenses": -328470000, "operatingExpenses": -193279000, "costAndExpenses": -193279000, "interestIncome": 456615000, "interestExpense": 22078000, "depreciationAndAmortization": 10798000, "ebitda": 301872000, "ebitdaratio": 0.6232479204, "operatingIncome": 291074000, "operatingIncomeRatio": 0.6009542627, "totalOtherIncomeExpensesNet": 291074000, "incomeBeforeTax": 291074000, "incomeBeforeTaxRatio": 0.6009542627, "incomeTaxExpense": 83247000, "netIncome": 207827000, "netIncomeRatio": 0.4290816822, "eps": 1.48, "epsdiluted": 1.48, "weightedAverageShsOut": 139757000, "weightedAverageShsOutDil": 139934000, "link": "https://www.sec.gov/Archives/edgar/data/354647/000119312520059185/0001193125-20-059185-index.htm", "finalLink": "https://www.sec.gov/Archives/edgar/data/354647/000119312520059185/d872938d10k.htm", "calculatedOtherExpenses": 58088000, "calculatedOperatingExpenses": 193279000, "calculatedNetInterest": 434537000, "calculatedOtherIncome": -434537000, "calculatedIncomeNonControlling": 0, "calculatedEbitda": 301872000}, {"date": "2018-12-31", "symbol": "CVBF", "reportedCurrency": "USD", "cik": "0000354647", "fillingDate": "2019-03-01", "acceptedDate": "2019-03-01 14:50:22", "calendarYear": "2018", "period": "FY", "revenue": 392526000, "costOfRevenue": 0, "grossProfit": 392526000, "grossProfitRatio": 1, "researchAndDevelopmentExpenses": 0, "generalAndAdministrativeExpenses": 109256000, "sellingAndMarketingExpenses": 5302000, "sellingGeneralAndAdministrativeExpenses": 114558000, "otherExpenses": -283154000, "operatingExpenses": -168596000, "costAndExpenses": -168596000, "interestIncome": 359815000, "interestExpense": 12815000, "depreciationAndAmortization": 5254000, "ebitda": 232279000, "ebitdaratio": 0.5917544316, "operatingIncome": 223930000, "operatingIncomeRatio": 0.5704845029, "totalOtherIncomeExpensesNet": -12815000, "incomeBeforeTax": 211115000, "incomeBeforeTaxRatio": 0.537836984, "incomeTaxExpense": 59112000, "netIncome": 152003000, "netIncomeRatio": 0.387243138, "eps": 1.25, "epsdiluted": 1.25, "weightedAverageShsOut": 121670000, "weightedAverageShsOutDil": 121957000, "link": "https://www.sec.gov/Archives/edgar/data/354647/000119312519060523/0001193125-19-060523-index.htm", "finalLink": "https://www.sec.gov/Archives/edgar/data/354647/000119312519060523/d679831d10k.htm", "calculatedOtherExpenses": 54038000, "calculatedOperatingExpenses": 168596000, "calculatedNetInterest": 347000000, "calculatedOtherIncome": -359815000, "calculatedIncomeNonControlling": 0, "calculatedEbitda": 229184000}, {"date": "2017-12-31", "symbol": "CVBF", "reportedCurrency": "USD", "cik": "0000354647", "fillingDate": "2018-03-01", "acceptedDate": "2018-03-01 17:13:18", "calendarYear": "2017", "period": "FY", "revenue": 321048000, "costOfRevenue": 0, "grossProfit": 321048000, "grossProfitRatio": 1, "researchAndDevelopmentExpenses": 0, "generalAndAdministrativeExpenses": 93450000, "sellingAndMarketingExpenses": 4839000, "sellingGeneralAndAdministrativeExpenses": 98289000, "otherExpenses": -35081000, "operatingExpenses": 4839000, "costAndExpenses": 4839000, "interestIncome": 285851000, "interestExpense": 8296000, "depreciationAndAmortization": -645000, "ebitda": 196446000, "ebitdaratio": 0.6118898109, "operatingIncome": 197091000, "operatingIncomeRatio": 0.6138988562, "totalOtherIncomeExpensesNet": -8296000, "incomeBeforeTax": 188795000, "incomeBeforeTaxRatio": 0.5880584835, "incomeTaxExpense": 84384000, "netIncome": 104411000, "netIncomeRatio": 0.3252192819, "eps": 0.95, "epsdiluted": 0.95, "weightedAverageShsOut": 109409000, "weightedAverageShsOutDil": 109807000, "link": "https://www.sec.gov/Archives/edgar/data/354647/000119312518067553/0001193125-18-067553-index.htm", "finalLink": "https://www.sec.gov/Archives/edgar/data/354647/000119312518067553/d496441d10k.htm", "calculatedOtherExpenses": 25668000, "calculatedOperatingExpenses": 123957000, "calculatedNetInterest": 277555000, "calculatedOtherIncome": -285851000, "calculatedIncomeNonControlling": 0, "calculatedEbitda": 196446000}, {"date": "2016-12-31", "symbol": "CVBF", "reportedCurrency": "USD", "cik": "0000354647", "fillingDate": "2017-03-01", "acceptedDate": "2017-03-01 17:29:51", "calendarYear": "2016", "period": "FY", "revenue": 292626000, "costOfRevenue": 0, "grossProfit": 292626000, "grossProfitRatio": 1, "researchAndDevelopmentExpenses": 0, "generalAndAdministrativeExpenses": 82630000, "sellingAndMarketingExpenses": 5027000, "sellingGeneralAndAdministrativeExpenses": 82630000, "otherExpenses": -35506000, "operatingExpenses": 5027000, "costAndExpenses": 5027000, "interestIncome": 262826000, "interestExpense": 7976000, "depreciationAndAmortization": 3802000, "ebitda": 174064000, "ebitdaratio": 0.594834362, "operatingIncome": 170262000, "operatingIncomeRatio": 0.5818416682, "totalOtherIncomeExpensesNet": -7976000, "incomeBeforeTax": 162286000, "incomeBeforeTaxRatio": 0.5545850335, "incomeTaxExpense": 60857000, "netIncome": 101429000, "netIncomeRatio": 0.3466165002, "eps": 0.94, "epsdiluted": 0.94, "weightedAverageShsOut": 107282000, "weightedAverageShsOutDil": 107687000, "link": "https://www.sec.gov/Archives/edgar/data/354647/000119312517066031/0001193125-17-066031-index.htm", "finalLink": "https://www.sec.gov/Archives/edgar/data/354647/000119312517066031/d294388d10k.htm", "calculatedOtherExpenses": 39734000, "calculatedOperatingExpenses": 122364000, "calculatedNetInterest": 254850000, "calculatedOtherIncome": -262826000, "calculatedIncomeNonControlling": 0, "calculatedEbitda": 174064000}, {"date": "2015-12-31", "symbol": "CVBF", "reportedCurrency": "USD", "cik": "0000354647", "fillingDate": "2016-02-29", "acceptedDate": "2016-02-29 17:48:02", "calendarYear": "2015", "period": "FY", "revenue": 285982000, "costOfRevenue": 0, "grossProfit": 285982000, "grossProfitRatio": 1, "researchAndDevelopmentExpenses": 0, "generalAndAdministrativeExpenses": 78878000, "sellingAndMarketingExpenses": 5015000, "sellingGeneralAndAdministrativeExpenses": 78878000, "otherExpenses": -207867000, "operatingExpenses": -128989000, "costAndExpenses": -128989000, "interestIncome": 258739000, "interestExpense": 8571000, "depreciationAndAmortization": 949000, "ebitda": 157942000, "ebitdaratio": 0.5522795141, "operatingIncome": 156993000, "operatingIncomeRatio": 0.5489611234, "totalOtherIncomeExpensesNet": -5627000, "incomeBeforeTax": 151366000, "incomeBeforeTaxRatio": 0.5292850599, "incomeTaxExpense": 52221000, "netIncome": 99145000, "netIncomeRatio": 0.3466826583, "eps": 0.93, "epsdiluted": 0.93, "weightedAverageShsOut": 105715247, "weightedAverageShsOutDil": 106192472, "link": "https://www.sec.gov/Archives/edgar/data/354647/000119312516485748/0001193125-16-485748-index.htm", "finalLink": "https://www.sec.gov/Archives/edgar/data/354647/000119312516485748/d215042d10k.htm", "calculatedOtherExpenses": 50111000, "calculatedOperatingExpenses": 128989000, "calculatedNetInterest": 250168000, "calculatedOtherIncome": -255795000, "calculatedIncomeNonControlling": 0, "calculatedEbitda": 157942000}, {"date": "2014-12-31", "symbol": "CVBF", "reportedCurrency": "USD", "cik": "0000354647", "fillingDate": "2015-03-02", "acceptedDate": "2015-03-02 17:30:10", "calendarYear": "2014", "period": "FY", "revenue": 272619000, "costOfRevenue": 0, "grossProfit": 272619000, "grossProfitRatio": 1, "researchAndDevelopmentExpenses": 0, "generalAndAdministrativeExpenses": 77118000, "sellingAndMarketingExpenses": 5195000, "sellingGeneralAndAdministrativeExpenses": 77118000, "otherExpenses": -171129000, "operatingExpenses": -94011000, "costAndExpenses": -94011000, "interestIncome": 250773000, "interestExpense": 16389000, "depreciationAndAmortization": 1137000, "ebitda": 179745000, "ebitdaratio": 0.6593267527, "operatingIncome": 178608000, "operatingIncomeRatio": 0.655156097, "totalOtherIncomeExpensesNet": -15811000, "incomeBeforeTax": 162797000, "incomeBeforeTaxRatio": 0.5971594056, "incomeTaxExpense": 58776000, "netIncome": 104021000, "netIncomeRatio": 0.3815618134, "eps": 0.98, "epsdiluted": 0.98, "weightedAverageShsOut": 105239000, "weightedAverageShsOutDil": 105759000, "link": "https://www.sec.gov/Archives/edgar/data/354647/000119312515073695/0001193125-15-073695-index.htm", "finalLink": "https://www.sec.gov/Archives/edgar/data/354647/000119312515073695/d825570d10k.htm", "calculatedOtherExpenses": 16893000, "calculatedOperatingExpenses": 94011000, "calculatedNetInterest": 234384000, "calculatedOtherIncome": -250195000, "calculatedIncomeNonControlling": 0, "calculatedEbitda": 179745000}, {"date": "2013-12-31", "symbol": "CVBF", "reportedCurrency": "USD", "cik": "0000354647", "fillingDate": "2014-03-03", "acceptedDate": "2014-03-03 16:55:01", "calendarYear": "2013", "period": "FY", "revenue": 240697000, "costOfRevenue": 0, "grossProfit": 240697000, "grossProfitRatio": 1, "researchAndDevelopmentExpenses": 0, "generalAndAdministrativeExpenses": 71015000, "sellingAndMarketingExpenses": 4681000, "sellingGeneralAndAdministrativeExpenses": 71015000, "otherExpenses": -149608000, "operatingExpenses": -78593000, "costAndExpenses": -78593000, "interestIncome": 230740000, "interestExpense": 16507000, "depreciationAndAmortization": 1127000, "ebitda": 163231000, "ebitdaratio": 0.6781596779, "operatingIncome": 162104000, "operatingIncomeRatio": 0.6734774426, "totalOtherIncomeExpensesNet": -17829000, "incomeBeforeTax": 144275000, "incomeBeforeTaxRatio": 0.5994050611, "incomeTaxExpense": 48667000, "netIncome": 95608000, "netIncomeRatio": 0.3972130936, "eps": 0.91, "epsdiluted": 0.91, "weightedAverageShsOut": 104729000, "weightedAverageShsOutDil": 105126000, "link": "https://www.sec.gov/Archives/edgar/data/354647/000119312514080427/0001193125-14-080427-index.htm", "finalLink": "https://www.sec.gov/Archives/edgar/data/354647/000119312514080427/d638496d10k.htm", "calculatedOtherExpenses": 7578000, "calculatedOperatingExpenses": 78593000, "calculatedNetInterest": 214233000, "calculatedOtherIncome": -232062000, "calculatedIncomeNonControlling": 0, "calculatedEbitda": 163231000}, {"date": "2012-12-31", "symbol": "CVBF", "reportedCurrency": "USD", "cik": "0000354647", "fillingDate": "2013-03-01", "acceptedDate": "2013-03-01 16:35:32", "calendarYear": "2012", "period": "FY", "revenue": 250707000, "costOfRevenue": 0, "grossProfit": 250707000, "grossProfitRatio": 1, "researchAndDevelopmentExpenses": 0, "generalAndAdministrativeExpenses": 68496000, "sellingAndMarketingExpenses": 4869000, "sellingGeneralAndAdministrativeExpenses": 68496000, "otherExpenses": -173865000, "operatingExpenses": -105369000, "costAndExpenses": -105369000, "interestIncome": 261551000, "interestExpense": 25272000, "depreciationAndAmortization": 2159000, "ebitda": 147497000, "ebitdaratio": 0.5883242191, "operatingIncome": 145338000, "operatingIncomeRatio": 0.5797125728, "totalOtherIncomeExpensesNet": -30645000, "incomeBeforeTax": 114693000, "incomeBeforeTaxRatio": 0.4574782515, "incomeTaxExpense": 37413000, "netIncome": 77280000, "netIncomeRatio": 0.3082482739, "eps": 0.74, "epsdiluted": 0.74, "weightedAverageShsOut": 104419000, "weightedAverageShsOutDil": 104658000, "link": "https://www.sec.gov/Archives/edgar/data/354647/000119312513087822/0001193125-13-087822-index.htm", "finalLink": "https://www.sec.gov/Archives/edgar/data/354647/000119312513087822/d459793d10k.htm", "calculatedOtherExpenses": 36873000, "calculatedOperatingExpenses": 105369000, "calculatedNetInterest": 236279000, "calculatedOtherIncome": -266924000, "calculatedIncomeNonControlling": 0, "calculatedEbitda": 147497000}, {"date": "2011-12-31", "symbol": "CVBF", "reportedCurrency": "USD", "cik": "0000354647", "fillingDate": "2012-02-29", "acceptedDate": "2012-02-29 17:23:12", "calendarYear": "2011", "period": "FY", "revenue": 269553000, "costOfRevenue": 141025000, "grossProfit": 128528000, "grossProfitRatio": 0.47681903, "researchAndDevelopmentExpenses": 0, "generalAndAdministrativeExpenses": 69993000, "sellingAndMarketingExpenses": 4977000, "sellingGeneralAndAdministrativeExpenses": 69993000, "otherExpenses": 656000, "operatingExpenses": -175241000, "costAndExpenses": -34216000, "interestIncome": 269478000, "interestExpense": 35039000, "depreciationAndAmortization": 3481000, "ebitda": 165491000, "ebitdaratio": 0.6139460514, "operatingIncome": 34216000, "operatingIncomeRatio": 0.1269360757, "totalOtherIncomeExpensesNet": 86588000, "incomeBeforeTax": 120804000, "incomeBeforeTaxRatio": 0.4481641829, "incomeTaxExpense": 39071000, "netIncome": 81733000, "netIncomeRatio": 0.3032168071, "eps": 0.77, "epsdiluted": 0.77, "weightedAverageShsOut": 105143000, "weightedAverageShsOutDil": 105223000, "link": "https://www.sec.gov/Archives/edgar/data/354647/000119312512089679/0001193125-12-089679-index.htm", "finalLink": "https://www.sec.gov/Archives/edgar/data/354647/000119312512089679/d269074d10k.htm", "calculatedOtherExpenses": 24319000, "calculatedOperatingExpenses": 94312000, "calculatedNetInterest": 234439000, "calculatedOtherIncome": -147851000, "calculatedIncomeNonControlling": 0, "calculatedEbitda": 37697000}, {"date": "2010-12-31", "symbol": "CVBF", "reportedCurrency": "USD", "cik": "0000354647", "fillingDate": "2011-03-01", "acceptedDate": "2011-03-01 16:54:35", "calendarYear": "2010", "period": "FY", "revenue": 317335000, "costOfRevenue": 0, "grossProfit": 317335000, "grossProfitRatio": 1, "researchAndDevelopmentExpenses": 0, "generalAndAdministrativeExpenses": 69419000, "sellingAndMarketingExpenses": 6084000, "sellingGeneralAndAdministrativeExpenses": 69419000, "otherExpenses": 904000, "operatingExpenses": 70323000, "costAndExpenses": 70323000, "interestIncome": 316965000, "interestExpense": 57972000, "depreciationAndAmortization": 3732000, "ebitda": 155257000, "ebitdaratio": 0.4892526825, "operatingIncome": 151525000, "operatingIncomeRatio": 0.4774922401, "totalOtherIncomeExpensesNet": -64786000, "incomeBeforeTax": 86739000, "incomeBeforeTaxRatio": 0.2733357493, "incomeTaxExpense": 23804000, "netIncome": 62935000, "netIncomeRatio": 0.1983235382, "eps": 0.59, "epsdiluted": 0.59, "weightedAverageShsOut": 105880000, "weightedAverageShsOutDil": 106126000, "link": "https://www.sec.gov/Archives/edgar/data/354647/000095012311020748/0000950123-11-020748-index.htm", "finalLink": "https://www.sec.gov/Archives/edgar/data/354647/000095012311020748/v58799e10vk.htm", "calculatedOtherExpenses": 96391000, "calculatedOperatingExpenses": 165810000, "calculatedNetInterest": 258993000, "calculatedOtherIncome": -323779000, "calculatedIncomeNonControlling": 0, "calculatedEbitda": 155257000}, {"date": "2009-12-31", "symbol": "CVBF", "reportedCurrency": "USD", "cik": "0000354647", "fillingDate": "2010-03-04", "acceptedDate": "2010-03-03 20:39:47", "calendarYear": "2009", "period": "FY", "revenue": 303658000, "costOfRevenue": 0, "grossProfit": 303658000, "grossProfitRatio": 1, "researchAndDevelopmentExpenses": 0, "generalAndAdministrativeExpenses": 62985000, "sellingAndMarketingExpenses": 6528000, "sellingGeneralAndAdministrativeExpenses": 62985000, "otherExpenses": 323000, "operatingExpenses": 63308000, "costAndExpenses": 63308000, "interestIncome": 310564000, "interestExpense": 88495000, "depreciationAndAmortization": 3163000, "ebitda": 187624000, "ebitdaratio": 0.6178793248, "operatingIncome": 184461000, "operatingIncomeRatio": 0.6074630011, "totalOtherIncomeExpensesNet": -95212000, "incomeBeforeTax": 89249000, "incomeBeforeTaxRatio": 0.2939128888, "incomeTaxExpense": 23830000, "netIncome": 65419000, "netIncomeRatio": 0.2154364449, "eps": 0.56, "epsdiluted": 0.56, "weightedAverageShsOut": 92955172, "weightedAverageShsOutDil": 93055801, "link": "https://www.sec.gov/Archives/edgar/data/354647/000095012310020728/0000950123-10-020728-index.htm", "finalLink": "https://www.sec.gov/Archives/edgar/data/354647/000095012310020728/v55365e10vk.htm", "calculatedOtherExpenses": 56212000, "calculatedOperatingExpenses": 119197000, "calculatedNetInterest": 222069000, "calculatedOtherIncome": -317281000, "calculatedIncomeNonControlling": 0, "calculatedEbitda": 187624000}, {"date": "2008-12-31", "symbol": "CVBF", "reportedCurrency": "USD", "cik": "0000354647", "fillingDate": "2009-02-27", "acceptedDate": "2009-02-27 16:51:46", "calendarYear": "2008", "period": "FY", "revenue": 228136000, "costOfRevenue": 0, "grossProfit": 228136000, "grossProfitRatio": 1, "researchAndDevelopmentExpenses": 0, "generalAndAdministrativeExpenses": 68184000, "sellingAndMarketingExpenses": 6882000, "sellingGeneralAndAdministrativeExpenses": 75066000, "otherExpenses": -71389000, "operatingExpenses": 3677000, "costAndExpenses": 3677000, "interestIncome": 327966000, "interestExpense": 138839000, "depreciationAndAmortization": 3591000, "ebitda": 235404000, "ebitdaratio": 1.0318581899, "operatingIncome": 231813000, "operatingIncomeRatio": 1.016117579, "totalOtherIncomeExpensesNet": -146065000, "incomeBeforeTax": 85748000, "incomeBeforeTaxRatio": 0.37586352, "incomeTaxExpense": 22675000, "netIncome": 63073000, "netIncomeRatio": 0.2764710524, "eps": 0.75, "epsdiluted": 0.75, "weightedAverageShsOut": 83120817, "weightedAverageShsOutDil": 83335503, "link": "https://www.sec.gov/Archives/edgar/data/354647/000095013409004034/0000950134-09-004034-index.htm", "finalLink": "https://www.sec.gov/Archives/edgar/data/354647/000095013409004034/v51598e10vk.htm", "calculatedOtherExpenses": -78743000, "calculatedOperatingExpenses": -3677000, "calculatedNetInterest": 189127000, "calculatedOtherIncome": -335192000, "calculatedIncomeNonControlling": 0, "calculatedEbitda": 235404000}, {"date": "2007-12-31", "symbol": "CVBF", "reportedCurrency": "USD", "cik": "0000354647", "fillingDate": "2008-02-29", "acceptedDate": "2008-02-29 15:38:39", "calendarYear": "2007", "period": "FY", "revenue": 192467000, "costOfRevenue": 0, "grossProfit": 192467000, "grossProfitRatio": 1, "researchAndDevelopmentExpenses": 0, "generalAndAdministrativeExpenses": 55303000, "sellingAndMarketingExpenses": 5953000, "sellingGeneralAndAdministrativeExpenses": 61256000, "otherExpenses": 9475000, "operatingExpenses": 70731000, "costAndExpenses": 70731000, "interestIncome": 341277000, "interestExpense": 180135000, "depreciationAndAmortization": 13236000, "ebitda": 276434000, "ebitdaratio": 1.4362669964, "operatingIncome": 263198000, "operatingIncomeRatio": 1.3674967657, "totalOtherIncomeExpensesNet": -180135000, "incomeBeforeTax": 83063000, "incomeBeforeTaxRatio": 0.4315700873, "incomeTaxExpense": 22479000, "netIncome": 60584000, "netIncomeRatio": 0.3147760395, "eps": 0.72, "epsdiluted": 0.72, "weightedAverageShsOut": 84144444, "weightedAverageShsOutDil": 84144444, "link": "https://www.sec.gov/Archives/edgar/data/354647/000095013408003832/0000950134-08-003832-index.htm", "finalLink": "https://www.sec.gov/Archives/edgar/data/354647/000095013408003832/a38163e10vk.htm", "calculatedOtherExpenses": -131987000, "calculatedOperatingExpenses": -70731000, "calculatedNetInterest": 161142000, "calculatedOtherIncome": -341277000, "calculatedIncomeNonControlling": 0, "calculatedEbitda": 276434000}, {"date": "2006-12-31", "symbol": "CVBF", "reportedCurrency": "USD", "cik": "0000354647", "fillingDate": "2007-03-01", "acceptedDate": "2007-02-28 20:24:10", "calendarYear": "2006", "period": "FY", "revenue": 202454000, "costOfRevenue": 0, "grossProfit": 202454000, "grossProfitRatio": 1, "researchAndDevelopmentExpenses": 0, "generalAndAdministrativeExpenses": 50509000, "sellingAndMarketingExpenses": 6251000, "sellingGeneralAndAdministrativeExpenses": 56760000, "otherExpenses": -8120000, "operatingExpenses": 48640000, "costAndExpenses": 48640000, "interestIncome": 316660000, "interestExpense": 147464000, "depreciationAndAmortization": 15097000, "ebitda": 266191000, "ebitdaratio": 1.3148221324, "operatingIncome": 251094000, "operatingIncomeRatio": 1.2402521067, "totalOtherIncomeExpensesNet": -147464000, "incomeBeforeTax": 103630000, "incomeBeforeTaxRatio": 0.5118693629, "incomeTaxExpense": 31724000, "netIncome": 71906000, "netIncomeRatio": 0.3551720391, "eps": 0.84, "epsdiluted": 0.83, "weightedAverageShsOut": 85602381, "weightedAverageShsOutDil": 86633735, "link": "https://www.sec.gov/Archives/edgar/data/354647/000095013407004438/0000950134-07-004438-index.htm", "finalLink": "https://www.sec.gov/Archives/edgar/data/354647/000095013407004438/a27755e10vk.htm", "calculatedOtherExpenses": -105400000, "calculatedOperatingExpenses": -48640000, "calculatedNetInterest": 169196000, "calculatedOtherIncome": -316660000, "calculatedIncomeNonControlling": 0, "calculatedEbitda": 266191000}, {"date": "2005-12-31", "symbol": "CVBF", "reportedCurrency": "USD", "cik": "0000354647", "fillingDate": "2006-03-14", "acceptedDate": "2006-03-14 16:13:02", "calendarYear": "2005", "period": "FY", "revenue": 198557000, "costOfRevenue": 0, "grossProfit": 198557000, "grossProfitRatio": 1, "researchAndDevelopmentExpenses": 0, "generalAndAdministrativeExpenses": 53075000, "sellingAndMarketingExpenses": 5835000, "sellingGeneralAndAdministrativeExpenses": 58910000, "otherExpenses": -73067000, "operatingExpenses": -14157000, "costAndExpenses": -14157000, "interestIncome": 248488000, "interestExpense": 77436000, "depreciationAndAmortization": 21630000, "ebitda": 206030000, "ebitdaratio": 1.0376365477, "operatingIncome": 184400000, "operatingIncomeRatio": 0.9287005746, "totalOtherIncomeExpensesNet": -77436000, "incomeBeforeTax": 106964000, "incomeBeforeTaxRatio": 0.5387067693, "incomeTaxExpense": 36346000, "netIncome": 70618000, "netIncomeRatio": 0.3556560585, "eps": 0.83, "epsdiluted": 0.83, "weightedAverageShsOut": 85081928, "weightedAverageShsOutDil": 85081928, "link": "https://www.sec.gov/Archives/edgar/data/354647/000095012906002630/0000950129-06-002630-index.htm", "finalLink": "https://www.sec.gov/Archives/edgar/data/354647/000095012906002630/a18395e10vk.htm", "calculatedOtherExpenses": -44753000, "calculatedOperatingExpenses": 14157000, "calculatedNetInterest": 171052000, "calculatedOtherIncome": -248488000, "calculatedIncomeNonControlling": 0, "calculatedEbitda": 206030000}, {"date": "2004-12-31", "symbol": "CVBF", "reportedCurrency": "USD", "cik": "0000354647", "fillingDate": "2005-03-14", "acceptedDate": "2005-03-14 17:27:29", "calendarYear": "2004", "period": "FY", "revenue": 185392000, "costOfRevenue": 0, "grossProfit": 185392000, "grossProfitRatio": 1, "researchAndDevelopmentExpenses": 0, "generalAndAdministrativeExpenses": 47292000, "sellingAndMarketingExpenses": 5148000, "sellingGeneralAndAdministrativeExpenses": 52440000, "otherExpenses": -101945000, "operatingExpenses": -49505000, "costAndExpenses": -49505000, "interestIncome": 197702000, "interestExpense": 46517000, "depreciationAndAmortization": 14302000, "ebitda": 150189000, "ebitdaratio": 0.8101158626, "operatingIncome": 135887000, "operatingIncomeRatio": 0.7329712177, "totalOtherIncomeExpensesNet": -46517000, "incomeBeforeTax": 89370000, "incomeBeforeTaxRatio": 0.4820596358, "incomeTaxExpense": 27884000, "netIncome": 61486000, "netIncomeRatio": 0.3316540088, "eps": 0.74, "epsdiluted": 0.73, "weightedAverageShsOut": 83089189, "weightedAverageShsOutDil": 84227397, "link": "https://www.sec.gov/Archives/edgar/data/354647/000095012905002388/0000950129-05-002388-index.htm", "finalLink": "https://www.sec.gov/Archives/edgar/data/354647/000095012905002388/a06626e10vk.htm", "calculatedOtherExpenses": -2935000, "calculatedOperatingExpenses": 49505000, "calculatedNetInterest": 151185000, "calculatedOtherIncome": -197702000, "calculatedIncomeNonControlling": 0, "calculatedEbitda": 150189000}, {"date": "2003-12-31", "symbol": "CVBF", "reportedCurrency": "USD", "cik": "0000354647", "fillingDate": "2004-03-15", "acceptedDate": "2004-03-12 18:06:44", "calendarYear": "2003", "period": "FY", "revenue": 159282000, "costOfRevenue": 0, "grossProfit": 159282000, "grossProfitRatio": 1, "researchAndDevelopmentExpenses": 0, "generalAndAdministrativeExpenses": 41493000, "sellingAndMarketingExpenses": 4524000, "sellingGeneralAndAdministrativeExpenses": 46017000, "otherExpenses": -86758000, "operatingExpenses": -40741000, "costAndExpenses": -40741000, "interestIncome": 166346000, "interestExpense": 37053000, "depreciationAndAmortization": 22024000, "ebitda": 140565000, "ebitdaratio": 0.8824914303, "operatingIncome": 118541000, "operatingIncomeRatio": 0.7442209415, "totalOtherIncomeExpensesNet": -37053000, "incomeBeforeTax": 81488000, "incomeBeforeTaxRatio": 0.5115957861, "incomeTaxExpense": 28656000, "netIncome": 52832000, "netIncomeRatio": 0.3316884519, "eps": 0.64, "epsdiluted": 0.63, "weightedAverageShsOut": 82550000, "weightedAverageShsOutDil": 84078704, "link": "https://www.sec.gov/Archives/edgar/data/354647/000095015004000328/0000950150-04-000328-index.htm", "finalLink": "https://www.sec.gov/Archives/edgar/data/354647/000095015004000328/a97234e10vk.htm", "calculatedOtherExpenses": -5276000, "calculatedOperatingExpenses": 40741000, "calculatedNetInterest": 129293000, "calculatedOtherIncome": -166346000, "calculatedIncomeNonControlling": 0, "calculatedEbitda": 140565000}, {"date": "2002-12-31", "symbol": "CVBF", "reportedCurrency": "USD", "cik": "0000354647", "fillingDate": "2003-03-20", "acceptedDate": "2003-03-20 17:01:32", "calendarYear": "2002", "period": "FY", "revenue": 142902000, "costOfRevenue": 0, "grossProfit": 142902000, "grossProfitRatio": 1, "researchAndDevelopmentExpenses": 0, "generalAndAdministrativeExpenses": 35970000, "sellingAndMarketingExpenses": 3684000, "sellingGeneralAndAdministrativeExpenses": 39654000, "otherExpenses": -65271000, "operatingExpenses": -25617000, "costAndExpenses": -25617000, "interestIncome": 154323000, "interestExpense": 40439000, "depreciationAndAmortization": 18279000, "ebitda": 135564000, "ebitdaratio": 0.9486501239, "operatingIncome": 117285000, "operatingIncomeRatio": 0.8207372885, "totalOtherIncomeExpensesNet": -40439000, "incomeBeforeTax": 76846000, "incomeBeforeTaxRatio": 0.5377531455, "incomeTaxExpense": 27101000, "netIncome": 49745000, "netIncomeRatio": 0.3481056948, "eps": 0.61, "epsdiluted": 0.59, "weightedAverageShsOut": 82210787, "weightedAverageShsOutDil": 84652692, "link": "https://www.sec.gov/Archives/edgar/data/354647/000095015003000345/0000950150-03-000345-index.htm", "finalLink": "https://www.sec.gov/Archives/edgar/data/354647/000095015003000345/a88358e10vk.htm", "calculatedOtherExpenses": -14037000, "calculatedOperatingExpenses": 25617000, "calculatedNetInterest": 113884000, "calculatedOtherIncome": -154323000, "calculatedIncomeNonControlling": 0, "calculatedEbitda": 135564000}, {"date": "2001-12-31", "symbol": "CVBF", "reportedCurrency": "USD", "cik": "0000354647", "fillingDate": "2002-03-18", "acceptedDate": "2002-03-18 00:00:00", "calendarYear": "2001", "period": "FY", "revenue": 125263000, "costOfRevenue": 0, "grossProfit": 125263000, "grossProfitRatio": 1, "researchAndDevelopmentExpenses": 0, "generalAndAdministrativeExpenses": 32625000, "sellingAndMarketingExpenses": 3223000, "sellingGeneralAndAdministrativeExpenses": 35848000, "otherExpenses": -44947000, "operatingExpenses": -9099000, "costAndExpenses": -9099000, "interestIncome": 155877000, "interestExpense": 52806000, "depreciationAndAmortization": -6226000, "ebitda": 109938000, "ebitdaratio": 0.8776574088, "operatingIncome": 116164000, "operatingIncomeRatio": 0.9273608328, "totalOtherIncomeExpensesNet": -52806000, "incomeBeforeTax": 63358000, "incomeBeforeTaxRatio": 0.5057997972, "incomeTaxExpense": 23300000, "netIncome": 40058000, "netIncomeRatio": 0.3197911594, "eps": 0.49, "epsdiluted": 0.48, "weightedAverageShsOut": 82320279, "weightedAverageShsOutDil": 83777275, "link": "https://www.sec.gov/Archives/edgar/data/354647/000095015002000225/0000950150-02-000225-index.htm", "finalLink": "https://www.sec.gov/Archives/edgar/data/354647/000095015002000225/a79893e10-k.htm", "calculatedOtherExpenses": -26749000, "calculatedOperatingExpenses": 9099000, "calculatedNetInterest": 103071000, "calculatedOtherIncome": -155877000, "calculatedIncomeNonControlling": 0, "calculatedEbitda": 109938000}, {"date": "2000-12-31", "symbol": "CVBF", "reportedCurrency": "USD", "cik": "0000354647", "fillingDate": "2001-03-23", "acceptedDate": "2001-03-23 00:00:00", "calendarYear": "2000", "period": "FY", "revenue": 113130000, "costOfRevenue": 0, "grossProfit": 113130000, "grossProfitRatio": 1, "researchAndDevelopmentExpenses": 0, "generalAndAdministrativeExpenses": 3239000, "sellingAndMarketingExpenses": 2702000, "sellingGeneralAndAdministrativeExpenses": 5941000, "otherExpenses": -8326000, "operatingExpenses": -2385000, "costAndExpenses": -2385000, "interestIncome": 150867000, "interestExpense": 56760000, "depreciationAndAmortization": 9874000, "ebitda": 120619000, "ebitdaratio": 1.0661981791, "operatingIncome": 110745000, "operatingIncomeRatio": 0.9789180589, "totalOtherIncomeExpensesNet": -56760000, "incomeBeforeTax": 53985000, "incomeBeforeTaxRatio": 0.4771943781, "incomeTaxExpense": 19302000, "netIncome": 34683000, "netIncomeRatio": 0.3065765049, "eps": 0.43, "epsdiluted": 0.42, "weightedAverageShsOut": 81315162, "weightedAverageShsOutDil": 83298459, "link": "https://www.sec.gov/Archives/edgar/data/354647/000095015001000094/0000950150-01-000094-index.htm", "finalLink": "https://www.sec.gov/Archives/edgar/data/354647/000095015001000094/a70517e10-k.txt", "calculatedOtherExpenses": -3556000, "calculatedOperatingExpenses": 2385000, "calculatedNetInterest": 94107000, "calculatedOtherIncome": -150867000, "calculatedIncomeNonControlling": 0, "calculatedEbitda": 120619000}, {"date": "1999-12-31", "symbol": "CVBF", "reportedCurrency": "USD", "cik": "0000354647", "fillingDate": "2000-03-27", "acceptedDate": "2000-03-27 00:00:00", "calendarYear": "1999", "period": "FY", "revenue": 108600000, "costOfRevenue": 0, "grossProfit": 108600000, "grossProfitRatio": 1, "researchAndDevelopmentExpenses": 0, "generalAndAdministrativeExpenses": 29100000, "sellingAndMarketingExpenses": 2900000, "sellingGeneralAndAdministrativeExpenses": 32000000, "otherExpenses": -60900000, "operatingExpenses": -28900000, "costAndExpenses": -28900000, "interestIncome": 128500000, "interestExpense": 38500000, "depreciationAndAmortization": 11200000, "ebitda": 90900000, "ebitdaratio": 0.8370165746, "operatingIncome": 79700000, "operatingIncomeRatio": 0.7338858195, "totalOtherIncomeExpensesNet": -38500000, "incomeBeforeTax": 41200000, "incomeBeforeTaxRatio": 0.379373849, "incomeTaxExpense": 15200000, "netIncome": 26000000, "netIncomeRatio": 0.2394106814, "eps": 0.32, "epsdiluted": 0.31, "weightedAverageShsOut": 80006917, "weightedAverageShsOutDil": 82587786, "link": "https://www.sec.gov/Archives/edgar/data/354647/000095015000000223/0000950150-00-000223-index.html", "finalLink": "https://www.sec.gov/Archives/edgar/data/354647/000095015000000223/", "calculatedOtherExpenses": -3100000, "calculatedOperatingExpenses": 28900000, "calculatedNetInterest": 90000000, "calculatedOtherIncome": -128500000, "calculatedIncomeNonControlling": 0, "calculatedEbitda": 90900000}, {"date": "1998-12-31", "symbol": "CVBF", "reportedCurrency": "USD", "cik": "0000354647", "fillingDate": "1999-03-19", "acceptedDate": "1999-03-19 00:00:00", "calendarYear": "1998", "period": "FY", "revenue": 80600000, "costOfRevenue": 0, "grossProfit": 80600000, "grossProfitRatio": 1, "researchAndDevelopmentExpenses": 0, "generalAndAdministrativeExpenses": 22700000, "sellingAndMarketingExpenses": 2000000, "sellingGeneralAndAdministrativeExpenses": 24700000, "otherExpenses": -41000000, "operatingExpenses": -16300000, "costAndExpenses": -16300000, "interestIncome": 96800000, "interestExpense": 31200000, "depreciationAndAmortization": 1900000, "ebitda": 66200000, "ebitdaratio": 0.8213399504, "operatingIncome": 64300000, "operatingIncomeRatio": 0.7977667494, "totalOtherIncomeExpensesNet": -31200000, "incomeBeforeTax": 33100000, "incomeBeforeTaxRatio": 0.4106699752, "incomeTaxExpense": 12300000, "netIncome": 20800000, "netIncomeRatio": 0.2580645161, "eps": 0.3, "epsdiluted": 0.29, "weightedAverageShsOut": 79104275, "weightedAverageShsOutDil": 82434981, "link": "https://www.sec.gov/Archives/edgar/data/354647/000095015099000288/0000950150-99-000288-index.html", "finalLink": "https://www.sec.gov/Archives/edgar/data/354647/", "calculatedOtherExpenses": -8400000, "calculatedOperatingExpenses": 16300000, "calculatedNetInterest": 65600000, "calculatedOtherIncome": -96800000, "calculatedIncomeNonControlling": 0, "calculatedEbitda": 66200000}, {"date": "1997-12-31", "symbol": "CVBF", "reportedCurrency": "USD", "cik": "0000354647", "fillingDate": "1998-03-25", "acceptedDate": "1998-03-25 00:00:00", "calendarYear": "1997", "period": "FY", "revenue": 73500000, "costOfRevenue": 0, "grossProfit": 73500000, "grossProfitRatio": 1, "researchAndDevelopmentExpenses": 0, "generalAndAdministrativeExpenses": 21700000, "sellingAndMarketingExpenses": 2100000, "sellingGeneralAndAdministrativeExpenses": 23800000, "otherExpenses": -44300000, "operatingExpenses": -20500000, "costAndExpenses": -20500000, "interestIncome": 84700000, "interestExpense": 25000000, "depreciationAndAmortization": 1900000, "ebitda": 54900000, "ebitdaratio": 0.7469387755, "operatingIncome": 53000000, "operatingIncomeRatio": 0.7210884354, "totalOtherIncomeExpensesNet": -25000000, "incomeBeforeTax": 28000000, "incomeBeforeTaxRatio": 0.380952381, "incomeTaxExpense": 10600000, "netIncome": 17400000, "netIncomeRatio": 0.2367346939, "eps": 0.24, "epsdiluted": 0.23, "weightedAverageShsOut": 86961294, "weightedAverageShsOutDil": 86961294, "link": "https://www.sec.gov/Archives/edgar/data/354647/000095014898000593/0000950148-98-000593-index.html", "finalLink": "https://www.sec.gov/Archives/edgar/data/354647/", "calculatedOtherExpenses": -3300000, "calculatedOperatingExpenses": 20500000, "calculatedNetInterest": 59700000, "calculatedOtherIncome": -84700000, "calculatedIncomeNonControlling": 0, "calculatedEbitda": 54900000}, {"date": "1996-12-31", "symbol": "CVBF", "reportedCurrency": "USD", "cik": "0000354647", "fillingDate": "1997-03-25", "acceptedDate": "1997-03-25 00:00:00", "calendarYear": "1996", "period": "FY", "revenue": 67700000, "costOfRevenue": 0, "grossProfit": 67700000, "grossProfitRatio": 1, "researchAndDevelopmentExpenses": 0, "generalAndAdministrativeExpenses": 20000000, "sellingAndMarketingExpenses": 2200000, "sellingGeneralAndAdministrativeExpenses": 22200000, "otherExpenses": -45500000, "operatingExpenses": -23300000, "costAndExpenses": -23300000, "interestIncome": 74900000, "interestExpense": 21500000, "depreciationAndAmortization": -200000, "ebitda": 44200000, "ebitdaratio": 0.6528803545, "operatingIncome": 44400000, "operatingIncomeRatio": 0.6558345643, "totalOtherIncomeExpensesNet": -21500000, "incomeBeforeTax": 22900000, "incomeBeforeTaxRatio": 0.3382570162, "incomeTaxExpense": 9600000, "netIncome": 13300000, "netIncomeRatio": 0.1964549483, "eps": 0.18, "epsdiluted": 0.18, "weightedAverageShsOut": 73273796, "weightedAverageShsOutDil": 75844411, "link": "https://www.sec.gov/Archives/edgar/data/354647/000093639297000393/0000936392-97-000393-index.html", "finalLink": "https://www.sec.gov/Archives/edgar/data/354647/", "calculatedOtherExpenses": 1100000, "calculatedOperatingExpenses": 23300000, "calculatedNetInterest": 53400000, "calculatedOtherIncome": -74900000, "calculatedIncomeNonControlling": 0, "calculatedEbitda": 44200000}, {"date": "1995-12-31", "symbol": "CVBF", "reportedCurrency": "USD", "cik": "0000354647", "fillingDate": "1996-03-27", "acceptedDate": "1996-03-27 00:00:00", "calendarYear": "1995", "period": "FY", "revenue": 57200000, "costOfRevenue": 0, "grossProfit": 57200000, "grossProfitRatio": 1, "researchAndDevelopmentExpenses": 0, "generalAndAdministrativeExpenses": 16500000, "sellingAndMarketingExpenses": 1400000, "sellingGeneralAndAdministrativeExpenses": 17900000, "otherExpenses": -38900000, "operatingExpenses": -21000000, "costAndExpenses": -21000000, "interestIncome": 64700000, "interestExpense": 16600000, "depreciationAndAmortization": 1000000, "ebitda": 37200000, "ebitdaratio": 0.6503496503, "operatingIncome": 36200000, "operatingIncomeRatio": 0.6328671329, "totalOtherIncomeExpensesNet": -16600000, "incomeBeforeTax": 19600000, "incomeBeforeTaxRatio": 0.3426573427, "incomeTaxExpense": 8100000, "netIncome": 11500000, "netIncomeRatio": 0.201048951, "eps": 0.17, "epsdiluted": 0.17, "weightedAverageShsOut": 69493272, "weightedAverageShsOutDil": 70141823, "link": "https://www.sec.gov/Archives/edgar/data/354647/000035464796000003/0000354647-96-000003-index.html", "finalLink": "https://www.sec.gov/Archives/edgar/data/354647/", "calculatedOtherExpenses": 3100000, "calculatedOperatingExpenses": 21000000, "calculatedNetInterest": 48100000, "calculatedOtherIncome": -64700000, "calculatedIncomeNonControlling": 0, "calculatedEbitda": 37200000}, {"date": "1994-12-31", "symbol": "CVBF", "reportedCurrency": "USD", "cik": "0000354647", "fillingDate": "1995-03-30", "acceptedDate": "1995-03-30 00:00:00", "calendarYear": "1994", "period": "FY", "revenue": 50400000, "costOfRevenue": 0, "grossProfit": 50400000, "grossProfitRatio": 1, "researchAndDevelopmentExpenses": 0, "generalAndAdministrativeExpenses": 15200000, "sellingAndMarketingExpenses": 1500000, "sellingGeneralAndAdministrativeExpenses": 16700000, "otherExpenses": -38300000, "operatingExpenses": -21600000, "costAndExpenses": -21600000, "interestIncome": 54000000, "interestExpense": 11200000, "depreciationAndAmortization": 0, "ebitda": 28800000, "ebitdaratio": 0.5714285714, "operatingIncome": 28800000, "operatingIncomeRatio": 0.5714285714, "totalOtherIncomeExpensesNet": -11200000, "incomeBeforeTax": 17600000, "incomeBeforeTaxRatio": 0.3492063492, "incomeTaxExpense": 7200000, "netIncome": 10400000, "netIncomeRatio": 0.2063492063, "eps": 0.14, "epsdiluted": 0.14, "weightedAverageShsOut": 74817256, "weightedAverageShsOutDil": 74817256, "link": "https://www.sec.gov/Archives/edgar/data/354647/000035464795000002/0000354647-95-000002-index.html", "finalLink": "https://www.sec.gov/Archives/edgar/data/354647/", "calculatedOtherExpenses": 4900000, "calculatedOperatingExpenses": 21600000, "calculatedNetInterest": 42800000, "calculatedOtherIncome": -54000000, "calculatedIncomeNonControlling": 0, "calculatedEbitda": 28800000}, {"date": "1993-12-31", "symbol": "CVBF", "reportedCurrency": "USD", "cik": "0000354647", "fillingDate": "1994-03-29", "acceptedDate": "1994-03-29 00:00:00", "calendarYear": "1993", "period": "FY", "revenue": 46600000, "costOfRevenue": 0, "grossProfit": 46600000, "grossProfitRatio": 1, "researchAndDevelopmentExpenses": 0, "generalAndAdministrativeExpenses": 14400000, "sellingAndMarketingExpenses": 1100000, "sellingGeneralAndAdministrativeExpenses": 15500000, "otherExpenses": -36700000, "operatingExpenses": -21200000, "costAndExpenses": -21200000, "interestIncome": 45800000, "interestExpense": 9900000, "depreciationAndAmortization": 200000, "ebitda": 25600000, "ebitdaratio": 0.5493562232, "operatingIncome": 25400000, "operatingIncomeRatio": 0.5450643777, "totalOtherIncomeExpensesNet": -9900000, "incomeBeforeTax": 15500000, "incomeBeforeTaxRatio": 0.3326180258, "incomeTaxExpense": 6000000, "netIncome": 9500000, "netIncomeRatio": 0.2038626609, "eps": 0.15, "epsdiluted": 0.14, "weightedAverageShsOut": 64332198, "weightedAverageShsOutDil": 68621290, "link": "https://www.sec.gov/Archives/edgar/data/354647/000035464794000002/0000354647-94-000002-index.html", "finalLink": "https://www.sec.gov/Archives/edgar/data/354647/", "calculatedOtherExpenses": 5700000, "calculatedOperatingExpenses": 21200000, "calculatedNetInterest": 35900000, "calculatedOtherIncome": -45800000, "calculatedIncomeNonControlling": 0, "calculatedEbitda": 25600000}, {"date": "1992-12-31", "symbol": "CVBF", "reportedCurrency": "USD", "cik": "0000354647", "fillingDate": "1992-12-31", "acceptedDate": "1992-12-30 19:00:00", "calendarYear": "1992", "period": "FY", "revenue": 39900000, "costOfRevenue": 0, "grossProfit": 39900000, "grossProfitRatio": 1, "researchAndDevelopmentExpenses": 0, "generalAndAdministrativeExpenses": 13500000, "sellingAndMarketingExpenses": 700000, "sellingGeneralAndAdministrativeExpenses": 14200000, "otherExpenses": -27200000, "operatingExpenses": -13000000, "costAndExpenses": -13000000, "interestIncome": 44200000, "interestExpense": 12200000, "depreciationAndAmortization": 1100000, "ebitda": 28000000, "ebitdaratio": 0.701754386, "operatingIncome": 26900000, "operatingIncomeRatio": 0.6741854637, "totalOtherIncomeExpensesNet": -12200000, "incomeBeforeTax": 14700000, "incomeBeforeTaxRatio": 0.3684210526, "incomeTaxExpense": 5700000, "netIncome": 9000000, "netIncomeRatio": 0.2255639098, "eps": 0.15, "epsdiluted": 0.15, "weightedAverageShsOut": 59702681, "weightedAverageShsOutDil": 59702681, "link": "", "finalLink": "", "calculatedOtherExpenses": -1200000, "calculatedOperatingExpenses": 13000000, "calculatedNetInterest": 32000000, "calculatedOtherIncome": -44200000, "calculatedIncomeNonControlling": 0, "calculatedEbitda": 28000000}, {"date": "1991-12-31", "symbol": "CVBF", "reportedCurrency": "USD", "cik": "0000354647", "fillingDate": "1991-12-31", "acceptedDate": "1991-12-30 19:00:00", "calendarYear": "1991", "period": "FY", "revenue": 36500000, "costOfRevenue": 0, "grossProfit": 36500000, "grossProfitRatio": 1, "researchAndDevelopmentExpenses": 0, "generalAndAdministrativeExpenses": 13600000, "sellingAndMarketingExpenses": 700000, "sellingGeneralAndAdministrativeExpenses": 14300000, "otherExpenses": -18200000, "operatingExpenses": -3900000, "costAndExpenses": -3900000, "interestIncome": 48900000, "interestExpense": 19400000, "depreciationAndAmortization": 1300000, "ebitda": 33900000, "ebitdaratio": 0.9287671233, "operatingIncome": 32600000, "operatingIncomeRatio": 0.8931506849, "totalOtherIncomeExpensesNet": -19400000, "incomeBeforeTax": 13200000, "incomeBeforeTaxRatio": 0.3616438356, "incomeTaxExpense": 5200000, "netIncome": 8000000, "netIncomeRatio": 0.2191780822, "eps": 0.14, "epsdiluted": 0.14, "weightedAverageShsOut": 57786349, "weightedAverageShsOutDil": 57786349, "link": "", "finalLink": "", "calculatedOtherExpenses": -10400000, "calculatedOperatingExpenses": 3900000, "calculatedNetInterest": 29500000, "calculatedOtherIncome": -48900000, "calculatedIncomeNonControlling": 0, "calculatedEbitda": 33900000}, {"date": "1990-12-31", "symbol": "CVBF", "reportedCurrency": "USD", "cik": "0000354647", "fillingDate": "1990-12-31", "acceptedDate": "1990-12-30 19:00:00", "calendarYear": "1990", "period": "FY", "revenue": 36100000, "costOfRevenue": 0, "grossProfit": 36100000, "grossProfitRatio": 1, "researchAndDevelopmentExpenses": 0, "generalAndAdministrativeExpenses": 12900000, "sellingAndMarketingExpenses": 0, "sellingGeneralAndAdministrativeExpenses": 12900000, "otherExpenses": -11600000, "operatingExpenses": 1300000, "costAndExpenses": 1300000, "interestIncome": 52500000, "interestExpense": 22800000, "depreciationAndAmortization": 1300000, "ebitda": 38700000, "ebitdaratio": 1.0720221607, "operatingIncome": 37400000, "operatingIncomeRatio": 1.0360110803, "totalOtherIncomeExpensesNet": -22800000, "incomeBeforeTax": 14600000, "incomeBeforeTaxRatio": 0.404432133, "incomeTaxExpense": 5800000, "netIncome": 8800000, "netIncomeRatio": 0.243767313, "eps": 0.14, "epsdiluted": 0.14, "weightedAverageShsOut": 60860063, "weightedAverageShsOutDil": 60860063, "link": "", "finalLink": "", "calculatedOtherExpenses": -14200000, "calculatedOperatingExpenses": -1300000, "calculatedNetInterest": 29700000, "calculatedOtherIncome": -52500000, "calculatedIncomeNonControlling": 0, "calculatedEbitda": 38700000}, {"date": "1989-12-31", "symbol": "CVBF", "reportedCurrency": "USD", "cik": "0000354647", "fillingDate": "1989-12-31", "acceptedDate": "1989-12-30 19:00:00", "calendarYear": "1989", "period": "FY", "revenue": 32800000, "costOfRevenue": 0, "grossProfit": 32800000, "grossProfitRatio": 1, "researchAndDevelopmentExpenses": 0, "generalAndAdministrativeExpenses": 11300000, "sellingAndMarketingExpenses": 0, "sellingGeneralAndAdministrativeExpenses": 11300000, "otherExpenses": -12600000, "operatingExpenses": -1300000, "costAndExpenses": -1300000, "interestIncome": 46700000, "interestExpense": 18800000, "depreciationAndAmortization": 1200000, "ebitda": 32700000, "ebitdaratio": 0.9969512195, "operatingIncome": 31500000, "operatingIncomeRatio": 0.9603658537, "totalOtherIncomeExpensesNet": -18800000, "incomeBeforeTax": 12700000, "incomeBeforeTaxRatio": 0.387195122, "incomeTaxExpense": 4900000, "netIncome": 7800000, "netIncomeRatio": 0.237804878, "eps": 0.13, "epsdiluted": 0.13, "weightedAverageShsOut": 60366377, "weightedAverageShsOutDil": 60366377, "link": "", "finalLink": "", "calculatedOtherExpenses": -10000000, "calculatedOperatingExpenses": 1300000, "calculatedNetInterest": 27900000, "calculatedOtherIncome": -46700000, "calculatedIncomeNonControlling": 0, "calculatedEbitda": 32700000}, {"date": "1988-12-31", "symbol": "CVBF", "reportedCurrency": "USD", "cik": "0000354647", "fillingDate": "1988-12-31", "acceptedDate": "1988-12-30 19:00:00", "calendarYear": "1988", "period": "FY", "revenue": 0, "costOfRevenue": 0, "grossProfit": 0, "grossProfitRatio": 0, "researchAndDevelopmentExpenses": 0, "generalAndAdministrativeExpenses": 0, "sellingAndMarketingExpenses": 0, "sellingGeneralAndAdministrativeExpenses": 0, "otherExpenses": 5800000, "operatingExpenses": 5800000, "costAndExpenses": 5800000, "interestIncome": 0, "interestExpense": 0, "depreciationAndAmortization": 0, "ebitda": 5800000, "ebitdaratio": 0, "operatingIncome": 5800000, "operatingIncomeRatio": 0, "totalOtherIncomeExpensesNet": 0, "incomeBeforeTax": 0, "incomeBeforeTaxRatio": 0, "incomeTaxExpense": -5800000, "netIncome": 5800000, "netIncomeRatio": 0, "eps": 0.0954, "epsdiluted": 0.0954, "weightedAverageShsOut": 60815770, "weightedAverageShsOutDil": 60815770, "link": "", "finalLink": "", "calculatedOtherExpenses": -5800000, "calculatedOperatingExpenses": -5800000, "calculatedNetInterest": 0, "calculatedOtherIncome": -5800000, "calculatedIncomeNonControlling": 0, "calculatedEbitda": 5800000}, {"date": "1987-12-31", "symbol": "CVBF", "reportedCurrency": "USD", "cik": "0000354647", "fillingDate": "1987-12-31", "acceptedDate": "1987-12-30 19:00:00", "calendarYear": "1987", "period": "FY", "revenue": 0, "costOfRevenue": 0, "grossProfit": 0, "grossProfitRatio": 0, "researchAndDevelopmentExpenses": 0, "generalAndAdministrativeExpenses": 0, "sellingAndMarketingExpenses": 0, "sellingGeneralAndAdministrativeExpenses": 0, "otherExpenses": 4000000, "operatingExpenses": 4000000, "costAndExpenses": 4000000, "interestIncome": 0, "interestExpense": 0, "depreciationAndAmortization": 0, "ebitda": 4000000, "ebitdaratio": 0, "operatingIncome": 4000000, "operatingIncomeRatio": 0, "totalOtherIncomeExpensesNet": 0, "incomeBeforeTax": 0, "incomeBeforeTaxRatio": 0, "incomeTaxExpense": -4000000, "netIncome": 4000000, "netIncomeRatio": 0, "eps": 0.0677, "epsdiluted": 0.0677, "weightedAverageShsOut": 59099908, "weightedAverageShsOutDil": 59099908, "link": "", "finalLink": "", "calculatedOtherExpenses": -4000000, "calculatedOperatingExpenses": -4000000, "calculatedNetInterest": 0, "calculatedOtherIncome": -4000000, "calculatedIncomeNonControlling": 0, "calculatedEbitda": 4000000}, {"date": "1986-12-31", "symbol": "CVBF", "reportedCurrency": "USD", "cik": "0000354647", "fillingDate": "1986-12-31", "acceptedDate": "1986-12-30 19:00:00", "calendarYear": "1986", "period": "FY", "revenue": 0, "costOfRevenue": 0, "grossProfit": 0, "grossProfitRatio": 0, "researchAndDevelopmentExpenses": 0, "generalAndAdministrativeExpenses": 0, "sellingAndMarketingExpenses": 0, "sellingGeneralAndAdministrativeExpenses": 0, "otherExpenses": 2900000, "operatingExpenses": 2900000, "costAndExpenses": 2900000, "interestIncome": 0, "interestExpense": 0, "depreciationAndAmortization": 0, "ebitda": 2900000, "ebitdaratio": 0, "operatingIncome": 2900000, "operatingIncomeRatio": 0, "totalOtherIncomeExpensesNet": 0, "incomeBeforeTax": 0, "incomeBeforeTaxRatio": 0, "incomeTaxExpense": -2900000, "netIncome": 2900000, "netIncomeRatio": 0, "eps": 0.0492, "epsdiluted": 0.0492, "weightedAverageShsOut": 58914351, "weightedAverageShsOutDil": 58914351, "link": "", "finalLink": "", "calculatedOtherExpenses": -2900000, "calculatedOperatingExpenses": -2900000, "calculatedNetInterest": 0, "calculatedOtherIncome": -2900000, "calculatedIncomeNonControlling": 0, "calculatedEbitda": 2900000}, {"date": "1985-12-31", "symbol": "CVBF", "reportedCurrency": "USD", "cik": "0000354647", "fillingDate": "1985-12-31", "acceptedDate": "1985-12-30 19:00:00", "calendarYear": "1985", "period": "FY", "revenue": 0, "costOfRevenue": 0, "grossProfit": 0, "grossProfitRatio": 0, "researchAndDevelopmentExpenses": 0, "generalAndAdministrativeExpenses": 0, "sellingAndMarketingExpenses": 0, "sellingGeneralAndAdministrativeExpenses": 0, "otherExpenses": 2300000, "operatingExpenses": 2300000, "costAndExpenses": 2300000, "interestIncome": 0, "interestExpense": 0, "depreciationAndAmortization": 0, "ebitda": 2300000, "ebitdaratio": 0, "operatingIncome": 2300000, "operatingIncomeRatio": 0, "totalOtherIncomeExpensesNet": 0, "incomeBeforeTax": 0, "incomeBeforeTaxRatio": 0, "incomeTaxExpense": -2300000, "netIncome": 2300000, "netIncomeRatio": 0, "eps": 0.0431, "epsdiluted": 0.0431, "weightedAverageShsOut": 53401440, "weightedAverageShsOutDil": 53401440, "link": "", "finalLink": "", "calculatedOtherExpenses": -2300000, "calculatedOperatingExpenses": -2300000, "calculatedNetInterest": 0, "calculatedOtherIncome": -2300000, "calculatedIncomeNonControlling": 0, "calculatedEbitda": 2300000}]}