{"originalCurrency": "USD", "convertedCurrency": "USD", "report": [{"date": "2023-04-01", "symbol": "CVCO", "reportedCurrency": "USD", "cik": "0000278166", "fillingDate": "2023-05-19", "acceptedDate": "2023-05-19 16:23:51", "calendarYear": "2023", "period": "FY", "revenue": 2142713000, "costOfRevenue": 1587781000, "grossProfit": 554932000, "grossProfitRatio": 0.2589856878, "researchAndDevelopmentExpenses": 0, "generalAndAdministrativeExpenses": 0, "sellingAndMarketingExpenses": 0, "sellingGeneralAndAdministrativeExpenses": 258323000, "otherExpenses": 385000, "operatingExpenses": 258323000, "costAndExpenses": 1846104000, "interestIncome": 10679000, "interestExpense": 910000, "depreciationAndAmortization": 122887000, "ebitda": 307673000, "ebitdaratio": 0.1435903922, "operatingIncome": 184786000, "operatingIncomeRatio": 0.0862392677, "totalOtherIncomeExpensesNet": 121977000, "incomeBeforeTax": 306763000, "incomeBeforeTaxRatio": 0.1431656969, "incomeTaxExpense": 65922000, "netIncome": 240554000, "netIncomeRatio": 0.1122660851, "eps": 27.2, "epsdiluted": 26.95, "weightedAverageShsOut": 8844326, "weightedAverageShsOutDil": 8924452, "link": "https://www.sec.gov/Archives/edgar/data/278166/000027816623000032/0000278166-23-000032-index.htm", "finalLink": "https://www.sec.gov/Archives/edgar/data/278166/000027816623000032/cvco-20230401.htm", "calculatedOtherExpenses": 111823000, "calculatedOperatingExpenses": 370146000, "calculatedNetInterest": 9769000, "calculatedOtherIncome": 112208000, "calculatedIncomeNonControlling": 287000, "calculatedEbitda": 307673000}, {"date": "2022-04-02", "symbol": "CVCO", "reportedCurrency": "USD", "cik": "0000278166", "fillingDate": "2022-05-31", "acceptedDate": "2022-05-31 16:57:45", "calendarYear": "2022", "period": "FY", "revenue": 1627158000, "costOfRevenue": 1218409000, "grossProfit": 408749000, "grossProfitRatio": 0.2512042469, "researchAndDevelopmentExpenses": 0, "generalAndAdministrativeExpenses": 0, "sellingAndMarketingExpenses": 0, "sellingGeneralAndAdministrativeExpenses": 206253000, "otherExpenses": 10195000, "operatingExpenses": 206253000, "costAndExpenses": 1424662000, "interestIncome": 3537000, "interestExpense": 702000, "depreciationAndAmortization": 10195000, "ebitda": 212691000, "ebitdaratio": 0.1307131821, "operatingIncome": 202496000, "operatingIncomeRatio": 0.1244476566, "totalOtherIncomeExpensesNet": 9493000, "incomeBeforeTax": 211989000, "incomeBeforeTaxRatio": 0.1302817551, "incomeTaxExpense": 14247000, "netIncome": 197699000, "netIncomeRatio": 0.1214995716, "eps": 21.54, "epsdiluted": 21.34, "weightedAverageShsOut": 9178593, "weightedAverageShsOutDil": 9264153, "link": "https://www.sec.gov/Archives/edgar/data/278166/000027816622000031/0000278166-22-000031-index.htm", "finalLink": "https://www.sec.gov/Archives/edgar/data/278166/000027816622000031/cvco-20220402.htm", "calculatedOtherExpenses": 0, "calculatedOperatingExpenses": 206253000, "calculatedNetInterest": 2835000, "calculatedOtherIncome": 6658000, "calculatedIncomeNonControlling": 43000, "calculatedEbitda": 212691000}, {"date": "2021-04-03", "symbol": "CVCO", "reportedCurrency": "USD", "cik": "0000278166", "fillingDate": "2021-05-28", "acceptedDate": "2021-05-27 21:35:30", "calendarYear": "2021", "period": "FY", "revenue": 1108051000, "costOfRevenue": 869074000, "grossProfit": 238977000, "grossProfitRatio": 0.2156732858, "researchAndDevelopmentExpenses": 0, "generalAndAdministrativeExpenses": 0, "sellingAndMarketingExpenses": 0, "sellingGeneralAndAdministrativeExpenses": 150152000, "otherExpenses": 8825000, "operatingExpenses": 150152000, "costAndExpenses": 1019226000, "interestIncome": 2144000, "interestExpense": 738000, "depreciationAndAmortization": 8825000, "ebitda": 97650000, "ebitdaratio": 0.0881277125, "operatingIncome": 88825000, "operatingIncomeRatio": 0.0801632777, "totalOtherIncomeExpensesNet": 8087000, "incomeBeforeTax": 96912000, "incomeBeforeTaxRatio": 0.0874616782, "incomeTaxExpense": 20266000, "netIncome": 76646000, "netIncomeRatio": 0.0691719063, "eps": 8.34, "epsdiluted": 8.25, "weightedAverageShsOut": 9189052, "weightedAverageShsOutDil": 9293134, "link": "https://www.sec.gov/Archives/edgar/data/278166/000027816621000029/0000278166-21-000029-index.htm", "finalLink": "https://www.sec.gov/Archives/edgar/data/278166/000027816621000029/cvco-20210403.htm", "calculatedOtherExpenses": 0, "calculatedOperatingExpenses": 150152000, "calculatedNetInterest": 1406000, "calculatedOtherIncome": 6681000, "calculatedIncomeNonControlling": 0, "calculatedEbitda": 97650000}, {"date": "2020-03-28", "symbol": "CVCO", "reportedCurrency": "USD", "cik": "0000278166", "fillingDate": "2020-05-27", "acceptedDate": "2020-05-26 19:47:10", "calendarYear": "2020", "period": "FY", "revenue": 1061774000, "costOfRevenue": 831256000, "grossProfit": 230518000, "grossProfitRatio": 0.2171064652, "researchAndDevelopmentExpenses": 0, "generalAndAdministrativeExpenses": 0, "sellingAndMarketingExpenses": 0, "sellingGeneralAndAdministrativeExpenses": 145611000, "otherExpenses": 9567000, "operatingExpenses": 145611000, "costAndExpenses": 976867000, "interestIncome": 8422000, "interestExpense": 1495000, "depreciationAndAmortization": 9567000, "ebitda": 94474000, "ebitdaratio": 0.0889775037, "operatingIncome": 84907000, "operatingIncomeRatio": 0.0799671116, "totalOtherIncomeExpensesNet": 8072000, "incomeBeforeTax": 92979000, "incomeBeforeTaxRatio": 0.0875694828, "incomeTaxExpense": 17913000, "netIncome": 75066000, "netIncomeRatio": 0.0706986609, "eps": 8.22, "epsdiluted": 8.1, "weightedAverageShsOut": 9129639, "weightedAverageShsOutDil": 9268784, "link": "https://www.sec.gov/Archives/edgar/data/278166/000027816620000028/0000278166-20-000028-index.htm", "finalLink": "https://www.sec.gov/Archives/edgar/data/278166/000027816620000028/cvco-2020328x10k.htm", "calculatedOtherExpenses": 0, "calculatedOperatingExpenses": 145611000, "calculatedNetInterest": 6927000, "calculatedOtherIncome": 1145000, "calculatedIncomeNonControlling": 0, "calculatedEbitda": 94474000}, {"date": "2019-03-30", "symbol": "CVCO", "reportedCurrency": "USD", "cik": "0000278166", "fillingDate": "2019-05-29", "acceptedDate": "2019-05-28 17:48:39", "calendarYear": "2019", "period": "FY", "revenue": 962746000, "costOfRevenue": 757040000, "grossProfit": 205706000, "grossProfitRatio": 0.2136659098, "researchAndDevelopmentExpenses": 0, "generalAndAdministrativeExpenses": 119468000, "sellingAndMarketingExpenses": 2100000, "sellingGeneralAndAdministrativeExpenses": 121568000, "otherExpenses": 5982000, "operatingExpenses": 121568000, "costAndExpenses": 878608000, "interestIncome": 6322000, "interestExpense": 3444000, "depreciationAndAmortization": 4698000, "ebitda": 90120000, "ebitdaratio": 0.0936072443, "operatingIncome": 84138000, "operatingIncomeRatio": 0.0873937674, "totalOtherIncomeExpensesNet": 5982000, "incomeBeforeTax": 86676000, "incomeBeforeTaxRatio": 0.0900299768, "incomeTaxExpense": 18054000, "netIncome": 68622000, "netIncomeRatio": 0.071277367, "eps": 7.56, "epsdiluted": 7.4, "weightedAverageShsOut": 9080878, "weightedAverageShsOutDil": 9268737, "link": "https://www.sec.gov/Archives/edgar/data/278166/000027816619000053/0000278166-19-000053-index.htm", "finalLink": "https://www.sec.gov/Archives/edgar/data/278166/000027816619000053/cvco-2019330x10k.htm", "calculatedOtherExpenses": 0, "calculatedOperatingExpenses": 121568000, "calculatedNetInterest": 2878000, "calculatedOtherIncome": -340000, "calculatedIncomeNonControlling": 0, "calculatedEbitda": 88836000}, {"date": "2018-03-31", "symbol": "CVCO", "reportedCurrency": "USD", "cik": "0000278166", "fillingDate": "2018-05-30", "acceptedDate": "2018-05-30 16:51:01", "calendarYear": "2018", "period": "FY", "revenue": 871235000, "costOfRevenue": 690555000, "grossProfit": 180680000, "grossProfitRatio": 0.2073837713, "researchAndDevelopmentExpenses": 0, "generalAndAdministrativeExpenses": 106907000, "sellingAndMarketingExpenses": 0, "sellingGeneralAndAdministrativeExpenses": 106907000, "otherExpenses": 9147000, "operatingExpenses": 106907000, "costAndExpenses": 797462000, "interestIncome": 0, "interestExpense": 4397000, "depreciationAndAmortization": 4026000, "ebitda": 82920000, "ebitdaratio": 0.0951752397, "operatingIncome": 73773000, "operatingIncomeRatio": 0.0846763502, "totalOtherIncomeExpensesNet": 9147000, "incomeBeforeTax": 78523000, "incomeBeforeTaxRatio": 0.090128381, "incomeTaxExpense": 17021000, "netIncome": 61502000, "netIncomeRatio": 0.0705917462, "eps": 6.82, "epsdiluted": 6.68, "weightedAverageShsOut": 9024437, "weightedAverageShsOutDil": 9201706, "link": "https://www.sec.gov/Archives/edgar/data/278166/000027816618000019/0000278166-18-000019-index.htm", "finalLink": "https://www.sec.gov/Archives/edgar/data/278166/000027816618000019/cvco-2018331x10k.htm", "calculatedOtherExpenses": 0, "calculatedOperatingExpenses": 106907000, "calculatedNetInterest": -4397000, "calculatedOtherIncome": 9147000, "calculatedIncomeNonControlling": 0, "calculatedEbitda": 77799000}, {"date": "2017-04-01", "symbol": "CVCO", "reportedCurrency": "USD", "cik": "0000278166", "fillingDate": "2017-06-13", "acceptedDate": "2017-06-13 16:27:12", "calendarYear": "2017", "period": "FY", "revenue": 773797000, "costOfRevenue": 615760000, "grossProfit": 158037000, "grossProfitRatio": 0.2042357362, "researchAndDevelopmentExpenses": 0, "generalAndAdministrativeExpenses": 101231000, "sellingAndMarketingExpenses": 0, "sellingGeneralAndAdministrativeExpenses": 101231000, "otherExpenses": 2918000, "operatingExpenses": 101231000, "costAndExpenses": 716991000, "interestIncome": 0, "interestExpense": 4443000, "depreciationAndAmortization": 3687000, "ebitda": 59724000, "ebitdaratio": 0.0771830338, "operatingIncome": 56806000, "operatingIncomeRatio": 0.0734120189, "totalOtherIncomeExpensesNet": 2918000, "incomeBeforeTax": 55281000, "incomeBeforeTaxRatio": 0.0714412178, "incomeTaxExpense": 17326000, "netIncome": 37955000, "netIncomeRatio": 0.0490503323, "eps": 4.23, "epsdiluted": 4.17, "weightedAverageShsOut": 8976064, "weightedAverageShsOutDil": 9105743, "link": "https://www.sec.gov/Archives/edgar/data/278166/000027816617000024/0000278166-17-000024-index.htm", "finalLink": "https://www.sec.gov/Archives/edgar/data/278166/000027816617000024/cvco-201741x10k.htm", "calculatedOtherExpenses": 0, "calculatedOperatingExpenses": 101231000, "calculatedNetInterest": -4443000, "calculatedOtherIncome": 2918000, "calculatedIncomeNonControlling": 0, "calculatedEbitda": 60493000}, {"date": "2016-04-02", "symbol": "CVCO", "reportedCurrency": "USD", "cik": "0000278166", "fillingDate": "2016-06-21", "acceptedDate": "2016-06-21 13:59:10", "calendarYear": "2016", "period": "FY", "revenue": 712352000, "costOfRevenue": 567907000, "grossProfit": 144445000, "grossProfitRatio": 0.2027719442, "researchAndDevelopmentExpenses": 0, "generalAndAdministrativeExpenses": 98103000, "sellingAndMarketingExpenses": 0, "sellingGeneralAndAdministrativeExpenses": 98103000, "otherExpenses": 2049000, "operatingExpenses": 98103000, "costAndExpenses": 666010000, "interestIncome": 0, "interestExpense": 4363000, "depreciationAndAmortization": 3922000, "ebitda": 48391000, "ebitdaratio": 0.0679313036, "operatingIncome": 46342000, "operatingIncomeRatio": 0.0650549167, "totalOtherIncomeExpensesNet": 2049000, "incomeBeforeTax": 44028000, "incomeBeforeTaxRatio": 0.0618065226, "incomeTaxExpense": 15487000, "netIncome": 28541000, "netIncomeRatio": 0.0400658663, "eps": 3.21, "epsdiluted": 3.15, "weightedAverageShsOut": 8889731, "weightedAverageShsOutDil": 9046347, "link": "https://www.sec.gov/Archives/edgar/data/278166/000027816616000106/0000278166-16-000106-index.htm", "finalLink": "https://www.sec.gov/Archives/edgar/data/278166/000027816616000106/cvco-201642x10k.htm", "calculatedOtherExpenses": 0, "calculatedOperatingExpenses": 98103000, "calculatedNetInterest": -4363000, "calculatedOtherIncome": 2049000, "calculatedIncomeNonControlling": 0, "calculatedEbitda": 50264000}, {"date": "2015-03-28", "symbol": "CVCO", "reportedCurrency": "USD", "cik": "0000278166", "fillingDate": "2015-06-10", "acceptedDate": "2015-06-10 17:30:35", "calendarYear": "2015", "period": "FY", "revenue": 566659000, "costOfRevenue": 440523000, "grossProfit": 126136000, "grossProfitRatio": 0.2225959528, "researchAndDevelopmentExpenses": 0, "generalAndAdministrativeExpenses": 87659000, "sellingAndMarketingExpenses": 0, "sellingGeneralAndAdministrativeExpenses": 87659000, "otherExpenses": 3437000, "operatingExpenses": 87659000, "costAndExpenses": 528182000, "interestIncome": 0, "interestExpense": 4587000, "depreciationAndAmortization": 3757000, "ebitda": 41914000, "ebitdaratio": 0.0739668831, "operatingIncome": 38477000, "operatingIncomeRatio": 0.0679015069, "totalOtherIncomeExpensesNet": 3437000, "incomeBeforeTax": 37327000, "incomeBeforeTaxRatio": 0.0658720677, "incomeTaxExpense": 13510000, "netIncome": 23817000, "netIncomeRatio": 0.0420305686, "eps": 2.69, "epsdiluted": 2.64, "weightedAverageShsOut": 8854359, "weightedAverageShsOutDil": 9015779, "link": "https://www.sec.gov/Archives/edgar/data/278166/000027816615000026/0000278166-15-000026-index.htm", "finalLink": "https://www.sec.gov/Archives/edgar/data/278166/000027816615000026/cvco-2015328x10k.htm", "calculatedOtherExpenses": 0, "calculatedOperatingExpenses": 87659000, "calculatedNetInterest": -4587000, "calculatedOtherIncome": 3437000, "calculatedIncomeNonControlling": 0, "calculatedEbitda": 42234000}, {"date": "2014-03-29", "symbol": "CVCO", "reportedCurrency": "USD", "cik": "0000278166", "fillingDate": "2014-06-11", "acceptedDate": "2014-06-11 17:24:26", "calendarYear": "2014", "period": "FY", "revenue": 533339000, "costOfRevenue": 413856000, "grossProfit": 119483000, "grossProfitRatio": 0.2240282447, "researchAndDevelopmentExpenses": 0, "generalAndAdministrativeExpenses": 87900000, "sellingAndMarketingExpenses": 38000, "sellingGeneralAndAdministrativeExpenses": 87938000, "otherExpenses": 1105000, "operatingExpenses": 87938000, "costAndExpenses": 501794000, "interestIncome": 0, "interestExpense": 4845000, "depreciationAndAmortization": 4000000, "ebitda": 32650000, "ebitdaratio": 0.0612180996, "operatingIncome": 31545000, "operatingIncomeRatio": 0.0591462466, "totalOtherIncomeExpensesNet": 1105000, "incomeBeforeTax": 27805000, "incomeBeforeTaxRatio": 0.0521338211, "incomeTaxExpense": 9099000, "netIncome": 16238000, "netIncomeRatio": 0.0304459265, "eps": 1.97, "epsdiluted": 1.94, "weightedAverageShsOut": 8262688, "weightedAverageShsOutDil": 8379024, "link": "https://www.sec.gov/Archives/edgar/data/278166/000027816614000019/0000278166-14-000019-index.htm", "finalLink": "https://www.sec.gov/Archives/edgar/data/278166/000027816614000019/cvco-2014329x10k.htm", "calculatedOtherExpenses": 0, "calculatedOperatingExpenses": 87938000, "calculatedNetInterest": -4845000, "calculatedOtherIncome": 1105000, "calculatedIncomeNonControlling": 2468000, "calculatedEbitda": 35545000}, {"date": "2013-03-30", "symbol": "CVCO", "reportedCurrency": "USD", "cik": "0000278166", "fillingDate": "2013-06-11", "acceptedDate": "2013-06-11 17:09:55", "calendarYear": "2013", "period": "FY", "revenue": 452300000, "costOfRevenue": 351945000, "grossProfit": 100355000, "grossProfitRatio": 0.2218770727, "researchAndDevelopmentExpenses": 0, "generalAndAdministrativeExpenses": 79300000, "sellingAndMarketingExpenses": 13000, "sellingGeneralAndAdministrativeExpenses": 79313000, "otherExpenses": 1579000, "operatingExpenses": 79313000, "costAndExpenses": 431258000, "interestIncome": 0, "interestExpense": 5973000, "depreciationAndAmortization": 4010000, "ebitda": 22621000, "ebitdaratio": 0.0500132655, "operatingIncome": 21042000, "operatingIncomeRatio": 0.0465222198, "totalOtherIncomeExpensesNet": 1579000, "incomeBeforeTax": 16648000, "incomeBeforeTaxRatio": 0.0368074287, "incomeTaxExpense": 6351000, "netIncome": 4963000, "netIncomeRatio": 0.0109728057, "eps": 0.71, "epsdiluted": 0.71, "weightedAverageShsOut": 6956706, "weightedAverageShsOutDil": 7027204, "link": "https://www.sec.gov/Archives/edgar/data/278166/000144530513001462/0001445305-13-001462-index.htm", "finalLink": "https://www.sec.gov/Archives/edgar/data/278166/000144530513001462/cvco-2013330x10k.htm", "calculatedOtherExpenses": 0, "calculatedOperatingExpenses": 79313000, "calculatedNetInterest": -5973000, "calculatedOtherIncome": 1579000, "calculatedIncomeNonControlling": 5334000, "calculatedEbitda": 25052000}, {"date": "2012-03-31", "symbol": "CVCO", "reportedCurrency": "USD", "cik": "0000278166", "fillingDate": "2012-06-12", "acceptedDate": "2012-06-11 17:32:09", "calendarYear": "2012", "period": "FY", "revenue": 443066000, "costOfRevenue": 347121000, "grossProfit": 95945000, "grossProfitRatio": 0.2165478732, "researchAndDevelopmentExpenses": 0, "generalAndAdministrativeExpenses": 79800000, "sellingAndMarketingExpenses": 0, "sellingGeneralAndAdministrativeExpenses": 79800000, "otherExpenses": 1338000, "operatingExpenses": 79800000, "costAndExpenses": 426921000, "interestIncome": 0, "interestExpense": 7265000, "depreciationAndAmortization": 5556000, "ebitda": 16145000, "ebitdaratio": 0.0364392664, "operatingIncome": 16145000, "operatingIncomeRatio": 0.0364392664, "totalOtherIncomeExpensesNet": 23347000, "incomeBeforeTax": 32227000, "incomeBeforeTaxRatio": 0.0727363418, "incomeTaxExpense": 2499000, "netIncome": 15237000, "netIncomeRatio": 0.0343899103, "eps": 2.22, "epsdiluted": 2.19, "weightedAverageShsOut": 6877437, "weightedAverageShsOutDil": 6949077, "link": "https://www.sec.gov/Archives/edgar/data/278166/000119312512266959/0001193125-12-266959-index.htm", "finalLink": "https://www.sec.gov/Archives/edgar/data/278166/000119312512266959/d359236d10k.htm", "calculatedOtherExpenses": 0, "calculatedOperatingExpenses": 79800000, "calculatedNetInterest": -7265000, "calculatedOtherIncome": 23347000, "calculatedIncomeNonControlling": 14491000, "calculatedEbitda": 21701000}, {"date": "2011-03-31", "symbol": "CVCO", "reportedCurrency": "USD", "cik": "0000278166", "fillingDate": "2011-06-03", "acceptedDate": "2011-06-03 17:27:44", "calendarYear": "2011", "period": "FY", "revenue": 171827000, "costOfRevenue": 147549000, "grossProfit": 24278000, "grossProfitRatio": 0.1412932775, "researchAndDevelopmentExpenses": 0, "generalAndAdministrativeExpenses": 21345000, "sellingAndMarketingExpenses": 0, "sellingGeneralAndAdministrativeExpenses": 21345000, "otherExpenses": 2028000, "operatingExpenses": 21345000, "costAndExpenses": 168894000, "interestIncome": 2028000, "interestExpense": 0, "depreciationAndAmortization": 1357000, "ebitda": 2933000, "ebitdaratio": 0.0170694943, "operatingIncome": 2933000, "operatingIncomeRatio": 0.0170694943, "totalOtherIncomeExpensesNet": 2028000, "incomeBeforeTax": 4961000, "incomeBeforeTaxRatio": 0.0288720632, "incomeTaxExpense": 889000, "netIncome": 2831000, "netIncomeRatio": 0.016475874, "eps": 0.43, "epsdiluted": 0.41, "weightedAverageShsOut": 6637270, "weightedAverageShsOutDil": 6859457, "link": "https://www.sec.gov/Archives/edgar/data/278166/000095012311056537/0000950123-11-056537-index.htm", "finalLink": "https://www.sec.gov/Archives/edgar/data/278166/000095012311056537/c18375e10vk.htm", "calculatedOtherExpenses": 0, "calculatedOperatingExpenses": 21345000, "calculatedNetInterest": 2028000, "calculatedOtherIncome": 0, "calculatedIncomeNonControlling": 1241000, "calculatedEbitda": 4290000}, {"date": "2010-03-31", "symbol": "CVCO", "reportedCurrency": "USD", "cik": "0000278166", "fillingDate": "2010-05-21", "acceptedDate": "2010-05-21 17:20:23", "calendarYear": "2010", "period": "FY", "revenue": 115612000, "costOfRevenue": 104915000, "grossProfit": 10697000, "grossProfitRatio": 0.0925249974, "researchAndDevelopmentExpenses": 0, "generalAndAdministrativeExpenses": 16718000, "sellingAndMarketingExpenses": 0, "sellingGeneralAndAdministrativeExpenses": 16718000, "otherExpenses": 0, "operatingExpenses": 16718000, "costAndExpenses": 121633000, "interestIncome": 222000, "interestExpense": 0, "depreciationAndAmortization": 1204000, "ebitda": -6021000, "ebitdaratio": -0.0520793689, "operatingIncome": -6021000, "operatingIncomeRatio": -0.0520793689, "totalOtherIncomeExpensesNet": 222000, "incomeBeforeTax": -5799000, "incomeBeforeTaxRatio": -0.050159153, "incomeTaxExpense": -2006000, "netIncome": -3371000, "netIncomeRatio": -0.0291578729, "eps": -0.52, "epsdiluted": -0.52, "weightedAverageShsOut": 6516572, "weightedAverageShsOutDil": 6516572, "link": "https://www.sec.gov/Archives/edgar/data/278166/000095012310052053/0000950123-10-052053-index.htm", "finalLink": "https://www.sec.gov/Archives/edgar/data/278166/000095012310052053/c01493e10vk.htm", "calculatedOtherExpenses": 0, "calculatedOperatingExpenses": 16718000, "calculatedNetInterest": 222000, "calculatedOtherIncome": 0, "calculatedIncomeNonControlling": -422000, "calculatedEbitda": -4817000}, {"date": "2009-03-31", "symbol": "CVCO", "reportedCurrency": "USD", "cik": "0000278166", "fillingDate": "2009-05-21", "acceptedDate": "2009-05-21 16:25:35", "calendarYear": "2009", "period": "FY", "revenue": 105362000, "costOfRevenue": 94591000, "grossProfit": 10771000, "grossProfitRatio": 0.1022285074, "researchAndDevelopmentExpenses": 0, "generalAndAdministrativeExpenses": 11213000, "sellingAndMarketingExpenses": 0, "sellingGeneralAndAdministrativeExpenses": 11213000, "otherExpenses": 0, "operatingExpenses": 11213000, "costAndExpenses": 105804000, "interestIncome": 764000, "interestExpense": 0, "depreciationAndAmortization": 817000, "ebitda": 375000, "ebitdaratio": 0.003559158, "operatingIncome": -442000, "operatingIncomeRatio": -0.0041950608, "totalOtherIncomeExpensesNet": 764000, "incomeBeforeTax": 322000, "incomeBeforeTaxRatio": 0.0030561303, "incomeTaxExpense": -136000, "netIncome": 458000, "netIncomeRatio": 0.0043469182, "eps": 0.07, "epsdiluted": 0.07, "weightedAverageShsOut": 6487665, "weightedAverageShsOutDil": 6692932, "link": "https://www.sec.gov/Archives/edgar/data/278166/000136231009008044/0001362310-09-008044-index.htm", "finalLink": "https://www.sec.gov/Archives/edgar/data/278166/000136231009008044/c85729e10vk.htm", "calculatedOtherExpenses": 0, "calculatedOperatingExpenses": 11213000, "calculatedNetInterest": 764000, "calculatedOtherIncome": 0, "calculatedIncomeNonControlling": 0, "calculatedEbitda": 375000}, {"date": "2008-03-31", "symbol": "CVCO", "reportedCurrency": "USD", "cik": "0000278166", "fillingDate": "2008-05-30", "acceptedDate": "2008-05-30 16:05:36", "calendarYear": "2008", "period": "FY", "revenue": 141914000, "costOfRevenue": 121538000, "grossProfit": 20376000, "grossProfitRatio": 0.1435799146, "researchAndDevelopmentExpenses": 0, "generalAndAdministrativeExpenses": 13825000, "sellingAndMarketingExpenses": 0, "sellingGeneralAndAdministrativeExpenses": 13825000, "otherExpenses": 0, "operatingExpenses": 13825000, "costAndExpenses": 135363000, "interestIncome": 2539000, "interestExpense": 0, "depreciationAndAmortization": 785000, "ebitda": 7336000, "ebitdaratio": 0.051693279, "operatingIncome": 6551000, "operatingIncomeRatio": 0.0461617599, "totalOtherIncomeExpensesNet": 2539000, "incomeBeforeTax": 9090000, "incomeBeforeTaxRatio": 0.0640528771, "incomeTaxExpense": 2778000, "netIncome": 6312000, "netIncomeRatio": 0.0444776414, "eps": 0.98, "epsdiluted": 0.95, "weightedAverageShsOut": 6427264, "weightedAverageShsOutDil": 6664111, "link": "https://www.sec.gov/Archives/edgar/data/278166/000095015308001062/0000950153-08-001062-index.htm", "finalLink": "https://www.sec.gov/Archives/edgar/data/278166/000095015308001062/p75585e10vk.htm", "calculatedOtherExpenses": 0, "calculatedOperatingExpenses": 13825000, "calculatedNetInterest": 2539000, "calculatedOtherIncome": 0, "calculatedIncomeNonControlling": 0, "calculatedEbitda": 7336000}, {"date": "2007-03-31", "symbol": "CVCO", "reportedCurrency": "USD", "cik": "0000278166", "fillingDate": "2007-05-22", "acceptedDate": "2007-05-22 17:16:42", "calendarYear": "2007", "period": "FY", "revenue": 169114000, "costOfRevenue": 138813000, "grossProfit": 30301000, "grossProfitRatio": 0.1791749944, "researchAndDevelopmentExpenses": 0, "generalAndAdministrativeExpenses": 15311000, "sellingAndMarketingExpenses": 0, "sellingGeneralAndAdministrativeExpenses": 15311000, "otherExpenses": 0, "operatingExpenses": 15311000, "costAndExpenses": 154124000, "interestIncome": 0, "interestExpense": 2387000, "depreciationAndAmortization": 692000, "ebitda": 15682000, "ebitdaratio": 0.0927303476, "operatingIncome": 14990000, "operatingIncomeRatio": 0.0886384332, "totalOtherIncomeExpensesNet": 2387000, "incomeBeforeTax": 17377000, "incomeBeforeTaxRatio": 0.1027531724, "incomeTaxExpense": 5962000, "netIncome": 11549000, "netIncomeRatio": 0.0682912118, "eps": 1.81, "epsdiluted": 1.74, "weightedAverageShsOut": 6363368, "weightedAverageShsOutDil": 6629580, "link": "https://www.sec.gov/Archives/edgar/data/278166/000095015307001202/0000950153-07-001202-index.htm", "finalLink": "https://www.sec.gov/Archives/edgar/data/278166/000095015307001202/p73816e10vk.htm", "calculatedOtherExpenses": 0, "calculatedOperatingExpenses": 15311000, "calculatedNetInterest": -2387000, "calculatedOtherIncome": 4774000, "calculatedIncomeNonControlling": -134000, "calculatedEbitda": 15682000}, {"date": "2006-03-31", "symbol": "CVCO", "reportedCurrency": "USD", "cik": "0000278166", "fillingDate": "2006-05-24", "acceptedDate": "2006-05-23 19:58:40", "calendarYear": "2006", "period": "FY", "revenue": 189503000, "costOfRevenue": 151143000, "grossProfit": 38360000, "grossProfitRatio": 0.202424236, "researchAndDevelopmentExpenses": 0, "generalAndAdministrativeExpenses": 0, "sellingAndMarketingExpenses": 0, "sellingGeneralAndAdministrativeExpenses": 16367000, "otherExpenses": 16367000, "operatingExpenses": 16367000, "costAndExpenses": 167510000, "interestIncome": 0, "interestExpense": 1479000, "depreciationAndAmortization": 1173000, "ebitda": 23166000, "ebitdaratio": 0.1222460858, "operatingIncome": 21993000, "operatingIncomeRatio": 0.1160562102, "totalOtherIncomeExpensesNet": 1479000, "incomeBeforeTax": 23472000, "incomeBeforeTaxRatio": 0.123860836, "incomeTaxExpense": 8675000, "netIncome": 15049000, "netIncomeRatio": 0.0794129908, "eps": 2.38, "epsdiluted": 2.23, "weightedAverageShsOut": 6318070, "weightedAverageShsOutDil": 6746356, "link": "https://www.sec.gov/Archives/edgar/data/278166/000095015306001486/0000950153-06-001486-index.htm", "finalLink": "https://www.sec.gov/Archives/edgar/data/278166/000095015306001486/p72404e10vk.htm", "calculatedOtherExpenses": 0, "calculatedOperatingExpenses": 16367000, "calculatedNetInterest": -1479000, "calculatedOtherIncome": 2958000, "calculatedIncomeNonControlling": -252000, "calculatedEbitda": 23166000}, {"date": "2005-03-31", "symbol": "CVCO", "reportedCurrency": "USD", "cik": "0000278166", "fillingDate": "2005-05-20", "acceptedDate": "2005-05-20 10:26:37", "calendarYear": "2005", "period": "FY", "revenue": 157435000, "costOfRevenue": 127916000, "grossProfit": 29519000, "grossProfitRatio": 0.187499603, "researchAndDevelopmentExpenses": 0, "generalAndAdministrativeExpenses": 14245000, "sellingAndMarketingExpenses": 0, "sellingGeneralAndAdministrativeExpenses": 14245000, "otherExpenses": 0, "operatingExpenses": 14245000, "costAndExpenses": 142161000, "interestIncome": 0, "interestExpense": 532000, "depreciationAndAmortization": 1303000, "ebitda": 16577000, "ebitdaratio": 0.1052942484, "operatingIncome": 15274000, "operatingIncomeRatio": 0.0970178169, "totalOtherIncomeExpensesNet": 532000, "incomeBeforeTax": 15806000, "incomeBeforeTaxRatio": 0.1003969892, "incomeTaxExpense": 6229000, "netIncome": 10127000, "netIncomeRatio": 0.0643249595, "eps": 1.61, "epsdiluted": 1.54, "weightedAverageShsOut": 6288730, "weightedAverageShsOutDil": 6557819, "link": "https://www.sec.gov/Archives/edgar/data/278166/000095015305001194/0000950153-05-001194-index.htm", "finalLink": "https://www.sec.gov/Archives/edgar/data/278166/000095015305001194/p70639e10vk.htm", "calculatedOtherExpenses": 0, "calculatedOperatingExpenses": 14245000, "calculatedNetInterest": -532000, "calculatedOtherIncome": 1064000, "calculatedIncomeNonControlling": -550000, "calculatedEbitda": 16577000}, {"date": "2004-03-31", "symbol": "CVCO", "reportedCurrency": "USD", "cik": "0000278166", "fillingDate": "2004-05-24", "acceptedDate": "2004-05-24 13:54:20", "calendarYear": "2004", "period": "FY", "revenue": 128857000, "costOfRevenue": 106230000, "grossProfit": 22627000, "grossProfitRatio": 0.1755977557, "researchAndDevelopmentExpenses": 0, "generalAndAdministrativeExpenses": 13583000, "sellingAndMarketingExpenses": 0, "sellingGeneralAndAdministrativeExpenses": 13583000, "otherExpenses": 0, "operatingExpenses": 13583000, "costAndExpenses": 119813000, "interestIncome": 0, "interestExpense": 233000, "depreciationAndAmortization": 1600000, "ebitda": 10644000, "ebitdaratio": 0.0826031958, "operatingIncome": 9044000, "operatingIncomeRatio": 0.0701863306, "totalOtherIncomeExpensesNet": 233000, "incomeBeforeTax": 9277000, "incomeBeforeTaxRatio": 0.0719945366, "incomeTaxExpense": 3054000, "netIncome": 6150000, "netIncomeRatio": 0.0477273256, "eps": 0.49, "epsdiluted": 0.49, "weightedAverageShsOut": 12522364, "weightedAverageShsOutDil": 12623624, "link": "https://www.sec.gov/Archives/edgar/data/278166/000095015304001296/0000950153-04-001296-index.htm", "finalLink": "https://www.sec.gov/Archives/edgar/data/278166/000095015304001296/p69164e10vk.htm", "calculatedOtherExpenses": 0, "calculatedOperatingExpenses": 13583000, "calculatedNetInterest": -233000, "calculatedOtherIncome": 466000, "calculatedIncomeNonControlling": 73000, "calculatedEbitda": 10644000}, {"date": "2003-03-31", "symbol": "CVCO", "reportedCurrency": "USD", "cik": "0000278166", "fillingDate": "2003-03-31", "acceptedDate": "2003-03-30 19:00:00", "calendarYear": "2003", "period": "FY", "revenue": 110037000, "costOfRevenue": 90683000, "grossProfit": 19354000, "grossProfitRatio": 0.1758862928, "researchAndDevelopmentExpenses": 0, "generalAndAdministrativeExpenses": 12200000, "sellingAndMarketingExpenses": 0, "sellingGeneralAndAdministrativeExpenses": 12200000, "otherExpenses": 0, "operatingExpenses": 12200000, "costAndExpenses": 102883000, "interestIncome": 0, "interestExpense": 0, "depreciationAndAmortization": 1167000, "ebitda": 8321000, "ebitdaratio": 0.0756200187, "operatingIncome": 7154000, "operatingIncomeRatio": 0.0650144951, "totalOtherIncomeExpensesNet": -344000, "incomeBeforeTax": 6810000, "incomeBeforeTaxRatio": 0.0618882739, "incomeTaxExpense": 11355000, "netIncome": -4545000, "netIncomeRatio": -0.0413042886, "eps": -0.72, "epsdiluted": -0.72, "weightedAverageShsOut": 6292990, "weightedAverageShsOutDil": 6292990, "link": "", "finalLink": "", "calculatedOtherExpenses": 0, "calculatedOperatingExpenses": 12200000, "calculatedNetInterest": 0, "calculatedOtherIncome": -344000, "calculatedIncomeNonControlling": 0, "calculatedEbitda": 8321000}, {"date": "2002-03-31", "symbol": "CVCO", "reportedCurrency": "USD", "cik": "0000278166", "fillingDate": "2002-03-31", "acceptedDate": "2002-03-30 19:00:00", "calendarYear": "2002", "period": "FY", "revenue": 95728000, "costOfRevenue": 80429000, "grossProfit": 15299000, "grossProfitRatio": 0.1598173993, "researchAndDevelopmentExpenses": 0, "generalAndAdministrativeExpenses": 11535000, "sellingAndMarketingExpenses": 0, "sellingGeneralAndAdministrativeExpenses": 11535000, "otherExpenses": 0, "operatingExpenses": 11535000, "costAndExpenses": 91964000, "interestIncome": 0, "interestExpense": 0, "depreciationAndAmortization": 1202000, "ebitda": 4966000, "ebitdaratio": 0.0518761491, "operatingIncome": 3764000, "operatingIncomeRatio": 0.0393197393, "totalOtherIncomeExpensesNet": -655000, "incomeBeforeTax": 3109000, "incomeBeforeTaxRatio": 0.0324774361, "incomeTaxExpense": 4545000, "netIncome": -1436000, "netIncomeRatio": -0.0150008357, "eps": -0.23, "epsdiluted": -0.23, "weightedAverageShsOut": 6183100, "weightedAverageShsOutDil": 6292990, "link": "", "finalLink": "", "calculatedOtherExpenses": 0, "calculatedOperatingExpenses": 11535000, "calculatedNetInterest": 0, "calculatedOtherIncome": -655000, "calculatedIncomeNonControlling": 0, "calculatedEbitda": 4966000}, {"date": "2001-03-31", "symbol": "CVCO", "reportedCurrency": "USD", "cik": "0000278166", "fillingDate": "2001-03-31", "acceptedDate": "2001-03-30 19:00:00", "calendarYear": "2001", "period": "FY", "revenue": 95480000, "costOfRevenue": 77792000, "grossProfit": 17688000, "grossProfitRatio": 0.1852534562, "researchAndDevelopmentExpenses": 0, "generalAndAdministrativeExpenses": 14370000, "sellingAndMarketingExpenses": 0, "sellingGeneralAndAdministrativeExpenses": 14370000, "otherExpenses": 12912000, "operatingExpenses": 27282000, "costAndExpenses": 105074000, "interestIncome": 0, "interestExpense": 0, "depreciationAndAmortization": 5600000, "ebitda": -9594000, "ebitdaratio": -0.1004817763, "operatingIncome": -9594000, "operatingIncomeRatio": -0.1004817763, "totalOtherIncomeExpensesNet": -1073000, "incomeBeforeTax": -10667000, "incomeBeforeTaxRatio": -0.1117197319, "incomeTaxExpense": 11002000, "netIncome": -27269000, "netIncomeRatio": -0.2855990783, "eps": -4.41, "epsdiluted": -4.33, "weightedAverageShsOut": 6183100, "weightedAverageShsOutDil": 6292990, "link": "", "finalLink": "", "calculatedOtherExpenses": 12912000, "calculatedOperatingExpenses": 27282000, "calculatedNetInterest": 0, "calculatedOtherIncome": -1073000, "calculatedIncomeNonControlling": 5600000, "calculatedEbitda": -3994000}, {"date": "2000-03-31", "symbol": "CVCO", "reportedCurrency": "USD", "cik": "0000278166", "fillingDate": "2000-03-31", "acceptedDate": "2000-03-30 19:00:00", "calendarYear": "2000", "period": "FY", "revenue": 118500000, "costOfRevenue": 90100000, "grossProfit": 28400000, "grossProfitRatio": 0.2396624473, "researchAndDevelopmentExpenses": 0, "generalAndAdministrativeExpenses": 14700000, "sellingAndMarketingExpenses": 0, "sellingGeneralAndAdministrativeExpenses": 14700000, "otherExpenses": 3500000, "operatingExpenses": 18200000, "costAndExpenses": 108300000, "interestIncome": 0, "interestExpense": 300000, "depreciationAndAmortization": -3000000, "ebitda": 7200000, "ebitdaratio": 0.0607594937, "operatingIncome": 10200000, "operatingIncomeRatio": 0.0860759494, "totalOtherIncomeExpensesNet": 300000, "incomeBeforeTax": 10500000, "incomeBeforeTaxRatio": 0.0886075949, "incomeTaxExpense": 3600000, "netIncome": 6900000, "netIncomeRatio": 0.0582278481, "eps": 1.11, "epsdiluted": 1.11, "weightedAverageShsOut": 6200000, "weightedAverageShsOutDil": 6200000, "link": "", "finalLink": "", "calculatedOtherExpenses": 3500000, "calculatedOperatingExpenses": 18200000, "calculatedNetInterest": -300000, "calculatedOtherIncome": 600000, "calculatedIncomeNonControlling": 0, "calculatedEbitda": 7200000}, {"date": "1999-03-31", "symbol": "CVCO", "reportedCurrency": "USD", "cik": "0000278166", "fillingDate": "1999-03-31", "acceptedDate": "1999-03-30 19:00:00", "calendarYear": "1999", "period": "FY", "revenue": 138100000, "costOfRevenue": 106100000, "grossProfit": 32000000, "grossProfitRatio": 0.2317161477, "researchAndDevelopmentExpenses": 0, "generalAndAdministrativeExpenses": 17400000, "sellingAndMarketingExpenses": 0, "sellingGeneralAndAdministrativeExpenses": 17400000, "otherExpenses": 3100000, "operatingExpenses": 20500000, "costAndExpenses": 126600000, "interestIncome": 0, "interestExpense": 1200000, "depreciationAndAmortization": 900000, "ebitda": 12300000, "ebitdaratio": 0.0890658943, "operatingIncome": 11400000, "operatingIncomeRatio": 0.0825488776, "totalOtherIncomeExpensesNet": 1200000, "incomeBeforeTax": 12600000, "incomeBeforeTaxRatio": 0.0912382332, "incomeTaxExpense": 1500000, "netIncome": 11100000, "netIncomeRatio": 0.0803765387, "eps": 1.79, "epsdiluted": 1.79, "weightedAverageShsOut": 6200000, "weightedAverageShsOutDil": 6200000, "link": "", "finalLink": "", "calculatedOtherExpenses": 3200000, "calculatedOperatingExpenses": 20600000, "calculatedNetInterest": -1200000, "calculatedOtherIncome": 2400000, "calculatedIncomeNonControlling": 0, "calculatedEbitda": 12300000}]}