{"originalCurrency": "CAD", "convertedCurrency": "CAD", "report": [{"date": "2023-12-31", "symbol": "CVE", "reportedCurrency": "CAD", "cik": "0001475260", "fillingDate": "2023-12-31", "acceptedDate": "2023-12-30 19:00:00", "calendarYear": "2023", "period": "FY", "revenue": 52204000000, "costOfRevenue": 46044000000, "grossProfit": 6160000000, "grossProfitRatio": 0.1179986208, "researchAndDevelopmentExpenses": 0, "generalAndAdministrativeExpenses": 688000000, "sellingAndMarketingExpenses": 0, "sellingGeneralAndAdministrativeExpenses": 688000000, "otherExpenses": 63000000, "operatingExpenses": 688000000, "costAndExpenses": 46732000000, "interestIncome": 133000000, "interestExpense": 471000000, "depreciationAndAmortization": 4794000000, "ebitda": 10266000000, "ebitdaratio": 0.1966515976, "operatingIncome": 5472000000, "operatingIncomeRatio": 0.1048195541, "totalOtherIncomeExpensesNet": -483000000, "incomeBeforeTax": 4989000000, "incomeBeforeTaxRatio": 0.0955673895, "incomeTaxExpense": 931000000, "netIncome": 4109000000, "netIncomeRatio": 0.0787104436, "eps": 2.15, "epsdiluted": 2.12, "weightedAverageShsOut": 1895487000, "weightedAverageShsOutDil": 1925440000, "link": null, "finalLink": null, "calculatedOtherExpenses": 0, "calculatedOperatingExpenses": 688000000, "calculatedNetInterest": -338000000, "calculatedOtherIncome": -145000000, "calculatedIncomeNonControlling": -51000000, "calculatedEbitda": 10266000000}, {"date": "2022-12-31", "symbol": "CVE", "reportedCurrency": "CAD", "cik": "0001475260", "fillingDate": "2022-12-31", "acceptedDate": "2022-12-30 19:00:00", "calendarYear": "2022", "period": "FY", "revenue": 71765000000, "costOfRevenue": 54878000000, "grossProfit": 16887000000, "grossProfitRatio": 0.2353096914, "researchAndDevelopmentExpenses": 0, "generalAndAdministrativeExpenses": 865000000, "sellingAndMarketingExpenses": 0, "sellingGeneralAndAdministrativeExpenses": 865000000, "otherExpenses": 5670000000, "operatingExpenses": 6535000000, "costAndExpenses": 61413000000, "interestIncome": 110000000, "interestExpense": 812000000, "depreciationAndAmortization": 4364000000, "ebitda": 15336000000, "ebitdaratio": 0.2136974848, "operatingIncome": 10972000000, "operatingIncomeRatio": 0.152887898, "totalOtherIncomeExpensesNet": -2241000000, "incomeBeforeTax": 8731000000, "incomeBeforeTaxRatio": 0.1216609768, "incomeTaxExpense": 2281000000, "netIncome": 6450000000, "netIncomeRatio": 0.0898766808, "eps": 3.29, "epsdiluted": 3.2, "weightedAverageShsOut": 1951300000, "weightedAverageShsOutDil": 2006100000, "link": "", "finalLink": "", "calculatedOtherExpenses": 5050000000, "calculatedOperatingExpenses": 5915000000, "calculatedNetInterest": -702000000, "calculatedOtherIncome": -1539000000, "calculatedIncomeNonControlling": 0, "calculatedEbitda": 15336000000}, {"date": "2021-12-31", "symbol": "CVE", "reportedCurrency": "CAD", "cik": "0001475260", "fillingDate": "2021-12-31", "acceptedDate": "2021-12-31 00:00:00", "calendarYear": "2021", "period": "FY", "revenue": 48811000000, "costOfRevenue": 39704000000, "grossProfit": 9107000000, "grossProfitRatio": 0.1865767962, "researchAndDevelopmentExpenses": 0, "generalAndAdministrativeExpenses": 849000000, "sellingAndMarketingExpenses": 0, "sellingGeneralAndAdministrativeExpenses": 849000000, "otherExpenses": 4734000000, "operatingExpenses": 5583000000, "costAndExpenses": 45287000000, "interestIncome": 23000000, "interestExpense": 1048000000, "depreciationAndAmortization": 4322000000, "ebitda": 8201000000, "ebitdaratio": 0.1680154064, "operatingIncome": 3879000000, "operatingIncomeRatio": 0.0794697916, "totalOtherIncomeExpensesNet": -2564000000, "incomeBeforeTax": 1315000000, "incomeBeforeTaxRatio": 0.0269406486, "incomeTaxExpense": 728000000, "netIncome": 587000000, "netIncomeRatio": 0.0120259778, "eps": 0.29, "epsdiluted": 0.29, "weightedAverageShsOut": 2016200000, "weightedAverageShsOutDil": 2045100000, "link": null, "finalLink": null, "calculatedOtherExpenses": 4379000000, "calculatedOperatingExpenses": 5228000000, "calculatedNetInterest": -1025000000, "calculatedOtherIncome": -1539000000, "calculatedIncomeNonControlling": 0, "calculatedEbitda": 8201000000}, {"date": "2020-12-31", "symbol": "CVE", "reportedCurrency": "CAD", "cik": "0001475260", "fillingDate": "2020-12-31", "acceptedDate": "2020-12-31 00:00:00", "calendarYear": "2020", "period": "FY", "revenue": 13591000000, "costOfRevenue": 13391000000, "grossProfit": 200000000, "grossProfitRatio": 0.0147156206, "researchAndDevelopmentExpenses": 0, "generalAndAdministrativeExpenses": 274000000, "sellingAndMarketingExpenses": 0, "sellingGeneralAndAdministrativeExpenses": 274000000, "otherExpenses": 2039000000, "operatingExpenses": 2313000000, "costAndExpenses": 15704000000, "interestIncome": 9000000, "interestExpense": 511000000, "depreciationAndAmortization": 2352000000, "ebitda": 183000000, "ebitdaratio": 0.0134647929, "operatingIncome": -2169000000, "operatingIncomeRatio": -0.1595909057, "totalOtherIncomeExpensesNet": -1061000000, "incomeBeforeTax": -3230000000, "incomeBeforeTaxRatio": -0.2376572732, "incomeTaxExpense": -851000000, "netIncome": -2379000000, "netIncomeRatio": -0.1750423074, "eps": -1.94, "epsdiluted": -1.94, "weightedAverageShsOut": 1228900000, "weightedAverageShsOutDil": 1228900000, "link": null, "finalLink": null, "calculatedOtherExpenses": 2095000000, "calculatedOperatingExpenses": 2369000000, "calculatedNetInterest": -502000000, "calculatedOtherIncome": -559000000, "calculatedIncomeNonControlling": 0, "calculatedEbitda": 183000000}, {"date": "2019-12-31", "symbol": "CVE", "reportedCurrency": "CAD", "cik": "0001475260", "fillingDate": "2019-12-31", "acceptedDate": "2019-12-31 00:00:00", "calendarYear": "2019", "period": "FY", "revenue": 21353000000, "costOfRevenue": 17032000000, "grossProfit": 4321000000, "grossProfitRatio": 0.2023603241, "researchAndDevelopmentExpenses": 20000000, "generalAndAdministrativeExpenses": 336000000, "sellingAndMarketingExpenses": 0, "sellingGeneralAndAdministrativeExpenses": 336000000, "otherExpenses": 2166000000, "operatingExpenses": 2522000000, "costAndExpenses": 19554000000, "interestIncome": 12000000, "interestExpense": 547000000, "depreciationAndAmortization": 2216000000, "ebitda": 4074000000, "ebitdaratio": 0.1907928628, "operatingIncome": 1858000000, "operatingIncomeRatio": 0.0870135344, "totalOtherIncomeExpensesNet": -461000000, "incomeBeforeTax": 1397000000, "incomeBeforeTaxRatio": 0.0654240622, "incomeTaxExpense": -797000000, "netIncome": 2194000000, "netIncomeRatio": 0.1027490282, "eps": 1.79, "epsdiluted": 1.78, "weightedAverageShsOut": 1228800000, "weightedAverageShsOutDil": 1229400000, "link": null, "finalLink": null, "calculatedOtherExpenses": 2107000000, "calculatedOperatingExpenses": 2463000000, "calculatedNetInterest": -535000000, "calculatedOtherIncome": 74000000, "calculatedIncomeNonControlling": 0, "calculatedEbitda": 4074000000}, {"date": "2018-12-31", "symbol": "CVE", "reportedCurrency": "CAD", "cik": "0001475260", "fillingDate": "2019-02-13", "acceptedDate": "2019-02-13 17:29:59", "calendarYear": "2018", "period": "FY", "revenue": 21389000000, "costOfRevenue": 17362000000, "grossProfit": 4027000000, "grossProfitRatio": 0.1882743466, "researchAndDevelopmentExpenses": 25000000, "generalAndAdministrativeExpenses": 391000000, "sellingAndMarketingExpenses": 0, "sellingGeneralAndAdministrativeExpenses": 391000000, "otherExpenses": 12000000, "operatingExpenses": 5353000000, "costAndExpenses": 22715000000, "interestIncome": 19000000, "interestExpense": 595000000, "depreciationAndAmortization": 2157000000, "ebitda": 830000000, "ebitdaratio": 0.0388049932, "operatingIncome": -1326000000, "operatingIncomeRatio": -0.0619944831, "totalOtherIncomeExpensesNet": -1992000000, "incomeBeforeTax": -3926000000, "incomeBeforeTaxRatio": -0.1835522932, "incomeTaxExpense": -1010000000, "netIncome": -2669000000, "netIncomeRatio": -0.1247837674, "eps": -2.17, "epsdiluted": -2.17, "weightedAverageShsOut": 1228800000, "weightedAverageShsOutDil": 1229200000, "link": "https://www.sec.gov/Archives/edgar/data/1475260/000156459019002871/0001564590-19-002871-index.html", "finalLink": "https://www.sec.gov/Archives/edgar/data/1475260/000156459019002871/cve-40f_20181231.htm", "calculatedOtherExpenses": 4937000000, "calculatedOperatingExpenses": 5353000000, "calculatedNetInterest": -576000000, "calculatedOtherIncome": -2024000000, "calculatedIncomeNonControlling": -247000000, "calculatedEbitda": 831000000}, {"date": "2017-12-31", "symbol": "CVE", "reportedCurrency": "CAD", "cik": "0001475260", "fillingDate": "2018-02-15", "acceptedDate": "2018-02-15 16:39:40", "calendarYear": "2017", "period": "FY", "revenue": 17314000000, "costOfRevenue": 13890000000, "grossProfit": 3424000000, "grossProfitRatio": 0.1977590389, "researchAndDevelopmentExpenses": 36000000, "generalAndAdministrativeExpenses": 308000000, "sellingAndMarketingExpenses": 0, "sellingGeneralAndAdministrativeExpenses": 308000000, "otherExpenses": 5000000, "operatingExpenses": 3182000000, "costAndExpenses": 17072000000, "interestIncome": 62000000, "interestExpense": 619000000, "depreciationAndAmortization": 1953000000, "ebitda": 2236000000, "ebitdaratio": 0.1291440453, "operatingIncome": 242000000, "operatingIncomeRatio": 0.0139771283, "totalOtherIncomeExpensesNet": 2557000000, "incomeBeforeTax": 2216000000, "incomeBeforeTaxRatio": 0.1279889107, "incomeTaxExpense": -52000000, "netIncome": 3366000000, "netIncomeRatio": 0.1944091487, "eps": 3.05, "epsdiluted": 3.05, "weightedAverageShsOut": 1102500000, "weightedAverageShsOutDil": 1102500000, "link": "https://www.sec.gov/Archives/edgar/data/1475260/000119312518047312/0001193125-18-047312-index.html", "finalLink": "https://www.sec.gov/Archives/edgar/data/1475260/000119312518047312/d521082d40f.htm", "calculatedOtherExpenses": 2838000000, "calculatedOperatingExpenses": 3182000000, "calculatedNetInterest": -557000000, "calculatedOtherIncome": 2531000000, "calculatedIncomeNonControlling": -1098000000, "calculatedEbitda": 2195000000}, {"date": "2016-12-31", "symbol": "CVE", "reportedCurrency": "CAD", "cik": "0001475260", "fillingDate": "2017-02-16", "acceptedDate": "2017-02-16 15:47:10", "calendarYear": "2016", "period": "FY", "revenue": 12282000000, "costOfRevenue": 10525000000, "grossProfit": 1757000000, "grossProfitRatio": 0.1430548771, "researchAndDevelopmentExpenses": 36000000, "generalAndAdministrativeExpenses": 326000000, "sellingAndMarketingExpenses": 0, "sellingGeneralAndAdministrativeExpenses": 326000000, "otherExpenses": -34000000, "operatingExpenses": 2059000000, "costAndExpenses": 12584000000, "interestIncome": 52000000, "interestExpense": 471000000, "depreciationAndAmortization": 1475000000, "ebitda": 1170000000, "ebitdaratio": 0.0952613581, "operatingIncome": -302000000, "operatingIncomeRatio": -0.0245888292, "totalOtherIncomeExpensesNet": -185000000, "incomeBeforeTax": -927000000, "incomeBeforeTaxRatio": -0.0754763068, "incomeTaxExpense": -382000000, "netIncome": -545000000, "netIncomeRatio": -0.0443738805, "eps": -0.65, "epsdiluted": -0.65, "weightedAverageShsOut": 833300000, "weightedAverageShsOutDil": 833300000, "link": "https://www.sec.gov/Archives/edgar/data/1475260/000119312517046643/0001193125-17-046643-index.html", "finalLink": "https://www.sec.gov/Archives/edgar/data/1475260/000119312517046643/d348759d40f.htm", "calculatedOtherExpenses": 1697000000, "calculatedOperatingExpenses": 2059000000, "calculatedNetInterest": -419000000, "calculatedOtherIncome": -206000000, "calculatedIncomeNonControlling": 0, "calculatedEbitda": 1173000000}, {"date": "2015-12-31", "symbol": "CVE", "reportedCurrency": "CAD", "cik": "0001475260", "fillingDate": "2016-02-11", "acceptedDate": "2016-02-11 17:20:42", "calendarYear": "2015", "period": "FY", "revenue": 13207000000, "costOfRevenue": 11674000000, "grossProfit": 1533000000, "grossProfitRatio": 0.1160748088, "researchAndDevelopmentExpenses": 27000000, "generalAndAdministrativeExpenses": 335000000, "sellingAndMarketingExpenses": 0, "sellingGeneralAndAdministrativeExpenses": 335000000, "otherExpenses": -2000000, "operatingExpenses": 2357000000, "costAndExpenses": 14031000000, "interestIncome": 28000000, "interestExpense": 454000000, "depreciationAndAmortization": 1914000000, "ebitda": 1088000000, "ebitdaratio": 0.0823805558, "operatingIncome": -824000000, "operatingIncomeRatio": -0.0623911562, "totalOtherIncomeExpensesNet": 1815000000, "incomeBeforeTax": 537000000, "incomeBeforeTaxRatio": 0.0406602559, "incomeTaxExpense": -81000000, "netIncome": 618000000, "netIncomeRatio": 0.0467933672, "eps": 0.75, "epsdiluted": 0.75, "weightedAverageShsOut": 818700000, "weightedAverageShsOutDil": 818700000, "link": "https://www.sec.gov/Archives/edgar/data/1475260/000119312516460090/0001193125-16-460090-index.html", "finalLink": "https://www.sec.gov/Archives/edgar/data/1475260/000119312516460090/d100407d40f.htm", "calculatedOtherExpenses": 1995000000, "calculatedOperatingExpenses": 2357000000, "calculatedNetInterest": -426000000, "calculatedOtherIncome": 1787000000, "calculatedIncomeNonControlling": 0, "calculatedEbitda": 1090000000}, {"date": "2014-12-31", "symbol": "CVE", "reportedCurrency": "CAD", "cik": "0001475260", "fillingDate": "2014-12-31", "acceptedDate": "2014-12-30 19:00:00", "calendarYear": "2014", "period": "FY", "revenue": 20107000000, "costOfRevenue": 15843000000, "grossProfit": 4264000000, "grossProfitRatio": 0.2120654498, "researchAndDevelopmentExpenses": 15000000, "generalAndAdministrativeExpenses": 358000000, "sellingAndMarketingExpenses": 0, "sellingGeneralAndAdministrativeExpenses": 358000000, "otherExpenses": 4000000, "operatingExpenses": 2571000000, "costAndExpenses": 18414000000, "interestIncome": 33000000, "interestExpense": 427000000, "depreciationAndAmortization": 1881000000, "ebitda": 3593000000, "ebitdaratio": 0.1786939872, "operatingIncome": 1693000000, "operatingIncomeRatio": 0.0841995325, "totalOtherIncomeExpensesNet": -86000000, "incomeBeforeTax": 1195000000, "incomeBeforeTaxRatio": 0.0594320386, "incomeTaxExpense": 451000000, "netIncome": 744000000, "netIncomeRatio": 0.0370020391, "eps": 0.98, "epsdiluted": 0.98, "weightedAverageShsOut": 756900000, "weightedAverageShsOutDil": 757600000, "link": "", "finalLink": "", "calculatedOtherExpenses": 2198000000, "calculatedOperatingExpenses": 2571000000, "calculatedNetInterest": -394000000, "calculatedOtherIncome": -104000000, "calculatedIncomeNonControlling": 0, "calculatedEbitda": 3574000000}, {"date": "2013-12-31", "symbol": "CVE", "reportedCurrency": "CAD", "cik": "0001475260", "fillingDate": "2013-12-31", "acceptedDate": "2013-12-30 19:00:00", "calendarYear": "2013", "period": "FY", "revenue": 18993000000, "costOfRevenue": 14642000000, "grossProfit": 4351000000, "grossProfitRatio": 0.2290843995, "researchAndDevelopmentExpenses": 24000000, "generalAndAdministrativeExpenses": 349000000, "sellingAndMarketingExpenses": 0, "sellingGeneralAndAdministrativeExpenses": 349000000, "otherExpenses": -2000000, "operatingExpenses": 2320000000, "costAndExpenses": 16962000000, "interestIncome": 96000000, "interestExpense": 499000000, "depreciationAndAmortization": 1833000000, "ebitda": 3928000000, "ebitdaratio": 0.2068130364, "operatingIncome": 2031000000, "operatingIncomeRatio": 0.1069341336, "totalOtherIncomeExpensesNet": -504000000, "incomeBeforeTax": 1094000000, "incomeBeforeTaxRatio": 0.0576001685, "incomeTaxExpense": 432000000, "netIncome": 662000000, "netIncomeRatio": 0.0348549466, "eps": 0.88, "epsdiluted": 0.87, "weightedAverageShsOut": 755900000, "weightedAverageShsOutDil": 757500000, "link": "", "finalLink": "", "calculatedOtherExpenses": 1947000000, "calculatedOperatingExpenses": 2320000000, "calculatedNetInterest": -403000000, "calculatedOtherIncome": -534000000, "calculatedIncomeNonControlling": 0, "calculatedEbitda": 3864000000}, {"date": "2012-12-31", "symbol": "CVE", "reportedCurrency": "CAD", "cik": "0001475260", "fillingDate": "2013-02-20", "acceptedDate": "2013-02-20 14:36:59", "calendarYear": "2012", "period": "FY", "revenue": 17229000000, "costOfRevenue": 12993000000, "grossProfit": 4236000000, "grossProfitRatio": 0.2458645307, "researchAndDevelopmentExpenses": 15000000, "generalAndAdministrativeExpenses": 352000000, "sellingAndMarketingExpenses": 0, "sellingGeneralAndAdministrativeExpenses": 352000000, "otherExpenses": 5000000, "operatingExpenses": 2139000000, "costAndExpenses": 15132000000, "interestIncome": 109000000, "interestExpense": 434000000, "depreciationAndAmortization": 1585000000, "ebitda": 3775000000, "ebitdaratio": 0.2191073191, "operatingIncome": 2097000000, "operatingIncomeRatio": 0.1217133902, "totalOtherIncomeExpensesNet": 25000000, "incomeBeforeTax": 1776000000, "incomeBeforeTaxRatio": 0.1030820129, "incomeTaxExpense": 783000000, "netIncome": 993000000, "netIncomeRatio": 0.0576353822, "eps": 1.32, "epsdiluted": 1.31, "weightedAverageShsOut": 755600000, "weightedAverageShsOutDil": 758500000, "link": "https://www.sec.gov/Archives/edgar/data/1475260/000110465913012212/0001104659-13-012212-index.html", "finalLink": "https://www.sec.gov/Archives/edgar/data/1475260/000110465913012212/a13-4560_140f.htm", "calculatedOtherExpenses": 1772000000, "calculatedOperatingExpenses": 2139000000, "calculatedNetInterest": -325000000, "calculatedOtherIncome": 4000000, "calculatedIncomeNonControlling": 0, "calculatedEbitda": 3682000000}, {"date": "2011-12-31", "symbol": "CVE", "reportedCurrency": "CAD", "cik": "0001475260", "fillingDate": "2012-02-22", "acceptedDate": "2012-02-22 13:01:52", "calendarYear": "2011", "period": "FY", "revenue": 15696000000, "costOfRevenue": 11901000000, "grossProfit": 3795000000, "grossProfitRatio": 0.2417813456, "researchAndDevelopmentExpenses": 0, "generalAndAdministrativeExpenses": 0, "sellingAndMarketingExpenses": 0, "sellingGeneralAndAdministrativeExpenses": 295000000, "otherExpenses": 1342000000, "operatingExpenses": 1342000000, "costAndExpenses": 13243000000, "interestIncome": 124000000, "interestExpense": 447000000, "depreciationAndAmortization": 1295000000, "ebitda": 3872000000, "ebitdaratio": 0.246687054, "operatingIncome": 2453000000, "operatingIncomeRatio": 0.1562818552, "totalOtherIncomeExpensesNet": 77000000, "incomeBeforeTax": 2207000000, "incomeBeforeTaxRatio": 0.1406090724, "incomeTaxExpense": 729000000, "netIncome": 1478000000, "netIncomeRatio": 0.0941641182, "eps": 1.96, "epsdiluted": 1.95, "weightedAverageShsOut": 754000000, "weightedAverageShsOutDil": 757700000, "link": "https://www.sec.gov/Archives/edgar/data/1475260/000110465912011572/0001104659-12-011572-index.html", "finalLink": "https://www.sec.gov/Archives/edgar/data/1475260/000110465912011572/a12-4456_140f.htm", "calculatedOtherExpenses": 1047000000, "calculatedOperatingExpenses": 1342000000, "calculatedNetInterest": -323000000, "calculatedOtherIncome": 77000000, "calculatedIncomeNonControlling": 0, "calculatedEbitda": 3748000000}, {"date": "2010-12-31", "symbol": "CVE", "reportedCurrency": "CAD", "cik": "0001475260", "fillingDate": "2010-12-31", "acceptedDate": "2010-12-30 19:00:00", "calendarYear": "2010", "period": "FY", "revenue": 12973000000, "costOfRevenue": 8885000000, "grossProfit": 4088000000, "grossProfitRatio": 0.3151160102, "researchAndDevelopmentExpenses": 0, "generalAndAdministrativeExpenses": 326000000, "sellingAndMarketingExpenses": 1065000000, "sellingGeneralAndAdministrativeExpenses": 1391000000, "otherExpenses": 1255000000, "operatingExpenses": 2646000000, "costAndExpenses": 11531000000, "interestIncome": 0, "interestExpense": 279000000, "depreciationAndAmortization": 1310000000, "ebitda": 2752000000, "ebitdaratio": 0.2121328914, "operatingIncome": 1442000000, "operatingIncomeRatio": 0.1111539351, "totalOtherIncomeExpensesNet": -279000000, "incomeBeforeTax": 1163000000, "incomeBeforeTaxRatio": 0.0896477299, "incomeTaxExpense": 170000000, "netIncome": 993000000, "netIncomeRatio": 0.0765435905, "eps": 1.44, "epsdiluted": 1.43, "weightedAverageShsOut": 751900000, "weightedAverageShsOutDil": 754000000, "link": "", "finalLink": "", "calculatedOtherExpenses": 1255000000, "calculatedOperatingExpenses": 2646000000, "calculatedNetInterest": -279000000, "calculatedOtherIncome": 0, "calculatedIncomeNonControlling": 0, "calculatedEbitda": 2752000000}, {"date": "2009-12-31", "symbol": "CVE", "reportedCurrency": "CAD", "cik": "0001475260", "fillingDate": "2010-02-18", "acceptedDate": "2010-02-18 14:31:50", "calendarYear": "2009", "period": "FY", "revenue": 10617594000, "costOfRevenue": 6705628400, "grossProfit": 3911965600, "grossProfitRatio": 0.3684418146, "researchAndDevelopmentExpenses": 0, "generalAndAdministrativeExpenses": 196854800, "sellingAndMarketingExpenses": 703651200, "sellingGeneralAndAdministrativeExpenses": 900506000, "otherExpenses": 1788446800, "operatingExpenses": 2688952800, "costAndExpenses": 9394581200, "interestIncome": 0, "interestExpense": 228267800, "depreciationAndAmortization": 1406255300, "ebitda": 2629268100, "ebitdaratio": 0.2476331361, "operatingIncome": 1223012800, "operatingIncomeRatio": 0.1151873767, "totalOtherIncomeExpensesNet": -228267800, "incomeBeforeTax": 994745000, "incomeBeforeTaxRatio": 0.0936883629, "incomeTaxExpense": 316224200, "netIncome": 678520800, "netIncomeRatio": 0.0639053254, "eps": 1.09, "epsdiluted": 1.09, "weightedAverageShsOut": 751000000, "weightedAverageShsOutDil": 751400000, "link": "https://www.sec.gov/Archives/edgar/data/1475260/000110465910007827/0001104659-10-007827-index.html", "finalLink": "https://www.sec.gov/Archives/edgar/data/1475260/000110465910007827/a10-3706_140f.htm", "calculatedOtherExpenses": 1788446800, "calculatedOperatingExpenses": 2688952800, "calculatedNetInterest": -228267800, "calculatedOtherIncome": 0, "calculatedIncomeNonControlling": 0, "calculatedEbitda": 2629268100}, {"date": "2008-12-31", "symbol": "CVE", "reportedCurrency": "CAD", "cik": "0001475260", "fillingDate": "2008-12-31", "acceptedDate": "2008-12-30 19:00:00", "calendarYear": "2008", "period": "FY", "revenue": 20152303000, "costOfRevenue": 13305461000, "grossProfit": 6846842000, "grossProfitRatio": 0.3397548161, "researchAndDevelopmentExpenses": 0, "generalAndAdministrativeExpenses": 203239000, "sellingAndMarketingExpenses": 1171971000, "sellingGeneralAndAdministrativeExpenses": 1375210000, "otherExpenses": 1442145000, "operatingExpenses": 2817355000, "costAndExpenses": 16122816000, "interestIncome": 0, "interestExpense": 265306000, "depreciationAndAmortization": 1604006000, "ebitda": 5633493000, "ebitdaratio": 0.2795458663, "operatingIncome": 4029487000, "operatingIncomeRatio": 0.1999516879, "totalOtherIncomeExpensesNet": -265306000, "incomeBeforeTax": 3764181000, "incomeBeforeTaxRatio": 0.1867866417, "incomeTaxExpense": 882325000, "netIncome": 2881856000, "netIncomeRatio": 0.1430038046, "eps": 3.85, "epsdiluted": 3.83, "weightedAverageShsOut": 750100000, "weightedAverageShsOutDil": 751800000, "link": "", "finalLink": "", "calculatedOtherExpenses": 1442145000, "calculatedOperatingExpenses": 2817355000, "calculatedNetInterest": -265306000, "calculatedOtherIncome": 0, "calculatedIncomeNonControlling": 0, "calculatedEbitda": 5633493000}]}