{"originalCurrency": "USD", "convertedCurrency": "USD", "report": [{"date": "2023-12-31", "symbol": "CVI", "reportedCurrency": "USD", "cik": "0001376139", "fillingDate": "2023-12-31", "acceptedDate": "2023-12-30 19:00:00", "calendarYear": "2023", "period": "FY", "revenue": 9247000000, "costOfRevenue": 7981000000, "grossProfit": 1266000000, "grossProfitRatio": 0.1369092679, "researchAndDevelopmentExpenses": 0, "generalAndAdministrativeExpenses": 0, "sellingAndMarketingExpenses": 0, "sellingGeneralAndAdministrativeExpenses": 141000000, "otherExpenses": 14000000, "operatingExpenses": 141000000, "costAndExpenses": 8122000000, "interestIncome": 0, "interestExpense": 52000000, "depreciationAndAmortization": 298000000, "ebitda": 1437000000, "ebitdaratio": 0.1554017519, "operatingIncome": 1123000000, "operatingIncomeRatio": 0.1214447929, "totalOtherIncomeExpensesNet": 12000000, "incomeBeforeTax": 1085000000, "incomeBeforeTaxRatio": 0.117335352, "incomeTaxExpense": 207000000, "netIncome": 769000000, "netIncomeRatio": 0.0831621066, "eps": 7.65, "epsdiluted": 7.65, "weightedAverageShsOut": 100500000, "weightedAverageShsOutDil": 100500000, "link": null, "finalLink": null, "calculatedOtherExpenses": 2000000, "calculatedOperatingExpenses": 143000000, "calculatedNetInterest": -52000000, "calculatedOtherIncome": 14000000, "calculatedIncomeNonControlling": 109000000, "calculatedEbitda": 1421000000}, {"date": "2022-12-31", "symbol": "CVI", "reportedCurrency": "USD", "cik": "0001376139", "fillingDate": "2023-02-22", "acceptedDate": "2023-02-22 16:19:40", "calendarYear": "2022", "period": "FY", "revenue": 10896000000, "costOfRevenue": 9766000000, "grossProfit": 1130000000, "grossProfitRatio": 0.1037077827, "researchAndDevelopmentExpenses": 0, "generalAndAdministrativeExpenses": 0, "sellingAndMarketingExpenses": 0, "sellingGeneralAndAdministrativeExpenses": 149000000, "otherExpenses": 7000000, "operatingExpenses": 156000000, "costAndExpenses": 9922000000, "interestIncome": 85000000, "interestExpense": 85000000, "depreciationAndAmortization": -59000000, "ebitda": 904000000, "ebitdaratio": 0.0829662261, "operatingIncome": 963000000, "operatingIncomeRatio": 0.0883810573, "totalOtherIncomeExpensesNet": -162000000, "incomeBeforeTax": 801000000, "incomeBeforeTaxRatio": 0.0735132159, "incomeTaxExpense": 157000000, "netIncome": 644000000, "netIncomeRatio": 0.0591042584, "eps": 6.41, "epsdiluted": 6.41, "weightedAverageShsOut": 100500000, "weightedAverageShsOutDil": 100500000, "link": "https://www.sec.gov/Archives/edgar/data/1376139/000137613923000009/0001376139-23-000009-index.htm", "finalLink": "https://www.sec.gov/Archives/edgar/data/1376139/000137613923000009/cvi-20221231.htm", "calculatedOtherExpenses": 18000000, "calculatedOperatingExpenses": 167000000, "calculatedNetInterest": 0, "calculatedOtherIncome": -162000000, "calculatedIncomeNonControlling": 0, "calculatedEbitda": 904000000}, {"date": "2021-12-31", "symbol": "CVI", "reportedCurrency": "USD", "cik": "0001376139", "fillingDate": "2022-02-23", "acceptedDate": "2022-02-22 17:43:50", "calendarYear": "2021", "period": "FY", "revenue": 7242000000, "costOfRevenue": 7024000000, "grossProfit": 218000000, "grossProfitRatio": 0.0301021817, "researchAndDevelopmentExpenses": 0, "generalAndAdministrativeExpenses": 0, "sellingAndMarketingExpenses": 0, "sellingGeneralAndAdministrativeExpenses": 119000000, "otherExpenses": 9000000, "operatingExpenses": 128000000, "costAndExpenses": 7152000000, "interestIncome": 36000000, "interestExpense": 117000000, "depreciationAndAmortization": 27000000, "ebitda": 114000000, "ebitdaratio": 0.0157415079, "operatingIncome": 87000000, "operatingIncomeRatio": 0.012013256, "totalOtherIncomeExpensesNet": -21000000, "incomeBeforeTax": 66000000, "incomeBeforeTaxRatio": 0.0091135046, "incomeTaxExpense": -8000000, "netIncome": 74000000, "netIncomeRatio": 0.0102181718, "eps": 0.74, "epsdiluted": 0.74, "weightedAverageShsOut": 100500000, "weightedAverageShsOutDil": 100500000, "link": "https://www.sec.gov/Archives/edgar/data/1376139/000137613922000014/0001376139-22-000014-index.htm", "finalLink": "https://www.sec.gov/Archives/edgar/data/1376139/000137613922000014/cvi-20211231.htm", "calculatedOtherExpenses": 12000000, "calculatedOperatingExpenses": 131000000, "calculatedNetInterest": -81000000, "calculatedOtherIncome": 60000000, "calculatedIncomeNonControlling": 0, "calculatedEbitda": 114000000}, {"date": "2020-12-31", "symbol": "CVI", "reportedCurrency": "USD", "cik": "0001376139", "fillingDate": "2021-02-23", "acceptedDate": "2021-02-23 16:37:13", "calendarYear": "2020", "period": "FY", "revenue": 3930000000, "costOfRevenue": 4119000000, "grossProfit": -189000000, "grossProfitRatio": -0.0480916031, "researchAndDevelopmentExpenses": 0, "generalAndAdministrativeExpenses": 0, "sellingAndMarketingExpenses": 0, "sellingGeneralAndAdministrativeExpenses": 86000000, "otherExpenses": 10000000, "operatingExpenses": 96000000, "costAndExpenses": 4215000000, "interestIncome": 89000000, "interestExpense": 130000000, "depreciationAndAmortization": 65000000, "ebitda": -268000000, "ebitdaratio": -0.0681933842, "operatingIncome": -333000000, "operatingIncomeRatio": -0.0847328244, "totalOtherIncomeExpensesNet": -82000000, "incomeBeforeTax": -415000000, "incomeBeforeTaxRatio": -0.1055979644, "incomeTaxExpense": -95000000, "netIncome": -320000000, "netIncomeRatio": -0.0814249364, "eps": -3.18, "epsdiluted": -3.18, "weightedAverageShsOut": 100500000, "weightedAverageShsOutDil": 100500000, "link": "https://www.sec.gov/Archives/edgar/data/1376139/000137613921000021/0001376139-21-000021-index.htm", "finalLink": "https://www.sec.gov/Archives/edgar/data/1376139/000137613921000021/cvi-20201231.htm", "calculatedOtherExpenses": 58000000, "calculatedOperatingExpenses": 144000000, "calculatedNetInterest": -41000000, "calculatedOtherIncome": -41000000, "calculatedIncomeNonControlling": 0, "calculatedEbitda": -268000000}, {"date": "2019-12-31", "symbol": "CVI", "reportedCurrency": "USD", "cik": "0001376139", "fillingDate": "2020-02-20", "acceptedDate": "2020-02-20 16:21:25", "calendarYear": "2019", "period": "FY", "revenue": 6364000000, "costOfRevenue": 5662000000, "grossProfit": 702000000, "grossProfitRatio": 0.1103079824, "researchAndDevelopmentExpenses": 0, "generalAndAdministrativeExpenses": 0, "sellingAndMarketingExpenses": 0, "sellingGeneralAndAdministrativeExpenses": 117000000, "otherExpenses": 9000000, "operatingExpenses": 126000000, "costAndExpenses": 5788000000, "interestIncome": 102000000, "interestExpense": 102000000, "depreciationAndAmortization": 18000000, "ebitda": 598000000, "ebitdaratio": 0.0939660591, "operatingIncome": 580000000, "operatingIncomeRatio": 0.0911376493, "totalOtherIncomeExpensesNet": -89000000, "incomeBeforeTax": 491000000, "incomeBeforeTaxRatio": 0.0771527341, "incomeTaxExpense": 129000000, "netIncome": 380000000, "netIncomeRatio": 0.0597108737, "eps": 3.78, "epsdiluted": 3.78, "weightedAverageShsOut": 100500000, "weightedAverageShsOutDil": 100500000, "link": "https://www.sec.gov/Archives/edgar/data/1376139/000137613920000015/0001376139-20-000015-index.htm", "finalLink": "https://www.sec.gov/Archives/edgar/data/1376139/000137613920000015/cvi-20191231.htm", "calculatedOtherExpenses": 5000000, "calculatedOperatingExpenses": 122000000, "calculatedNetInterest": 0, "calculatedOtherIncome": -89000000, "calculatedIncomeNonControlling": -18000000, "calculatedEbitda": 598000000}, {"date": "2018-12-31", "symbol": "CVI", "reportedCurrency": "USD", "cik": "0001376139", "fillingDate": "2019-02-21", "acceptedDate": "2019-02-21 16:39:48", "calendarYear": "2018", "period": "FY", "revenue": 7124000000, "costOfRevenue": 6408000000, "grossProfit": 716000000, "grossProfitRatio": 0.1005053341, "researchAndDevelopmentExpenses": 0, "generalAndAdministrativeExpenses": 0, "sellingAndMarketingExpenses": 0, "sellingGeneralAndAdministrativeExpenses": 112000000, "otherExpenses": 15000000, "operatingExpenses": 123000000, "costAndExpenses": 6531000000, "interestIncome": 0, "interestExpense": 102000000, "depreciationAndAmortization": 11000000, "ebitda": 619000000, "ebitdaratio": 0.086889388, "operatingIncome": 587000000, "operatingIncomeRatio": 0.0823975295, "totalOtherIncomeExpensesNet": 9000000, "incomeBeforeTax": 500000000, "incomeBeforeTaxRatio": 0.0701852892, "incomeTaxExpense": 89000000, "netIncome": 289000000, "netIncomeRatio": 0.0405670971, "eps": 3.12, "epsdiluted": 3.12, "weightedAverageShsOut": 92500000, "weightedAverageShsOutDil": 92500000, "link": "https://www.sec.gov/Archives/edgar/data/1376139/000137613919000011/0001376139-19-000011-index.htm", "finalLink": "https://www.sec.gov/Archives/edgar/data/1376139/000137613919000011/cvi2018form10-k.htm", "calculatedOtherExpenses": 17000000, "calculatedOperatingExpenses": 129000000, "calculatedNetInterest": -102000000, "calculatedOtherIncome": 15000000, "calculatedIncomeNonControlling": 122000000, "calculatedEbitda": 598000000}, {"date": "2017-12-31", "symbol": "CVI", "reportedCurrency": "USD", "cik": "0001376139", "fillingDate": "2018-02-26", "acceptedDate": "2018-02-26 06:38:03", "calendarYear": "2017", "period": "FY", "revenue": 5988400000, "costOfRevenue": 5685700000, "grossProfit": 302700000, "grossProfitRatio": 0.0505477256, "researchAndDevelopmentExpenses": 0, "generalAndAdministrativeExpenses": 0, "sellingAndMarketingExpenses": 0, "sellingGeneralAndAdministrativeExpenses": 114200000, "otherExpenses": 1000000, "operatingExpenses": 124900000, "costAndExpenses": 5810600000, "interestIncome": 1100000, "interestExpense": 110100000, "depreciationAndAmortization": 10700000, "ebitda": 190600000, "ebitdaratio": 0.0318282012, "operatingIncome": 177800000, "operatingIncomeRatio": 0.0296907354, "totalOtherIncomeExpensesNet": -68800000, "incomeBeforeTax": 17500000, "incomeBeforeTaxRatio": 0.0029223165, "incomeTaxExpense": -216900000, "netIncome": 234400000, "netIncomeRatio": 0.0391423419, "eps": 2.7, "epsdiluted": 2.7, "weightedAverageShsOut": 86800000, "weightedAverageShsOutDil": 86800000, "link": "https://www.sec.gov/Archives/edgar/data/1376139/000137613918000016/0001376139-18-000016-index.htm", "finalLink": "https://www.sec.gov/Archives/edgar/data/1376139/000137613918000016/cvi2017form10-kx12312017.htm", "calculatedOtherExpenses": 10700000, "calculatedOperatingExpenses": 124900000, "calculatedNetInterest": -109000000, "calculatedOtherIncome": -51300000, "calculatedIncomeNonControlling": 0, "calculatedEbitda": 188500000}, {"date": "2016-12-31", "symbol": "CVI", "reportedCurrency": "USD", "cik": "0001376139", "fillingDate": "2017-02-21", "acceptedDate": "2017-02-17 21:56:56", "calendarYear": "2016", "period": "FY", "revenue": 4782400000, "costOfRevenue": 4573800000, "grossProfit": 208600000, "grossProfitRatio": 0.043618267, "researchAndDevelopmentExpenses": 0, "generalAndAdministrativeExpenses": 0, "sellingAndMarketingExpenses": 0, "sellingGeneralAndAdministrativeExpenses": 109100000, "otherExpenses": 5700000, "operatingExpenses": 117700000, "costAndExpenses": 4691500000, "interestIncome": 700000, "interestExpense": 83900000, "depreciationAndAmortization": 8600000, "ebitda": 105900000, "ebitdaratio": 0.0221436935, "operatingIncome": 90900000, "operatingIncomeRatio": 0.019007193, "totalOtherIncomeExpensesNet": -18600000, "incomeBeforeTax": -10900000, "incomeBeforeTaxRatio": -0.0022791904, "incomeTaxExpense": -19800000, "netIncome": 24700000, "netIncomeRatio": 0.0051647708, "eps": 0.28, "epsdiluted": 0.28, "weightedAverageShsOut": 86800000, "weightedAverageShsOutDil": 86800000, "link": "https://www.sec.gov/Archives/edgar/data/1376139/000137613917000019/0001376139-17-000019-index.htm", "finalLink": "https://www.sec.gov/Archives/edgar/data/1376139/000137613917000019/cvi2016form10-kx12312016.htm", "calculatedOtherExpenses": 8600000, "calculatedOperatingExpenses": 117700000, "calculatedNetInterest": -83200000, "calculatedOtherIncome": -18600000, "calculatedIncomeNonControlling": -15800000, "calculatedEbitda": 99500000}, {"date": "2015-12-31", "symbol": "CVI", "reportedCurrency": "USD", "cik": "0001376139", "fillingDate": "2016-02-19", "acceptedDate": "2016-02-19 15:48:14", "calendarYear": "2015", "period": "FY", "revenue": 5432500000, "costOfRevenue": 4775100000, "grossProfit": 657400000, "grossProfitRatio": 0.1210124252, "researchAndDevelopmentExpenses": 0, "generalAndAdministrativeExpenses": 0, "sellingAndMarketingExpenses": 0, "sellingGeneralAndAdministrativeExpenses": 99000000, "otherExpenses": 36700000, "operatingExpenses": 263100000, "costAndExpenses": 5038200000, "interestIncome": 1000000, "interestExpense": 48400000, "depreciationAndAmortization": 164100000, "ebitda": 596100000, "ebitdaratio": 0.109728486, "operatingIncome": 421600000, "operatingIncomeRatio": 0.0776069949, "totalOtherIncomeExpensesNet": 35400000, "incomeBeforeTax": 382300000, "incomeBeforeTaxRatio": 0.0703727566, "incomeTaxExpense": 84500000, "netIncome": 169600000, "netIncomeRatio": 0.0312195122, "eps": 1.95, "epsdiluted": 1.95, "weightedAverageShsOut": 86800000, "weightedAverageShsOutDil": 86800000, "link": "https://www.sec.gov/Archives/edgar/data/1376139/000137613916000084/0001376139-16-000084-index.htm", "finalLink": "https://www.sec.gov/Archives/edgar/data/1376139/000137613916000084/cvi2015form10-kx12312015.htm", "calculatedOtherExpenses": 136800000, "calculatedOperatingExpenses": 235800000, "calculatedNetInterest": -47400000, "calculatedOtherIncome": 8100000, "calculatedIncomeNonControlling": 128200000, "calculatedEbitda": 585700000}, {"date": "2014-12-31", "symbol": "CVI", "reportedCurrency": "USD", "cik": "0001376139", "fillingDate": "2015-02-20", "acceptedDate": "2015-02-20 15:59:20", "calendarYear": "2014", "period": "FY", "revenue": 9109500000, "costOfRevenue": 8581100000, "grossProfit": 528400000, "grossProfitRatio": 0.058005379, "researchAndDevelopmentExpenses": 0, "generalAndAdministrativeExpenses": 0, "sellingAndMarketingExpenses": 0, "sellingGeneralAndAdministrativeExpenses": 109700000, "otherExpenses": -3700000, "operatingExpenses": 264100000, "costAndExpenses": 8845200000, "interestIncome": 900000, "interestExpense": 40000000, "depreciationAndAmortization": 154400000, "ebitda": 415900000, "ebitdaratio": 0.0456556342, "operatingIncome": 264300000, "operatingIncomeRatio": 0.0290136671, "totalOtherIncomeExpensesNet": 181900000, "incomeBeforeTax": 407100000, "incomeBeforeTaxRatio": 0.0446896097, "incomeTaxExpense": 97700000, "netIncome": 173900000, "netIncomeRatio": 0.019089961, "eps": 2, "epsdiluted": 2, "weightedAverageShsOut": 86800000, "weightedAverageShsOutDil": 86800000, "link": "https://www.sec.gov/Archives/edgar/data/1376139/000137613915000012/0001376139-15-000012-index.htm", "finalLink": "https://www.sec.gov/Archives/edgar/data/1376139/000137613915000012/cviform10-kx12312014.htm", "calculatedOtherExpenses": 154400000, "calculatedOperatingExpenses": 264100000, "calculatedNetInterest": -39100000, "calculatedOtherIncome": 181900000, "calculatedIncomeNonControlling": 135500000, "calculatedEbitda": 418700000}, {"date": "2013-12-31", "symbol": "CVI", "reportedCurrency": "USD", "cik": "0001376139", "fillingDate": "2014-02-26", "acceptedDate": "2014-02-26 12:41:50", "calendarYear": "2013", "period": "FY", "revenue": 8985800000, "costOfRevenue": 8019000000, "grossProfit": 966800000, "grossProfitRatio": 0.1075919785, "researchAndDevelopmentExpenses": 0, "generalAndAdministrativeExpenses": 0, "sellingAndMarketingExpenses": 0, "sellingGeneralAndAdministrativeExpenses": 113500000, "otherExpenses": 13500000, "operatingExpenses": 256300000, "costAndExpenses": 8275300000, "interestIncome": 1200000, "interestExpense": 50500000, "depreciationAndAmortization": 142800000, "ebitda": 868000000, "ebitdaratio": 0.0965968528, "operatingIncome": 710500000, "operatingIncomeRatio": 0.0790691981, "totalOtherIncomeExpensesNet": 44500000, "incomeBeforeTax": 705700000, "incomeBeforeTaxRatio": 0.0785350219, "incomeTaxExpense": 183700000, "netIncome": 370700000, "netIncomeRatio": 0.0412539785, "eps": 4.27, "epsdiluted": 4.27, "weightedAverageShsOut": 86800000, "weightedAverageShsOutDil": 86800000, "link": "https://www.sec.gov/Archives/edgar/data/1376139/000137613914000016/0001376139-14-000016-index.htm", "finalLink": "https://www.sec.gov/Archives/edgar/data/1376139/000137613914000016/cviform10-kx12312013.htm", "calculatedOtherExpenses": 142800000, "calculatedOperatingExpenses": 256300000, "calculatedNetInterest": -49300000, "calculatedOtherIncome": 44500000, "calculatedIncomeNonControlling": 151300000, "calculatedEbitda": 853300000}, {"date": "2012-12-31", "symbol": "CVI", "reportedCurrency": "USD", "cik": "0001376139", "fillingDate": "2013-03-14", "acceptedDate": "2013-03-14 16:55:59", "calendarYear": "2012", "period": "FY", "revenue": 8567300000, "costOfRevenue": 7219000000, "grossProfit": 1348300000, "grossProfitRatio": 0.1573774701, "researchAndDevelopmentExpenses": 0, "generalAndAdministrativeExpenses": 0, "sellingAndMarketingExpenses": 0, "sellingGeneralAndAdministrativeExpenses": 183400000, "otherExpenses": 1800000, "operatingExpenses": 313400000, "costAndExpenses": 7532400000, "interestIncome": 867000, "interestExpense": 75400000, "depreciationAndAmortization": 130000000, "ebitda": 1166700000, "ebitdaratio": 0.1361805937, "operatingIncome": 1034900000, "operatingIncomeRatio": 0.120796517, "totalOtherIncomeExpensesNet": -321300000, "incomeBeforeTax": 638200000, "incomeBeforeTaxRatio": 0.0744925472, "incomeTaxExpense": 225600000, "netIncome": 378600000, "netIncomeRatio": 0.0441912855, "eps": 4.36, "epsdiluted": 4.33, "weightedAverageShsOut": 86822913, "weightedAverageShsOutDil": 87392270, "link": "https://www.sec.gov/Archives/edgar/data/1376139/000104746913002747/0001047469-13-002747-index.htm", "finalLink": "https://www.sec.gov/Archives/edgar/data/1376139/000104746913002747/a2213643z10-k.htm", "calculatedOtherExpenses": 130000000, "calculatedOperatingExpenses": 313400000, "calculatedNetInterest": -74533000, "calculatedOtherIncome": -322167000, "calculatedIncomeNonControlling": 34000000, "calculatedEbitda": 1164900000}, {"date": "2011-12-31", "symbol": "CVI", "reportedCurrency": "USD", "cik": "0001376139", "fillingDate": "2012-02-29", "acceptedDate": "2012-02-29 14:52:25", "calendarYear": "2011", "period": "FY", "revenue": 5029100000, "costOfRevenue": 4277600000, "grossProfit": 751500000, "grossProfitRatio": 0.1494303156, "researchAndDevelopmentExpenses": 0, "generalAndAdministrativeExpenses": 0, "sellingAndMarketingExpenses": 0, "sellingGeneralAndAdministrativeExpenses": 98000000, "otherExpenses": 86961000, "operatingExpenses": 184900000, "costAndExpenses": 4462500000, "interestIncome": 489000, "interestExpense": 55800000, "depreciationAndAmortization": 90300000, "ebitda": 656900000, "ebitdaratio": 0.1306197928, "operatingIncome": 566600000, "operatingIncomeRatio": 0.1126642938, "totalOtherIncomeExpensesNet": 77300000, "incomeBeforeTax": 588100000, "incomeBeforeTaxRatio": 0.1169394126, "incomeTaxExpense": 209500000, "netIncome": 345800000, "netIncomeRatio": 0.0687598179, "eps": 4, "epsdiluted": 3.94, "weightedAverageShsOut": 86493735, "weightedAverageShsOutDil": 87766573, "link": "https://www.sec.gov/Archives/edgar/data/1376139/000104746912001887/0001047469-12-001887-index.htm", "finalLink": "https://www.sec.gov/Archives/edgar/data/1376139/000104746912001887/a2207602z10-k.htm", "calculatedOtherExpenses": 86900000, "calculatedOperatingExpenses": 184900000, "calculatedNetInterest": -55311000, "calculatedOtherIncome": 76811000, "calculatedIncomeNonControlling": 32800000, "calculatedEbitda": 656900000}, {"date": "2010-12-31", "symbol": "CVI", "reportedCurrency": "USD", "cik": "0001376139", "fillingDate": "2011-03-07", "acceptedDate": "2011-03-07 17:30:57", "calendarYear": "2010", "period": "FY", "revenue": 4079800000, "costOfRevenue": 3809900000, "grossProfit": 269900000, "grossProfitRatio": 0.0661552037, "researchAndDevelopmentExpenses": 0, "generalAndAdministrativeExpenses": 0, "sellingAndMarketingExpenses": 0, "sellingGeneralAndAdministrativeExpenses": 92000000, "otherExpenses": 86761000, "operatingExpenses": 176800000, "costAndExpenses": 3986700000, "interestIncome": 2211000, "interestExpense": 50300000, "depreciationAndAmortization": 86800000, "ebitda": 179900000, "ebitdaratio": 0.0440952988, "operatingIncome": 93100000, "operatingIncomeRatio": 0.0228197461, "totalOtherIncomeExpensesNet": -14700000, "incomeBeforeTax": 28100000, "incomeBeforeTaxRatio": 0.0068875925, "incomeTaxExpense": 13800000, "netIncome": 14300000, "netIncomeRatio": 0.0035050738, "eps": 0.17, "epsdiluted": 0.16, "weightedAverageShsOut": 86340342, "weightedAverageShsOutDil": 86789179, "link": "https://www.sec.gov/Archives/edgar/data/1376139/000095012311022741/0000950123-11-022741-index.htm", "finalLink": "https://www.sec.gov/Archives/edgar/data/1376139/000095012311022741/y90110e10vk.htm", "calculatedOtherExpenses": 84800000, "calculatedOperatingExpenses": 176800000, "calculatedNetInterest": -48089000, "calculatedOtherIncome": -16911000, "calculatedIncomeNonControlling": 0, "calculatedEbitda": 179900000}, {"date": "2009-12-31", "symbol": "CVI", "reportedCurrency": "USD", "cik": "0001376139", "fillingDate": "2010-03-12", "acceptedDate": "2010-03-12 16:54:59", "calendarYear": "2009", "period": "FY", "revenue": 3136329000, "costOfRevenue": 2773738000, "grossProfit": 362591000, "grossProfitRatio": 0.1156100014, "researchAndDevelopmentExpenses": 0, "generalAndAdministrativeExpenses": 0, "sellingAndMarketingExpenses": 0, "sellingGeneralAndAdministrativeExpenses": 68918000, "otherExpenses": 84873000, "operatingExpenses": 153791000, "costAndExpenses": 2927529000, "interestIncome": 1717000, "interestExpense": 44237000, "depreciationAndAmortization": 86814000, "ebitda": 297331000, "ebitdaratio": 0.0948022354, "operatingIncome": 208186000, "operatingIncomeRatio": 0.066378878, "totalOtherIncomeExpensesNet": -67691000, "incomeBeforeTax": 98589000, "incomeBeforeTaxRatio": 0.0314345211, "incomeTaxExpense": 29235000, "netIncome": 69354000, "netIncomeRatio": 0.0221131138, "eps": 0.8, "epsdiluted": 0.8, "weightedAverageShsOut": 86248205, "weightedAverageShsOutDil": 86342433, "link": "https://www.sec.gov/Archives/edgar/data/1376139/000095012310024185/0000950123-10-024185-index.htm", "finalLink": "https://www.sec.gov/Archives/edgar/data/1376139/000095012310024185/y83035e10vk.htm", "calculatedOtherExpenses": 85487000, "calculatedOperatingExpenses": 154405000, "calculatedNetInterest": -42520000, "calculatedOtherIncome": -67077000, "calculatedIncomeNonControlling": 0, "calculatedEbitda": 295000000}, {"date": "2008-12-31", "symbol": "CVI", "reportedCurrency": "USD", "cik": "0001376139", "fillingDate": "2009-03-13", "acceptedDate": "2009-03-13 06:15:16", "calendarYear": "2008", "period": "FY", "revenue": 5016103000, "costOfRevenue": 4461808000, "grossProfit": 554295000, "grossProfitRatio": 0.1105031137, "researchAndDevelopmentExpenses": 0, "generalAndAdministrativeExpenses": 0, "sellingAndMarketingExpenses": 0, "sellingGeneralAndAdministrativeExpenses": 35239000, "otherExpenses": 370315000, "operatingExpenses": 405554000, "costAndExpenses": 4867362000, "interestIncome": 1135000000, "interestExpense": -10222000000, "depreciationAndAmortization": 84168000, "ebitda": 404324000, "ebitdaratio": 0.0806052029, "operatingIncome": 148741000, "operatingIncomeRatio": 0.0296527005, "totalOtherIncomeExpensesNet": -171415000, "incomeBeforeTax": 227846000, "incomeBeforeTaxRatio": 0.045422911, "incomeTaxExpense": 63911000, "netIncome": 163935000, "netIncomeRatio": 0.0326817452, "eps": 1.9, "epsdiluted": 1.9, "weightedAverageShsOut": 86145543, "weightedAverageShsOutDil": 86224209, "link": "https://www.sec.gov/Archives/edgar/data/1376139/000095012309004595/0000950123-09-004595-index.htm", "finalLink": "https://www.sec.gov/Archives/edgar/data/1376139/000095012309004595/y75140e10vk.htm", "calculatedOtherExpenses": 370315000, "calculatedOperatingExpenses": 405554000, "calculatedNetInterest": 11357000000, "calculatedOtherIncome": -11277895000, "calculatedIncomeNonControlling": 0, "calculatedEbitda": 232909000}, {"date": "2007-12-31", "symbol": "CVI", "reportedCurrency": "USD", "cik": "0001376139", "fillingDate": "2008-03-28", "acceptedDate": "2008-03-28 15:47:08", "calendarYear": "2007", "period": "FY", "revenue": 2966864453, "costOfRevenue": 2567205841, "grossProfit": 399658612, "grossProfitRatio": 0.1347074052, "researchAndDevelopmentExpenses": 0, "generalAndAdministrativeExpenses": 0, "sellingAndMarketingExpenses": 0, "sellingGeneralAndAdministrativeExpenses": 93121755, "otherExpenses": 102302441, "operatingExpenses": 195424196, "costAndExpenses": 2762630037, "interestIncome": 1099571000, "interestExpense": -61126183000, "depreciationAndAmortization": 71183752, "ebitda": 599821485, "ebitdaratio": 0.2021735386, "operatingIncome": 204234416, "operatingIncomeRatio": 0.0688384721, "totalOtherIncomeExpensesNet": -324403317, "incomeBeforeTax": -138672247, "incomeBeforeTaxRatio": -0.0467403379, "incomeTaxExpense": -81638610, "netIncome": -56823575, "netIncomeRatio": -0.0191527371, "eps": -0.66, "epsdiluted": -0.66, "weightedAverageShsOut": 86141291, "weightedAverageShsOutDil": 86158791, "link": "https://www.sec.gov/Archives/edgar/data/1376139/000095012308003514/0000950123-08-003514-index.htm", "finalLink": "https://www.sec.gov/Archives/edgar/data/1376139/000095012308003514/y52203e10vk.htm", "calculatedOtherExpenses": 102302441, "calculatedOperatingExpenses": 195424196, "calculatedNetInterest": 62225754000, "calculatedOtherIncome": -62568660663, "calculatedIncomeNonControlling": -210062, "calculatedEbitda": 275418168}, {"date": "2006-12-31", "symbol": "CVI", "reportedCurrency": "USD", "cik": "0001376139", "fillingDate": "2006-12-31", "acceptedDate": "2006-12-30 19:00:00", "calendarYear": "2006", "period": "FY", "revenue": 3037567362, "costOfRevenue": 2642354726, "grossProfit": 395212636, "grossProfitRatio": 0.1301082705, "researchAndDevelopmentExpenses": 0, "generalAndAdministrativeExpenses": 0, "sellingAndMarketingExpenses": 0, "sellingGeneralAndAdministrativeExpenses": 62600121, "otherExpenses": 51004582, "operatingExpenses": 113604703, "costAndExpenses": 2755959429, "interestIncome": 0, "interestExpense": 0, "depreciationAndAmortization": 54341377, "ebitda": 265716306, "ebitdaratio": 0.0874766793, "operatingIncome": 281607933, "operatingIncomeRatio": 0.0927083746, "totalOtherIncomeExpensesNet": 70233004, "incomeBeforeTax": 311411483, "incomeBeforeTaxRatio": 0.1025200254, "incomeTaxExpense": 119840160, "netIncome": 191571323, "netIncomeRatio": 0.0630673497, "eps": 2.26, "epsdiluted": 2.26, "weightedAverageShsOut": 84716785, "weightedAverageShsOutDil": 84734285, "link": "", "finalLink": "", "calculatedOtherExpenses": 51004582, "calculatedOperatingExpenses": 113604703, "calculatedNetInterest": 0, "calculatedOtherIncome": 29803550, "calculatedIncomeNonControlling": 0, "calculatedEbitda": 335949310}, {"date": "2005-12-31", "symbol": "CVI", "reportedCurrency": "USD", "cik": "0001376139", "fillingDate": "2005-12-31", "acceptedDate": "2005-12-30 19:00:00", "calendarYear": "2005", "period": "FY", "revenue": 1454259542, "costOfRevenue": 1253450419, "grossProfit": 200809123, "grossProfitRatio": 0.1380834144, "researchAndDevelopmentExpenses": 0, "generalAndAdministrativeExpenses": 0, "sellingAndMarketingExpenses": 0, "sellingGeneralAndAdministrativeExpenses": 18320030, "otherExpenses": 23954031, "operatingExpenses": 42274061, "costAndExpenses": 1295724480, "interestIncome": 0, "interestExpense": 0, "depreciationAndAmortization": 25705072, "ebitda": 500865435, "ebitdaratio": 0.344412686, "operatingIncome": 158535062, "operatingIncomeRatio": 0.1090142835, "totalOtherIncomeExpensesNet": -316625301, "incomeBeforeTax": -182125134, "incomeBeforeTaxRatio": -0.1252356466, "incomeTaxExpense": -62968044, "netIncome": -119157090, "netIncomeRatio": -0.0819366052, "eps": -1.41, "epsdiluted": -1.41, "weightedAverageShsOut": 84716785, "weightedAverageShsOutDil": 84734285, "link": "", "finalLink": "", "calculatedOtherExpenses": 23954031, "calculatedOperatingExpenses": 42274061, "calculatedNetInterest": 0, "calculatedOtherIncome": -340660196, "calculatedIncomeNonControlling": 0, "calculatedEbitda": 184240134}]}