{"originalCurrency": "USD", "convertedCurrency": "USD", "report": [{"date": "2024-03-31", "symbol": "CVLT", "reportedCurrency": "USD", "cik": "0001169561", "fillingDate": "2024-05-13", "acceptedDate": "2024-05-13 07:50:20", "calendarYear": "2024", "period": "FY", "revenue": 839247000, "costOfRevenue": 158025000, "grossProfit": 681222000, "grossProfitRatio": 0.8117062081, "researchAndDevelopmentExpenses": 132328000, "generalAndAdministrativeExpenses": 113997000, "sellingAndMarketingExpenses": 354994000, "sellingGeneralAndAdministrativeExpenses": 466603000, "otherExpenses": 3250000, "operatingExpenses": 598931000, "costAndExpenses": 756956000, "interestIncome": 5423000, "interestExpense": 415000, "depreciationAndAmortization": 6415000, "ebitda": 88706000, "ebitdaratio": 0.1056971309, "operatingIncome": 82291000, "operatingIncomeRatio": 0.098053374, "totalOtherIncomeExpensesNet": 1322000, "incomeBeforeTax": 83613000, "incomeBeforeTaxRatio": 0.0996285956, "incomeTaxExpense": -85293000, "netIncome": 168906000, "netIncomeRatio": 0.2012589857, "eps": 3.85, "epsdiluted": 3.75, "weightedAverageShsOut": 43885000, "weightedAverageShsOutDil": 45100000, "link": "https://www.sec.gov/Archives/edgar/data/1169561/000116956124000039/0001169561-24-000039-index.htm", "finalLink": "https://www.sec.gov/Archives/edgar/data/1169561/000116956124000039/cvlt-20240331.htm", "calculatedOtherExpenses": 0, "calculatedOperatingExpenses": 598931000, "calculatedNetInterest": 5008000, "calculatedOtherIncome": -3686000, "calculatedIncomeNonControlling": 0, "calculatedEbitda": 88706000}, {"date": "2023-03-31", "symbol": "CVLT", "reportedCurrency": "USD", "cik": "0001169561", "fillingDate": "2023-05-05", "acceptedDate": "2023-05-05 15:24:19", "calendarYear": "2023", "period": "FY", "revenue": 784590000, "costOfRevenue": 135402000, "grossProfit": 649188000, "grossProfitRatio": 0.8274232402, "researchAndDevelopmentExpenses": 141847000, "generalAndAdministrativeExpenses": 104240000, "sellingAndMarketingExpenses": 340783000, "sellingGeneralAndAdministrativeExpenses": 445023000, "otherExpenses": 9270000, "operatingExpenses": 596140000, "costAndExpenses": 731542000, "interestIncome": 1300000, "interestExpense": 472000, "depreciationAndAmortization": 10323000, "ebitda": 64366000, "ebitdaratio": 0.0820377522, "operatingIncome": 54043000, "operatingIncomeRatio": 0.0688805618, "totalOtherIncomeExpensesNet": -69405000, "incomeBeforeTax": -15362000, "incomeBeforeTaxRatio": -0.0195796531, "incomeTaxExpense": 20412000, "netIncome": -35774000, "netIncomeRatio": -0.0455957889, "eps": -0.8, "epsdiluted": -0.8, "weightedAverageShsOut": 44664000, "weightedAverageShsOutDil": 44664000, "link": "https://www.sec.gov/Archives/edgar/data/1169561/000116956123000044/0001169561-23-000044-index.htm", "finalLink": "https://www.sec.gov/Archives/edgar/data/1169561/000116956123000044/cvlt-20230331.htm", "calculatedOtherExpenses": 8275000, "calculatedOperatingExpenses": 595145000, "calculatedNetInterest": 828000, "calculatedOtherIncome": -70233000, "calculatedIncomeNonControlling": 0, "calculatedEbitda": 64366000}, {"date": "2022-03-31", "symbol": "CVLT", "reportedCurrency": "USD", "cik": "0001169561", "fillingDate": "2022-05-06", "acceptedDate": "2022-05-06 14:41:13", "calendarYear": "2022", "period": "FY", "revenue": 769591000, "costOfRevenue": 113859000, "grossProfit": 655732000, "grossProfitRatio": 0.8520525838, "researchAndDevelopmentExpenses": 153615000, "generalAndAdministrativeExpenses": 103049000, "sellingAndMarketingExpenses": 341644000, "sellingGeneralAndAdministrativeExpenses": 444693000, "otherExpenses": 9666000, "operatingExpenses": 607974000, "costAndExpenses": 721833000, "interestIncome": 656000, "interestExpense": 109000, "depreciationAndAmortization": 19099000, "ebitda": 60665000, "ebitdaratio": 0.078827585, "operatingIncome": 41566000, "operatingIncomeRatio": 0.0540105069, "totalOtherIncomeExpensesNet": 1848000, "incomeBeforeTax": 43414000, "incomeBeforeTaxRatio": 0.0564117824, "incomeTaxExpense": 9790000, "netIncome": 33624000, "netIncomeRatio": 0.0436907396, "eps": 0.74, "epsdiluted": 0.71, "weightedAverageShsOut": 45443000, "weightedAverageShsOutDil": 47220000, "link": "https://www.sec.gov/Archives/edgar/data/1169561/000116956122000018/0001169561-22-000018-index.htm", "finalLink": "https://www.sec.gov/Archives/edgar/data/1169561/000116956122000018/cvlt-20220331.htm", "calculatedOtherExpenses": 15858000, "calculatedOperatingExpenses": 614166000, "calculatedNetInterest": 547000, "calculatedOtherIncome": 1301000, "calculatedIncomeNonControlling": 0, "calculatedEbitda": 60665000}, {"date": "2021-03-31", "symbol": "CVLT", "reportedCurrency": "USD", "cik": "0001169561", "fillingDate": "2021-05-13", "acceptedDate": "2021-05-13 08:52:40", "calendarYear": "2021", "period": "FY", "revenue": 723472000, "costOfRevenue": 109373000, "grossProfit": 614099000, "grossProfitRatio": 0.8488220691, "researchAndDevelopmentExpenses": 133401000, "generalAndAdministrativeExpenses": 92214000, "sellingAndMarketingExpenses": 331948000, "sellingGeneralAndAdministrativeExpenses": 424162000, "otherExpenses": 14628000, "operatingExpenses": 572191000, "costAndExpenses": 681564000, "interestIncome": 1028000, "interestExpense": 0, "depreciationAndAmortization": 15878000, "ebitda": 121957000, "ebitdaratio": 0.1685718314, "operatingIncome": 106079000, "operatingIncomeRatio": 0.1466248867, "totalOtherIncomeExpensesNet": -127314000, "incomeBeforeTax": -21235000, "incomeBeforeTaxRatio": -0.029351516, "incomeTaxExpense": 9719000, "netIncome": -30954000, "netIncomeRatio": -0.0427853462, "eps": -0.66, "epsdiluted": -0.66, "weightedAverageShsOut": 46652000, "weightedAverageShsOutDil": 46652000, "link": "https://www.sec.gov/Archives/edgar/data/1169561/000116956121000018/0001169561-21-000018-index.htm", "finalLink": "https://www.sec.gov/Archives/edgar/data/1169561/000116956121000018/cvlt-20210331.htm", "calculatedOtherExpenses": -49543000, "calculatedOperatingExpenses": 508020000, "calculatedNetInterest": 1028000, "calculatedOtherIncome": -128342000, "calculatedIncomeNonControlling": 0, "calculatedEbitda": 121957000}, {"date": "2020-03-31", "symbol": "CVLT", "reportedCurrency": "USD", "cik": "0001169561", "fillingDate": "2020-05-15", "acceptedDate": "2020-05-15 15:17:08", "calendarYear": "2020", "period": "FY", "revenue": 670885000, "costOfRevenue": 117078000, "grossProfit": 553807000, "grossProfitRatio": 0.8254872296, "researchAndDevelopmentExpenses": 110020000, "generalAndAdministrativeExpenses": 92130000, "sellingAndMarketingExpenses": 335785000, "sellingGeneralAndAdministrativeExpenses": 427915000, "otherExpenses": 15815000, "operatingExpenses": 553750000, "costAndExpenses": 670828000, "interestIncome": 4962000, "interestExpense": 0, "depreciationAndAmortization": 17065000, "ebitda": 34687000, "ebitdaratio": 0.0517033471, "operatingIncome": 17622000, "operatingIncomeRatio": 0.0262667968, "totalOtherIncomeExpensesNet": -30168000, "incomeBeforeTax": -12546000, "incomeBeforeTaxRatio": -0.0187006715, "incomeTaxExpense": -6901000, "netIncome": -5645000, "netIncomeRatio": -0.0084142588, "eps": -0.12, "epsdiluted": -0.12, "weightedAverageShsOut": 45793000, "weightedAverageShsOutDil": 45793000, "link": "https://www.sec.gov/Archives/edgar/data/1169561/000116956120000018/0001169561-20-000018-index.htm", "finalLink": "https://www.sec.gov/Archives/edgar/data/1169561/000116956120000018/a2020033110k.htm", "calculatedOtherExpenses": -1750000, "calculatedOperatingExpenses": 536185000, "calculatedNetInterest": 4962000, "calculatedOtherIncome": -35130000, "calculatedIncomeNonControlling": 0, "calculatedEbitda": 34687000}, {"date": "2019-03-31", "symbol": "CVLT", "reportedCurrency": "USD", "cik": "0001169561", "fillingDate": "2019-05-02", "acceptedDate": "2019-05-02 16:32:55", "calendarYear": "2019", "period": "FY", "revenue": 710957000, "costOfRevenue": 117006000, "grossProfit": 593951000, "grossProfitRatio": 0.8354246459, "researchAndDevelopmentExpenses": 92647000, "generalAndAdministrativeExpenses": 100946000, "sellingAndMarketingExpenses": 370088000, "sellingGeneralAndAdministrativeExpenses": 471034000, "otherExpenses": 10597000, "operatingExpenses": 574278000, "costAndExpenses": 691284000, "interestIncome": 5519000, "interestExpense": 0, "depreciationAndAmortization": 12060000, "ebitda": 37252000, "ebitdaratio": 0.0523969804, "operatingIncome": 4908000, "operatingIncomeRatio": 0.0069033711, "totalOtherIncomeExpensesNet": -14765000, "incomeBeforeTax": 10427000, "incomeBeforeTaxRatio": 0.0146661472, "incomeTaxExpense": 6866000, "netIncome": 3561000, "netIncomeRatio": 0.0050087417, "eps": 0.0777, "epsdiluted": 0.0748, "weightedAverageShsOut": 45827000, "weightedAverageShsOutDil": 47601000, "link": "https://www.sec.gov/Archives/edgar/data/1169561/000116956119000022/0001169561-19-000022-index.htm", "finalLink": "https://www.sec.gov/Archives/edgar/data/1169561/000116956119000022/a2019033110k.htm", "calculatedOtherExpenses": 25362000, "calculatedOperatingExpenses": 589043000, "calculatedNetInterest": 5519000, "calculatedOtherIncome": 0, "calculatedIncomeNonControlling": 0, "calculatedEbitda": 16968000}, {"date": "2018-03-31", "symbol": "CVLT", "reportedCurrency": "USD", "cik": "0001169561", "fillingDate": "2018-05-03", "acceptedDate": "2018-05-03 15:41:16", "calendarYear": "2018", "period": "FY", "revenue": 699393000, "costOfRevenue": 98152000, "grossProfit": 601241000, "grossProfitRatio": 0.8596611633, "researchAndDevelopmentExpenses": 94164000, "generalAndAdministrativeExpenses": 87575000, "sellingAndMarketingExpenses": 410727000, "sellingGeneralAndAdministrativeExpenses": 498302000, "otherExpenses": 0, "operatingExpenses": 602187000, "costAndExpenses": 700339000, "interestIncome": 2228000, "interestExpense": 1161000, "depreciationAndAmortization": 11785000, "ebitda": 9446000, "ebitdaratio": 0.0135059973, "operatingIncome": -946000, "operatingIncomeRatio": -0.0013526015, "totalOtherIncomeExpensesNet": -3621000, "incomeBeforeTax": -3500000, "incomeBeforeTaxRatio": -0.0050043395, "incomeTaxExpense": 58400000, "netIncome": -61900000, "netIncomeRatio": -0.0885053182, "eps": -1.37, "epsdiluted": -1.37, "weightedAverageShsOut": 45182481, "weightedAverageShsOutDil": 45242000, "link": "https://www.sec.gov/Archives/edgar/data/1169561/000116956118000018/0001169561-18-000018-index.htm", "finalLink": "https://www.sec.gov/Archives/edgar/data/1169561/000116956118000018/a2018033110k.htm", "calculatedOtherExpenses": 9721000, "calculatedOperatingExpenses": 602187000, "calculatedNetInterest": 1067000, "calculatedOtherIncome": -3621000, "calculatedIncomeNonControlling": 0, "calculatedEbitda": 10839000}, {"date": "2017-03-31", "symbol": "CVLT", "reportedCurrency": "USD", "cik": "0001169561", "fillingDate": "2017-05-05", "acceptedDate": "2017-05-05 16:42:22", "calendarYear": "2017", "period": "FY", "revenue": 650518000, "costOfRevenue": 85192000, "grossProfit": 565326000, "grossProfitRatio": 0.8690397499, "researchAndDevelopmentExpenses": 83543000, "generalAndAdministrativeExpenses": 84944000, "sellingAndMarketingExpenses": 387975000, "sellingGeneralAndAdministrativeExpenses": 472919000, "otherExpenses": 0, "operatingExpenses": 565097000, "costAndExpenses": 650289000, "interestIncome": 1163000, "interestExpense": 957000, "depreciationAndAmortization": 10232000, "ebitda": 10666000, "ebitdaratio": 0.0163961643, "operatingIncome": 229000, "operatingIncomeRatio": 0.0003520272, "totalOtherIncomeExpensesNet": -958000, "incomeBeforeTax": -523000, "incomeBeforeTaxRatio": -0.0008039747, "incomeTaxExpense": -1063000, "netIncome": 540000, "netIncomeRatio": 0.0008301077, "eps": 0.01, "epsdiluted": 0.01, "weightedAverageShsOut": 44700000, "weightedAverageShsOutDil": 46621000, "link": "https://www.sec.gov/Archives/edgar/data/1169561/000116956117000014/0001169561-17-000014-index.htm", "finalLink": "https://www.sec.gov/Archives/edgar/data/1169561/000116956117000014/a2017033110k.htm", "calculatedOtherExpenses": 8635000, "calculatedOperatingExpenses": 565097000, "calculatedNetInterest": 206000, "calculatedOtherIncome": -958000, "calculatedIncomeNonControlling": 0, "calculatedEbitda": 10461000}, {"date": "2016-03-31", "symbol": "CVLT", "reportedCurrency": "USD", "cik": "0001169561", "fillingDate": "2016-05-06", "acceptedDate": "2016-05-06 14:09:12", "calendarYear": "2016", "period": "FY", "revenue": 595126000, "costOfRevenue": 82712000, "grossProfit": 512414000, "grossProfitRatio": 0.8610176668, "researchAndDevelopmentExpenses": 69287000, "generalAndAdministrativeExpenses": 78848000, "sellingAndMarketingExpenses": 352669000, "sellingGeneralAndAdministrativeExpenses": 431517000, "otherExpenses": 0, "operatingExpenses": 510415000, "costAndExpenses": 593127000, "interestIncome": 862000, "interestExpense": 933000, "depreciationAndAmortization": 11179000, "ebitda": 13957000, "ebitdaratio": 0.0234521765, "operatingIncome": 1999000, "operatingIncomeRatio": 0.0033589526, "totalOtherIncomeExpensesNet": -83000, "incomeBeforeTax": 1845000, "incomeBeforeTaxRatio": 0.0031001838, "incomeTaxExpense": 1709000, "netIncome": 136000, "netIncomeRatio": 0.000228523, "eps": 0.003, "epsdiluted": 0.0029, "weightedAverageShsOut": 45159000, "weightedAverageShsOutDil": 46489000, "link": "https://www.sec.gov/Archives/edgar/data/1169561/000116956116000029/0001169561-16-000029-index.htm", "finalLink": "https://www.sec.gov/Archives/edgar/data/1169561/000116956116000029/a2016033110k.htm", "calculatedOtherExpenses": 9611000, "calculatedOperatingExpenses": 510415000, "calculatedNetInterest": -71000, "calculatedOtherIncome": -83000, "calculatedIncomeNonControlling": 0, "calculatedEbitda": 13178000}, {"date": "2015-03-31", "symbol": "CVLT", "reportedCurrency": "USD", "cik": "0001169561", "fillingDate": "2015-05-08", "acceptedDate": "2015-05-08 14:18:10", "calendarYear": "2015", "period": "FY", "revenue": 607543000, "costOfRevenue": 82068000, "grossProfit": 525475000, "grossProfitRatio": 0.8649182033, "researchAndDevelopmentExpenses": 64143000, "generalAndAdministrativeExpenses": 78063000, "sellingAndMarketingExpenses": 335980000, "sellingGeneralAndAdministrativeExpenses": 414043000, "otherExpenses": 0, "operatingExpenses": 486691000, "costAndExpenses": 568759000, "interestIncome": 773000, "interestExpense": 665000, "depreciationAndAmortization": 9046000, "ebitda": 48603000, "ebitdaratio": 0.0799992758, "operatingIncome": 38784000, "operatingIncomeRatio": 0.0638374568, "totalOtherIncomeExpensesNet": 108000, "incomeBeforeTax": 38892000, "incomeBeforeTaxRatio": 0.064015222, "incomeTaxExpense": 13242000, "netIncome": 25650000, "netIncomeRatio": 0.0422192339, "eps": 0.56, "epsdiluted": 0.54, "weightedAverageShsOut": 45464000, "weightedAverageShsOutDil": 47222000, "link": "https://www.sec.gov/Archives/edgar/data/1169561/000162828015003946/0001628280-15-003946-index.htm", "finalLink": "https://www.sec.gov/Archives/edgar/data/1169561/000162828015003946/a2015033110k.htm", "calculatedOtherExpenses": 8505000, "calculatedOperatingExpenses": 486691000, "calculatedNetInterest": 108000, "calculatedOtherIncome": 0, "calculatedIncomeNonControlling": 0, "calculatedEbitda": 47830000}, {"date": "2014-03-31", "symbol": "CVLT", "reportedCurrency": "USD", "cik": "0001169561", "fillingDate": "2014-05-02", "acceptedDate": "2014-05-02 16:54:47", "calendarYear": "2014", "period": "FY", "revenue": 586340000, "costOfRevenue": 74301000, "grossProfit": 512039000, "grossProfitRatio": 0.8732800082, "researchAndDevelopmentExpenses": 55134000, "generalAndAdministrativeExpenses": 67106000, "sellingAndMarketingExpenses": 283304000, "sellingGeneralAndAdministrativeExpenses": 350410000, "otherExpenses": 0, "operatingExpenses": 411619000, "costAndExpenses": 485920000, "interestIncome": 890000, "interestExpense": 0, "depreciationAndAmortization": 6207000, "ebitda": 107517000, "ebitdaratio": 0.1833697172, "operatingIncome": 100420000, "operatingIncomeRatio": 0.1712658185, "totalOtherIncomeExpensesNet": 890000, "incomeBeforeTax": 101310000, "incomeBeforeTaxRatio": 0.1727837091, "incomeTaxExpense": 37246000, "netIncome": 64064000, "netIncomeRatio": 0.1092608384, "eps": 1.36, "epsdiluted": 1.29, "weightedAverageShsOut": 46976000, "weightedAverageShsOutDil": 49642000, "link": "https://www.sec.gov/Archives/edgar/data/1169561/000144530514001788/0001445305-14-001788-index.htm", "finalLink": "https://www.sec.gov/Archives/edgar/data/1169561/000144530514001788/a2014033110k.htm", "calculatedOtherExpenses": 6075000, "calculatedOperatingExpenses": 411619000, "calculatedNetInterest": 890000, "calculatedOtherIncome": 0, "calculatedIncomeNonControlling": 0, "calculatedEbitda": 106627000}, {"date": "2013-03-31", "symbol": "CVLT", "reportedCurrency": "USD", "cik": "0001169561", "fillingDate": "2013-05-14", "acceptedDate": "2013-05-14 15:45:27", "calendarYear": "2013", "period": "FY", "revenue": 495850000, "costOfRevenue": 64952000, "grossProfit": 430898000, "grossProfitRatio": 0.8690087728, "researchAndDevelopmentExpenses": 47356000, "generalAndAdministrativeExpenses": 50119000, "sellingAndMarketingExpenses": 247696000, "sellingGeneralAndAdministrativeExpenses": 297815000, "otherExpenses": 0, "operatingExpenses": 350003000, "costAndExpenses": 414955000, "interestIncome": 1059000, "interestExpense": 0, "depreciationAndAmortization": 4939000, "ebitda": 86893000, "ebitdaratio": 0.1752404961, "operatingIncome": 80895000, "operatingIncomeRatio": 0.163144096, "totalOtherIncomeExpensesNet": 1059000, "incomeBeforeTax": 81954000, "incomeBeforeTaxRatio": 0.1652798225, "incomeTaxExpense": 28745000, "netIncome": 53209000, "netIncomeRatio": 0.1073086619, "eps": 1.17, "epsdiluted": 1.1, "weightedAverageShsOut": 45463000, "weightedAverageShsOutDil": 48330000, "link": "https://www.sec.gov/Archives/edgar/data/1169561/000119312513219425/0001193125-13-219425-index.htm", "finalLink": "https://www.sec.gov/Archives/edgar/data/1169561/000119312513219425/d482414d10k.htm", "calculatedOtherExpenses": 4832000, "calculatedOperatingExpenses": 350003000, "calculatedNetInterest": 1059000, "calculatedOtherIncome": 0, "calculatedIncomeNonControlling": 0, "calculatedEbitda": 85834000}, {"date": "2012-03-31", "symbol": "CVLT", "reportedCurrency": "USD", "cik": "0001169561", "fillingDate": "2012-05-15", "acceptedDate": "2012-05-15 15:03:38", "calendarYear": "2012", "period": "FY", "revenue": 406639000, "costOfRevenue": 53407000, "grossProfit": 353232000, "grossProfitRatio": 0.8686623762, "researchAndDevelopmentExpenses": 39936000, "generalAndAdministrativeExpenses": 40619000, "sellingAndMarketingExpenses": 219025000, "sellingGeneralAndAdministrativeExpenses": 259644000, "otherExpenses": 0, "operatingExpenses": 303933000, "costAndExpenses": 357340000, "interestIncome": 750000, "interestExpense": 57000, "depreciationAndAmortization": 4484000, "ebitda": 54533000, "ebitdaratio": 0.1341066646, "operatingIncome": 49299000, "operatingIncomeRatio": 0.1212352972, "totalOtherIncomeExpensesNet": 693000, "incomeBeforeTax": 49992000, "incomeBeforeTaxRatio": 0.1229395115, "incomeTaxExpense": 18052000, "netIncome": 31940000, "netIncomeRatio": 0.0785463273, "eps": 0.72, "epsdiluted": 0.68, "weightedAverageShsOut": 44089000, "weightedAverageShsOutDil": 47201000, "link": "https://www.sec.gov/Archives/edgar/data/1169561/000119312512234191/0001193125-12-234191-index.htm", "finalLink": "https://www.sec.gov/Archives/edgar/data/1169561/000119312512234191/d309933d10k.htm", "calculatedOtherExpenses": 4353000, "calculatedOperatingExpenses": 303933000, "calculatedNetInterest": 693000, "calculatedOtherIncome": 0, "calculatedIncomeNonControlling": 0, "calculatedEbitda": 53783000}, {"date": "2011-03-31", "symbol": "CVLT", "reportedCurrency": "USD", "cik": "0001169561", "fillingDate": "2011-05-17", "acceptedDate": "2011-05-17 17:00:50", "calendarYear": "2011", "period": "FY", "revenue": 314776000, "costOfRevenue": 41015000, "grossProfit": 273761000, "grossProfitRatio": 0.8697009937, "researchAndDevelopmentExpenses": 36954000, "generalAndAdministrativeExpenses": 34207000, "sellingAndMarketingExpenses": 163054000, "sellingGeneralAndAdministrativeExpenses": 197261000, "otherExpenses": 0, "operatingExpenses": 237990000, "costAndExpenses": 279005000, "interestIncome": 650000, "interestExpense": 106000, "depreciationAndAmortization": 3906000, "ebitda": 40327000, "ebitdaratio": 0.128113325, "operatingIncome": 35771000, "operatingIncomeRatio": 0.1136395405, "totalOtherIncomeExpensesNet": 544000, "incomeBeforeTax": 36315000, "incomeBeforeTaxRatio": 0.1153677536, "incomeTaxExpense": 15311000, "netIncome": 21004000, "netIncomeRatio": 0.0667268153, "eps": 0.49, "epsdiluted": 0.45, "weightedAverageShsOut": 43283000, "weightedAverageShsOutDil": 46301000, "link": "https://www.sec.gov/Archives/edgar/data/1169561/000095012311051348/0000950123-11-051348-index.htm", "finalLink": "https://www.sec.gov/Archives/edgar/data/1169561/000095012311051348/c15860e10vk.htm", "calculatedOtherExpenses": 3775000, "calculatedOperatingExpenses": 237990000, "calculatedNetInterest": 544000, "calculatedOtherIncome": 0, "calculatedIncomeNonControlling": 0, "calculatedEbitda": 39677000}, {"date": "2010-03-31", "symbol": "CVLT", "reportedCurrency": "USD", "cik": "0001169561", "fillingDate": "2010-05-18", "acceptedDate": "2010-05-18 15:15:35", "calendarYear": "2010", "period": "FY", "revenue": 271025000, "costOfRevenue": 35645000, "grossProfit": 235380000, "grossProfitRatio": 0.8684807675, "researchAndDevelopmentExpenses": 33421000, "generalAndAdministrativeExpenses": 29823000, "sellingAndMarketingExpenses": 136773000, "sellingGeneralAndAdministrativeExpenses": 166596000, "otherExpenses": 0, "operatingExpenses": 203531000, "costAndExpenses": 239176000, "interestIncome": 384000, "interestExpense": 106000, "depreciationAndAmortization": 3630000, "ebitda": 35863000, "ebitdaratio": 0.1323235864, "operatingIncome": 31849000, "operatingIncomeRatio": 0.1175131445, "totalOtherIncomeExpensesNet": 278000, "incomeBeforeTax": 32127000, "incomeBeforeTaxRatio": 0.1185388802, "incomeTaxExpense": 13722000, "netIncome": 18405000, "netIncomeRatio": 0.0679088645, "eps": 0.44, "epsdiluted": 0.41, "weightedAverageShsOut": 42133000, "weightedAverageShsOutDil": 45022000, "link": "https://www.sec.gov/Archives/edgar/data/1169561/000095012310050788/0000950123-10-050788-index.htm", "finalLink": "https://www.sec.gov/Archives/edgar/data/1169561/000095012310050788/c00419e10vk.htm", "calculatedOtherExpenses": 3514000, "calculatedOperatingExpenses": 203531000, "calculatedNetInterest": 278000, "calculatedOtherIncome": 0, "calculatedIncomeNonControlling": 0, "calculatedEbitda": 35479000}, {"date": "2009-03-31", "symbol": "CVLT", "reportedCurrency": "USD", "cik": "0001169561", "fillingDate": "2009-05-19", "acceptedDate": "2009-05-19 17:04:58", "calendarYear": "2009", "period": "FY", "revenue": 234519000, "costOfRevenue": 30646000, "grossProfit": 203873000, "grossProfitRatio": 0.8693240207, "researchAndDevelopmentExpenses": 30669000, "generalAndAdministrativeExpenses": 26159000, "sellingAndMarketingExpenses": 122957000, "sellingGeneralAndAdministrativeExpenses": 149116000, "otherExpenses": 0, "operatingExpenses": 183367000, "costAndExpenses": 214013000, "interestIncome": 1639000, "interestExpense": 175000, "depreciationAndAmortization": 3691000, "ebitda": 25836000, "ebitdaratio": 0.1101659141, "operatingIncome": 20506000, "operatingIncomeRatio": 0.0874385444, "totalOtherIncomeExpensesNet": 1464000, "incomeBeforeTax": 21970000, "incomeBeforeTaxRatio": 0.093681109, "incomeTaxExpense": 9642000, "netIncome": 12328000, "netIncomeRatio": 0.0525671694, "eps": 0.29, "epsdiluted": 0.28, "weightedAverageShsOut": 41983000, "weightedAverageShsOutDil": 44013000, "link": "https://www.sec.gov/Archives/edgar/data/1169561/000089322009001231/0000893220-09-001231-index.htm", "finalLink": "https://www.sec.gov/Archives/edgar/data/1169561/000089322009001231/w74075e10vk.htm", "calculatedOtherExpenses": 3582000, "calculatedOperatingExpenses": 183367000, "calculatedNetInterest": 1464000, "calculatedOtherIncome": 0, "calculatedIncomeNonControlling": 0, "calculatedEbitda": 24197000}, {"date": "2008-03-31", "symbol": "CVLT", "reportedCurrency": "USD", "cik": "0001169561", "fillingDate": "2008-05-16", "acceptedDate": "2008-05-16 15:13:48", "calendarYear": "2008", "period": "FY", "revenue": 198303000, "costOfRevenue": 26984000, "grossProfit": 171319000, "grossProfitRatio": 0.8639254071, "researchAndDevelopmentExpenses": 26855000, "generalAndAdministrativeExpenses": 0, "sellingAndMarketingExpenses": 0, "sellingGeneralAndAdministrativeExpenses": 117771000, "otherExpenses": 0, "operatingExpenses": 147645000, "costAndExpenses": 174629000, "interestIncome": 0, "interestExpense": 0, "depreciationAndAmortization": 3155000, "ebitda": 26829000, "ebitdaratio": 0.1352929608, "operatingIncome": 23674000, "operatingIncomeRatio": 0.1193829645, "totalOtherIncomeExpensesNet": 3477000, "incomeBeforeTax": 27151000, "incomeBeforeTaxRatio": 0.1369167385, "incomeTaxExpense": 6347000, "netIncome": 20804000, "netIncomeRatio": 0.1049101627, "eps": 0.48, "epsdiluted": 0.46, "weightedAverageShsOut": 43188000, "weightedAverageShsOutDil": 45699000, "link": "https://www.sec.gov/Archives/edgar/data/1169561/000095012308005795/0000950123-08-005795-index.htm", "finalLink": "https://www.sec.gov/Archives/edgar/data/1169561/000095012308005795/y58125e10vk.htm", "calculatedOtherExpenses": 3019000, "calculatedOperatingExpenses": 147645000, "calculatedNetInterest": 0, "calculatedOtherIncome": 3477000, "calculatedIncomeNonControlling": 0, "calculatedEbitda": 26829000}, {"date": "2007-03-31", "symbol": "CVLT", "reportedCurrency": "USD", "cik": "0001169561", "fillingDate": "2007-05-25", "acceptedDate": "2007-05-25 14:02:39", "calendarYear": "2007", "period": "FY", "revenue": 151107000, "costOfRevenue": 21684000, "grossProfit": 129423000, "grossProfitRatio": 0.8564990371, "researchAndDevelopmentExpenses": 23398000, "generalAndAdministrativeExpenses": 0, "sellingAndMarketingExpenses": 0, "sellingGeneralAndAdministrativeExpenses": 86850000, "otherExpenses": 0, "operatingExpenses": 112851000, "costAndExpenses": 134535000, "interestIncome": 0, "interestExpense": 0, "depreciationAndAmortization": 2893000, "ebitda": 19465000, "ebitdaratio": 0.1288160046, "operatingIncome": 16572000, "operatingIncomeRatio": 0.1096706307, "totalOtherIncomeExpensesNet": 2274000, "incomeBeforeTax": 18846000, "incomeBeforeTaxRatio": 0.1247195696, "incomeTaxExpense": -45408000, "netIncome": 64254000, "netIncomeRatio": 0.4252218627, "eps": -1.35, "epsdiluted": -1.35, "weightedAverageShsOut": 30670000, "weightedAverageShsOutDil": 30670000, "link": "https://www.sec.gov/Archives/edgar/data/1169561/000095012307007955/0000950123-07-007955-index.htm", "finalLink": "https://www.sec.gov/Archives/edgar/data/1169561/000095012307007955/y35351e10vk.htm", "calculatedOtherExpenses": 2603000, "calculatedOperatingExpenses": 112851000, "calculatedNetInterest": 0, "calculatedOtherIncome": 2274000, "calculatedIncomeNonControlling": 0, "calculatedEbitda": 19465000}, {"date": "2006-03-31", "symbol": "CVLT", "reportedCurrency": "USD", "cik": "0001169561", "fillingDate": "2006-03-31", "acceptedDate": "2006-03-30 19:00:00", "calendarYear": "2006", "period": "FY", "revenue": 109472000, "costOfRevenue": 14995000, "grossProfit": 94477000, "grossProfitRatio": 0.863024335, "researchAndDevelopmentExpenses": 19301000, "generalAndAdministrativeExpenses": 0, "sellingAndMarketingExpenses": 0, "sellingGeneralAndAdministrativeExpenses": 63601000, "otherExpenses": 0, "operatingExpenses": 84525000, "costAndExpenses": 99520000, "interestIncome": 0, "interestExpense": 0, "depreciationAndAmortization": 1682000, "ebitda": 11634000, "ebitdaratio": 0.1062737504, "operatingIncome": 9952000, "operatingIncomeRatio": 0.0909090909, "totalOtherIncomeExpensesNet": 1255000, "incomeBeforeTax": 11207000, "incomeBeforeTaxRatio": 0.1023732096, "incomeTaxExpense": 451000, "netIncome": 10756000, "netIncomeRatio": 0.0982534347, "eps": 0.18, "epsdiluted": 0.17, "weightedAverageShsOut": 18839000, "weightedAverageShsOutDil": 30932000, "link": null, "finalLink": null, "calculatedOtherExpenses": 1623000, "calculatedOperatingExpenses": 84525000, "calculatedNetInterest": 0, "calculatedOtherIncome": 1255000, "calculatedIncomeNonControlling": 0, "calculatedEbitda": 11634000}, {"date": "2005-03-31", "symbol": "CVLT", "reportedCurrency": "USD", "cik": "0001169561", "fillingDate": "2005-03-31", "acceptedDate": "2005-03-30 19:00:00", "calendarYear": "2005", "period": "FY", "revenue": 82629000, "costOfRevenue": 11472000, "grossProfit": 71157000, "grossProfitRatio": 0.8611625458, "researchAndDevelopmentExpenses": 17239000, "generalAndAdministrativeExpenses": 0, "sellingAndMarketingExpenses": 0, "sellingGeneralAndAdministrativeExpenses": 52203000, "otherExpenses": 0, "operatingExpenses": 70832000, "costAndExpenses": 82304000, "interestIncome": 0, "interestExpense": 0, "depreciationAndAmortization": 1431000, "ebitda": 1756000, "ebitdaratio": 0.0212516187, "operatingIncome": 325000, "operatingIncomeRatio": 0.0039332438, "totalOtherIncomeExpensesNet": 332000, "incomeBeforeTax": 657000, "incomeBeforeTaxRatio": 0.0079512036, "incomeTaxExpense": 174000, "netIncome": 483000, "netIncomeRatio": 0.0058454054, "eps": -0.28, "epsdiluted": -0.28, "weightedAverageShsOut": 18712000, "weightedAverageShsOutDil": 18712000, "link": null, "finalLink": null, "calculatedOtherExpenses": 1390000, "calculatedOperatingExpenses": 70832000, "calculatedNetInterest": 0, "calculatedOtherIncome": 332000, "calculatedIncomeNonControlling": 0, "calculatedEbitda": 1756000}, {"date": "2004-03-31", "symbol": "CVLT", "reportedCurrency": "USD", "cik": "0001169561", "fillingDate": "2004-03-31", "acceptedDate": "2004-03-30 19:00:00", "calendarYear": "2004", "period": "FY", "revenue": 61246000, "costOfRevenue": 0, "grossProfit": 61246000, "grossProfitRatio": 1, "researchAndDevelopmentExpenses": 0, "generalAndAdministrativeExpenses": 0, "sellingAndMarketingExpenses": 0, "sellingGeneralAndAdministrativeExpenses": 0, "otherExpenses": 0, "operatingExpenses": 0, "costAndExpenses": 0, "interestIncome": 0, "interestExpense": 0, "depreciationAndAmortization": 0, "ebitda": 61246000, "ebitdaratio": 1, "operatingIncome": 61246000, "operatingIncomeRatio": 1, "totalOtherIncomeExpensesNet": 0, "incomeBeforeTax": 0, "incomeBeforeTaxRatio": 0, "incomeTaxExpense": 11698000, "netIncome": -11698000, "netIncomeRatio": -0.1910002286, "eps": -0.63, "epsdiluted": -0.63, "weightedAverageShsOut": 18601000, "weightedAverageShsOutDil": 18601000, "link": null, "finalLink": null, "calculatedOtherExpenses": 0, "calculatedOperatingExpenses": 0, "calculatedNetInterest": 0, "calculatedOtherIncome": -61246000, "calculatedIncomeNonControlling": 0, "calculatedEbitda": 61246000}, {"date": "2003-03-31", "symbol": "CVLT", "reportedCurrency": "USD", "cik": "0001169561", "fillingDate": "2003-03-31", "acceptedDate": "2003-03-30 19:00:00", "calendarYear": "2003", "period": "FY", "revenue": 44419000, "costOfRevenue": 7099000, "grossProfit": 37320000, "grossProfitRatio": 0.8401810036, "researchAndDevelopmentExpenses": 16153000, "generalAndAdministrativeExpenses": 0, "sellingAndMarketingExpenses": 0, "sellingGeneralAndAdministrativeExpenses": 36174000, "otherExpenses": 0, "operatingExpenses": 54079000, "costAndExpenses": 61178000, "interestIncome": 0, "interestExpense": 0, "depreciationAndAmortization": 1752000, "ebitda": -15007000, "ebitdaratio": -0.3378509197, "operatingIncome": -16759000, "operatingIncomeRatio": -0.3772935005, "totalOtherIncomeExpensesNet": 297000, "incomeBeforeTax": -16462000, "incomeBeforeTaxRatio": -0.3706071726, "incomeTaxExpense": -52000, "netIncome": -16410000, "netIncomeRatio": -0.3694365024, "eps": -0.89, "epsdiluted": -0.89, "weightedAverageShsOut": 18371000, "weightedAverageShsOutDil": 18371000, "link": null, "finalLink": null, "calculatedOtherExpenses": 1752000, "calculatedOperatingExpenses": 54079000, "calculatedNetInterest": 0, "calculatedOtherIncome": 297000, "calculatedIncomeNonControlling": 0, "calculatedEbitda": -15007000}, {"date": "2002-03-31", "symbol": "CVLT", "reportedCurrency": "USD", "cik": "0001169561", "fillingDate": "2002-03-31", "acceptedDate": "2002-03-30 19:00:00", "calendarYear": "2002", "period": "FY", "revenue": 30848000, "costOfRevenue": 0, "grossProfit": 30848000, "grossProfitRatio": 1, "researchAndDevelopmentExpenses": 0, "generalAndAdministrativeExpenses": 0, "sellingAndMarketingExpenses": 0, "sellingGeneralAndAdministrativeExpenses": 0, "otherExpenses": 0, "operatingExpenses": 53725000, "costAndExpenses": 53725000, "interestIncome": 0, "interestExpense": 0, "depreciationAndAmortization": 7851000, "ebitda": -22877000, "ebitdaratio": -0.7416039938, "operatingIncome": -30728000, "operatingIncomeRatio": -0.9961099585, "totalOtherIncomeExpensesNet": 609000, "incomeBeforeTax": -30119000, "incomeBeforeTaxRatio": -0.9763679979, "incomeTaxExpense": -232000, "netIncome": -29887000, "netIncomeRatio": -0.968847251, "eps": -1.65, "epsdiluted": -1.65, "weightedAverageShsOut": 18112000, "weightedAverageShsOutDil": 18112000, "link": null, "finalLink": null, "calculatedOtherExpenses": 61576000, "calculatedOperatingExpenses": 61576000, "calculatedNetInterest": 0, "calculatedOtherIncome": 609000, "calculatedIncomeNonControlling": 0, "calculatedEbitda": -22877000}]}