{"originalCurrency": "USD", "convertedCurrency": "USD", "report": [{"date": "2023-12-31", "symbol": "CVNA", "reportedCurrency": "USD", "cik": "0001690820", "fillingDate": "2024-02-22", "acceptedDate": "2024-02-22 16:19:06", "calendarYear": "2023", "period": "FY", "revenue": 10771000000, "costOfRevenue": 9047000000, "grossProfit": 1724000000, "grossProfitRatio": 0.1600594188, "researchAndDevelopmentExpenses": 0, "generalAndAdministrativeExpenses": 1568000000, "sellingAndMarketingExpenses": 228000000, "sellingGeneralAndAdministrativeExpenses": 1796000000, "otherExpenses": 1000000, "operatingExpenses": 1796000000, "costAndExpenses": 10843000000, "interestIncome": 0, "interestExpense": 632000000, "depreciationAndAmortization": 352000000, "ebitda": 281000000, "ebitdaratio": 0.0260885712, "operatingIncome": -72000000, "operatingIncomeRatio": -0.0066846161, "totalOtherIncomeExpensesNet": 879000000, "incomeBeforeTax": 175000000, "incomeBeforeTaxRatio": 0.0162473308, "incomeTaxExpense": 25000000, "netIncome": 450000000, "netIncomeRatio": 0.0417788506, "eps": 4.12, "epsdiluted": 0.75, "weightedAverageShsOut": 109323000, "weightedAverageShsOutDil": 200578000, "link": "https://www.sec.gov/Archives/edgar/data/1690820/000169082024000093/0001690820-24-000093-index.htm", "finalLink": "https://www.sec.gov/Archives/edgar/data/1690820/000169082024000093/cvna-20231231.htm", "calculatedOtherExpenses": 0, "calculatedOperatingExpenses": 1796000000, "calculatedNetInterest": -632000000, "calculatedOtherIncome": 879000000, "calculatedIncomeNonControlling": -300000000, "calculatedEbitda": 280000000}, {"date": "2022-12-31", "symbol": "CVNA", "reportedCurrency": "USD", "cik": "0001690820", "fillingDate": "2023-02-23", "acceptedDate": "2023-02-23 16:23:02", "calendarYear": "2022", "period": "FY", "revenue": 13604000000, "costOfRevenue": 12358000000, "grossProfit": 1246000000, "grossProfitRatio": 0.0915907086, "researchAndDevelopmentExpenses": 0, "generalAndAdministrativeExpenses": 2246000000, "sellingAndMarketingExpenses": 490000000, "sellingGeneralAndAdministrativeExpenses": 2736000000, "otherExpenses": -70000000, "operatingExpenses": 2736000000, "costAndExpenses": 15094000000, "interestIncome": 486000000, "interestExpense": 486000000, "depreciationAndAmortization": 261000000, "ebitda": -1299000000, "ebitdaratio": -0.0954866216, "operatingIncome": -1560000000, "operatingIncomeRatio": -0.1146721552, "totalOtherIncomeExpensesNet": -1333000000, "incomeBeforeTax": -2893000000, "incomeBeforeTaxRatio": -0.2126580418, "incomeTaxExpense": 1000000, "netIncome": -2894000000, "netIncomeRatio": -0.2127315495, "eps": -28.7, "epsdiluted": -28.7, "weightedAverageShsOut": 100828000, "weightedAverageShsOutDil": 100828000, "link": "https://www.sec.gov/Archives/edgar/data/1690820/000169082023000052/0001690820-23-000052-index.htm", "finalLink": "https://www.sec.gov/Archives/edgar/data/1690820/000169082023000052/cvna-20221231.htm", "calculatedOtherExpenses": 70000000, "calculatedOperatingExpenses": 2806000000, "calculatedNetInterest": 0, "calculatedOtherIncome": -1333000000, "calculatedIncomeNonControlling": 0, "calculatedEbitda": -1299000000}, {"date": "2021-12-31", "symbol": "CVNA", "reportedCurrency": "USD", "cik": "0001690820", "fillingDate": "2022-02-24", "acceptedDate": "2022-02-24 16:45:04", "calendarYear": "2021", "period": "FY", "revenue": 12814000000, "costOfRevenue": 10885000000, "grossProfit": 1929000000, "grossProfitRatio": 0.1505384735, "researchAndDevelopmentExpenses": 0, "generalAndAdministrativeExpenses": 1554000000, "sellingAndMarketingExpenses": 479000000, "sellingGeneralAndAdministrativeExpenses": 2033000000, "otherExpenses": -6000000, "operatingExpenses": 2033000000, "costAndExpenses": 12918000000, "interestIncome": 176000000, "interestExpense": 176000000, "depreciationAndAmortization": 105000000, "ebitda": -5000000, "ebitdaratio": -0.0003901982, "operatingIncome": -110000000, "operatingIncomeRatio": -0.0085843609, "totalOtherIncomeExpensesNet": -176000000, "incomeBeforeTax": -286000000, "incomeBeforeTaxRatio": -0.0223193382, "incomeTaxExpense": 1000000, "netIncome": -287000000, "netIncomeRatio": -0.0223973779, "eps": -3.47, "epsdiluted": -3.47, "weightedAverageShsOut": 82805000, "weightedAverageShsOutDil": 82805000, "link": "https://www.sec.gov/Archives/edgar/data/1690820/000169082022000080/0001690820-22-000080-index.htm", "finalLink": "https://www.sec.gov/Archives/edgar/data/1690820/000169082022000080/cvna-20211231.htm", "calculatedOtherExpenses": 6000000, "calculatedOperatingExpenses": 2039000000, "calculatedNetInterest": 0, "calculatedOtherIncome": -176000000, "calculatedIncomeNonControlling": 0, "calculatedEbitda": -5000000}, {"date": "2020-12-31", "symbol": "CVNA", "reportedCurrency": "USD", "cik": "0001690820", "fillingDate": "2021-02-25", "acceptedDate": "2021-02-25 16:49:00", "calendarYear": "2020", "period": "FY", "revenue": 5586565000, "costOfRevenue": 4792800000, "grossProfit": 793765000, "grossProfitRatio": 0.1420846262, "researchAndDevelopmentExpenses": 0, "generalAndAdministrativeExpenses": 839728000, "sellingAndMarketingExpenses": 286433000, "sellingGeneralAndAdministrativeExpenses": 1126161000, "otherExpenses": 1447000, "operatingExpenses": 1126161000, "costAndExpenses": 5918961000, "interestIncome": 131000000, "interestExpense": 131528000, "depreciationAndAmortization": 73791000, "ebitda": -257158000, "ebitdaratio": -0.0460315059, "operatingIncome": -330949000, "operatingIncomeRatio": -0.0592401592, "totalOtherIncomeExpensesNet": -131528000, "incomeBeforeTax": -462477000, "incomeBeforeTaxRatio": -0.0827837857, "incomeTaxExpense": -255000, "netIncome": -462222000, "netIncomeRatio": -0.0827381405, "eps": -7.11, "epsdiluted": -7.11, "weightedAverageShsOut": 64980999, "weightedAverageShsOutDil": 64980999, "link": "https://www.sec.gov/Archives/edgar/data/1690820/000169082021000069/0001690820-21-000069-index.htm", "finalLink": "https://www.sec.gov/Archives/edgar/data/1690820/000169082021000069/cvna-20201231.htm", "calculatedOtherExpenses": -1447000, "calculatedOperatingExpenses": 1124714000, "calculatedNetInterest": -528000, "calculatedOtherIncome": -131000000, "calculatedIncomeNonControlling": 0, "calculatedEbitda": -257158000}, {"date": "2019-12-31", "symbol": "CVNA", "reportedCurrency": "USD", "cik": "0001690820", "fillingDate": "2020-02-26", "acceptedDate": "2020-02-26 17:15:56", "calendarYear": "2019", "period": "FY", "revenue": 3939896000, "costOfRevenue": 3433482000, "grossProfit": 506414000, "grossProfitRatio": 0.1285348649, "researchAndDevelopmentExpenses": 0, "generalAndAdministrativeExpenses": 582697000, "sellingAndMarketingExpenses": 204020000, "sellingGeneralAndAdministrativeExpenses": 786717000, "otherExpenses": -3730000, "operatingExpenses": 786717000, "costAndExpenses": 4220199000, "interestIncome": 81000000, "interestExpense": 80606000, "depreciationAndAmortization": 41265000, "ebitda": -242768000, "ebitdaratio": -0.0616178701, "operatingIncome": -284033000, "operatingIncomeRatio": -0.0720914968, "totalOtherIncomeExpensesNet": -80606000, "incomeBeforeTax": -364639000, "incomeBeforeTaxRatio": -0.0925504125, "incomeTaxExpense": -173104000, "netIncome": -191535000, "netIncomeRatio": -0.0486142274, "eps": -4.09, "epsdiluted": -4.09, "weightedAverageShsOut": 46847000, "weightedAverageShsOutDil": 46847000, "link": "https://www.sec.gov/Archives/edgar/data/1690820/000169082020000052/0001690820-20-000052-index.htm", "finalLink": "https://www.sec.gov/Archives/edgar/data/1690820/000169082020000052/cvna-20191231.htm", "calculatedOtherExpenses": 3730000, "calculatedOperatingExpenses": 790447000, "calculatedNetInterest": 394000, "calculatedOtherIncome": -81000000, "calculatedIncomeNonControlling": 0, "calculatedEbitda": -242768000}, {"date": "2018-12-31", "symbol": "CVNA", "reportedCurrency": "USD", "cik": "0001690820", "fillingDate": "2019-02-27", "acceptedDate": "2019-02-27 16:43:12", "calendarYear": "2018", "period": "FY", "revenue": 1955467000, "costOfRevenue": 1758758000, "grossProfit": 196709000, "grossProfitRatio": 0.1005943849, "researchAndDevelopmentExpenses": 0, "generalAndAdministrativeExpenses": 314029000, "sellingAndMarketingExpenses": 111229000, "sellingGeneralAndAdministrativeExpenses": 425258000, "otherExpenses": -1178000, "operatingExpenses": 425258000, "costAndExpenses": 2184016000, "interestIncome": 0, "interestExpense": 25018000, "depreciationAndAmortization": 23539000, "ebitda": -13197000, "ebitdaratio": -0.0067487715, "operatingIncome": -228549000, "operatingIncomeRatio": -0.1168769404, "totalOtherIncomeExpensesNet": -1178000, "incomeBeforeTax": -254745000, "incomeBeforeTaxRatio": -0.1302732289, "incomeTaxExpense": -192991000, "netIncome": -61754000, "netIncomeRatio": -0.0315801801, "eps": -2.06, "epsdiluted": -2.06, "weightedAverageShsOut": 30043000, "weightedAverageShsOutDil": 30043000, "link": "https://www.sec.gov/Archives/edgar/data/1690820/000169082019000024/0001690820-19-000024-index.htm", "finalLink": "https://www.sec.gov/Archives/edgar/data/1690820/000169082019000024/cvna-20181231.htm", "calculatedOtherExpenses": 0, "calculatedOperatingExpenses": 425258000, "calculatedNetInterest": -25018000, "calculatedOtherIncome": -1178000, "calculatedIncomeNonControlling": 0, "calculatedEbitda": -205010000}, {"date": "2017-12-31", "symbol": "CVNA", "reportedCurrency": "USD", "cik": "0001690820", "fillingDate": "2018-03-06", "acceptedDate": "2018-03-06 17:11:54", "calendarYear": "2017", "period": "FY", "revenue": 858870000, "costOfRevenue": 790779000, "grossProfit": 68091000, "grossProfitRatio": 0.0792797513, "researchAndDevelopmentExpenses": 0, "generalAndAdministrativeExpenses": 167703000, "sellingAndMarketingExpenses": 55697000, "sellingGeneralAndAdministrativeExpenses": 223400000, "otherExpenses": -1348000, "operatingExpenses": 223400000, "costAndExpenses": 1014179000, "interestIncome": 0, "interestExpense": 7659000, "depreciationAndAmortization": 11568000, "ebitda": 914000, "ebitdaratio": 0.001064189, "operatingIncome": -155309000, "operatingIncomeRatio": -0.180829462, "totalOtherIncomeExpensesNet": -1348000, "incomeBeforeTax": -164316000, "incomeBeforeTaxRatio": -0.1913164973, "incomeTaxExpense": -146003000, "netIncome": -18313000, "netIncomeRatio": -0.0213222024, "eps": -1.2, "epsdiluted": -1.2, "weightedAverageShsOut": 15241000, "weightedAverageShsOutDil": 15241000, "link": "https://www.sec.gov/Archives/edgar/data/1690820/000169082018000005/0001690820-18-000005-index.htm", "finalLink": "https://www.sec.gov/Archives/edgar/data/1690820/000169082018000005/carvana12311710k.htm", "calculatedOtherExpenses": 0, "calculatedOperatingExpenses": 223400000, "calculatedNetInterest": -7659000, "calculatedOtherIncome": -1348000, "calculatedIncomeNonControlling": 0, "calculatedEbitda": -143741000}, {"date": "2016-12-31", "symbol": "CVNA", "reportedCurrency": "USD", "cik": "0001690820", "fillingDate": "2016-12-31", "acceptedDate": "2016-12-31 00:00:00", "calendarYear": "2016", "period": "FY", "revenue": 365148000, "costOfRevenue": 345951000, "grossProfit": 19197000, "grossProfitRatio": 0.0525732032, "researchAndDevelopmentExpenses": 0, "generalAndAdministrativeExpenses": 81688000, "sellingAndMarketingExpenses": 26988000, "sellingGeneralAndAdministrativeExpenses": 108676000, "otherExpenses": -46000, "operatingExpenses": 108676000, "costAndExpenses": 454627000, "interestIncome": 0, "interestExpense": 3587000, "depreciationAndAmortization": 4658000, "ebitda": -84867000, "ebitdaratio": -0.232418088, "operatingIncome": -89479000, "operatingIncomeRatio": -0.245048583, "totalOtherIncomeExpensesNet": -46000, "incomeBeforeTax": -93112000, "incomeBeforeTaxRatio": -0.2549979734, "incomeTaxExpense": 3541000, "netIncome": -93112000, "netIncomeRatio": -0.2549979734, "eps": -6.21, "epsdiluted": -6.21, "weightedAverageShsOut": 15000000, "weightedAverageShsOutDil": 15000000, "link": null, "finalLink": null, "calculatedOtherExpenses": 0, "calculatedOperatingExpenses": 108676000, "calculatedNetInterest": -3587000, "calculatedOtherIncome": -46000, "calculatedIncomeNonControlling": -3541000, "calculatedEbitda": -84821000}, {"date": "2015-12-31", "symbol": "CVNA", "reportedCurrency": "USD", "cik": "0001690820", "fillingDate": "2015-12-31", "acceptedDate": "2015-12-31 00:00:00", "calendarYear": "2015", "period": "FY", "revenue": 130392000, "costOfRevenue": 129046000, "grossProfit": 1346000, "grossProfitRatio": 0.0103227192, "researchAndDevelopmentExpenses": 0, "generalAndAdministrativeExpenses": 25899000, "sellingAndMarketingExpenses": 10779000, "sellingGeneralAndAdministrativeExpenses": 36678000, "otherExpenses": -36000, "operatingExpenses": 36678000, "costAndExpenses": 165724000, "interestIncome": 0, "interestExpense": 1412000, "depreciationAndAmortization": 2800000, "ebitda": 203000, "ebitdaratio": 0.001556844, "operatingIncome": -35332000, "operatingIncomeRatio": -0.270967544, "totalOtherIncomeExpensesNet": -36000, "incomeBeforeTax": -36780000, "incomeBeforeTaxRatio": -0.2820725198, "incomeTaxExpense": -32771000, "netIncome": -4009000, "netIncomeRatio": -0.0307457513, "eps": -0.27, "epsdiluted": -0.27, "weightedAverageShsOut": 15000000, "weightedAverageShsOutDil": 15000000, "link": null, "finalLink": null, "calculatedOtherExpenses": 0, "calculatedOperatingExpenses": 36678000, "calculatedNetInterest": -1412000, "calculatedOtherIncome": -36000, "calculatedIncomeNonControlling": 0, "calculatedEbitda": -32532000}, {"date": "2014-12-31", "symbol": "CVNA", "reportedCurrency": "USD", "cik": "0001690820", "fillingDate": "2014-12-31", "acceptedDate": "2014-12-31 00:00:00", "calendarYear": "2014", "period": "FY", "revenue": 41679000, "costOfRevenue": 42103000, "grossProfit": -424000, "grossProfitRatio": -0.0101729888, "researchAndDevelopmentExpenses": 0, "generalAndAdministrativeExpenses": 10606000, "sellingAndMarketingExpenses": 4078000, "sellingGeneralAndAdministrativeExpenses": 14684000, "otherExpenses": -22000, "operatingExpenses": 14684000, "costAndExpenses": 56787000, "interestIncome": 0, "interestExpense": 108000, "depreciationAndAmortization": 1705000, "ebitda": -13425000, "ebitdaratio": -0.322104657, "operatingIncome": -15108000, "operatingIncomeRatio": -0.3624847045, "totalOtherIncomeExpensesNet": -22000, "incomeBeforeTax": -15238000, "incomeBeforeTaxRatio": -0.3656037813, "incomeTaxExpense": 86000, "netIncome": -15238000, "netIncomeRatio": -0.3656037813, "eps": -1.02, "epsdiluted": -1.02, "weightedAverageShsOut": 15000000, "weightedAverageShsOutDil": 15000000, "link": null, "finalLink": null, "calculatedOtherExpenses": 0, "calculatedOperatingExpenses": 14684000, "calculatedNetInterest": -108000, "calculatedOtherIncome": -22000, "calculatedIncomeNonControlling": -86000, "calculatedEbitda": -13403000}]}