{"originalCurrency": "USD", "convertedCurrency": "USD", "report": [{"date": "2023-12-31", "symbol": "CVS", "reportedCurrency": "USD", "cik": "0000064803", "fillingDate": "2024-02-07", "acceptedDate": "2024-02-07 06:52:35", "calendarYear": "2023", "period": "FY", "revenue": 357776000000, "costOfRevenue": 303345000000, "grossProfit": 54431000000, "grossProfitRatio": 0.1521370914, "researchAndDevelopmentExpenses": 0, "generalAndAdministrativeExpenses": 38360000000, "sellingAndMarketingExpenses": 985000000, "sellingGeneralAndAdministrativeExpenses": 39345000000, "otherExpenses": 88000000, "operatingExpenses": 39832000000, "costAndExpenses": 343177000000, "interestIncome": 0, "interestExpense": 2658000000, "depreciationAndAmortization": 4366000000, "ebitda": 19053000000, "ebitdaratio": 0.0532539913, "operatingIncome": 13743000000, "operatingIncomeRatio": 0.0384123027, "totalOtherIncomeExpensesNet": -768000000, "incomeBeforeTax": 11173000000, "incomeBeforeTaxRatio": 0.0312290372, "incomeTaxExpense": 2805000000, "netIncome": 8344000000, "netIncomeRatio": 0.023321855, "eps": 6.49, "epsdiluted": 6.47, "weightedAverageShsOut": 1285000000, "weightedAverageShsOutDil": 1290000000, "link": "https://www.sec.gov/Archives/edgar/data/64803/000006480324000007/0000064803-24-000007-index.htm", "finalLink": "https://www.sec.gov/Archives/edgar/data/64803/000006480324000007/cvs-20231231.htm", "calculatedOtherExpenses": 1343000000, "calculatedOperatingExpenses": 40688000000, "calculatedNetInterest": -2658000000, "calculatedOtherIncome": 88000000, "calculatedIncomeNonControlling": 24000000, "calculatedEbitda": 18109000000}, {"date": "2022-12-31", "symbol": "CVS", "reportedCurrency": "USD", "cik": "0000064803", "fillingDate": "2023-02-08", "acceptedDate": "2023-02-08 06:37:38", "calendarYear": "2022", "period": "FY", "revenue": 322467000000, "costOfRevenue": 268173000000, "grossProfit": 54294000000, "grossProfitRatio": 0.168370717, "researchAndDevelopmentExpenses": 0, "generalAndAdministrativeExpenses": 37467000000, "sellingAndMarketingExpenses": 745000000, "sellingGeneralAndAdministrativeExpenses": 38212000000, "otherExpenses": 38212000000, "operatingExpenses": 38212000000, "costAndExpenses": 306385000000, "interestIncome": 1449000000, "interestExpense": 2287000000, "depreciationAndAmortization": 4247000000, "ebitda": 20498000000, "ebitdaratio": 0.0635661944, "operatingIncome": 16251000000, "operatingIncomeRatio": 0.0503958545, "totalOtherIncomeExpensesNet": -10623000000, "incomeBeforeTax": 5628000000, "incomeBeforeTaxRatio": 0.0174529487, "incomeTaxExpense": 1463000000, "netIncome": 4311000000, "netIncomeRatio": 0.0133688098, "eps": 3.29, "epsdiluted": 3.26, "weightedAverageShsOut": 1312000000, "weightedAverageShsOutDil": 1323000000, "link": "https://www.sec.gov/Archives/edgar/data/64803/000006480323000009/0000064803-23-000009-index.htm", "finalLink": "https://www.sec.gov/Archives/edgar/data/64803/000006480323000009/cvs-20221231.htm", "calculatedOtherExpenses": -169000000, "calculatedOperatingExpenses": 38043000000, "calculatedNetInterest": -838000000, "calculatedOtherIncome": -9785000000, "calculatedIncomeNonControlling": -146000000, "calculatedEbitda": 20498000000}, {"date": "2021-12-31", "symbol": "CVS", "reportedCurrency": "USD", "cik": "0000064803", "fillingDate": "2022-02-09", "acceptedDate": "2022-02-09 06:37:35", "calendarYear": "2021", "period": "FY", "revenue": 292111000000, "costOfRevenue": 240063000000, "grossProfit": 52048000000, "grossProfitRatio": 0.178178843, "researchAndDevelopmentExpenses": 0, "generalAndAdministrativeExpenses": 36227000000, "sellingAndMarketingExpenses": 707000000, "sellingGeneralAndAdministrativeExpenses": 36934000000, "otherExpenses": 37066000000, "operatingExpenses": 37066000000, "costAndExpenses": 277129000000, "interestIncome": 1304000000, "interestExpense": 2503000000, "depreciationAndAmortization": 6483000000, "ebitda": 19676000000, "ebitdaratio": 0.0673579564, "operatingIncome": 13193000000, "operatingIncomeRatio": 0.0451643382, "totalOtherIncomeExpensesNet": -2773000000, "incomeBeforeTax": 10420000000, "incomeBeforeTaxRatio": 0.0356713715, "incomeTaxExpense": 2522000000, "netIncome": 8001000000, "netIncomeRatio": 0.0273902729, "eps": 6, "epsdiluted": 5.95, "weightedAverageShsOut": 1319000000, "weightedAverageShsOutDil": 1329000000, "link": "https://www.sec.gov/Archives/edgar/data/64803/000006480322000008/0000064803-22-000008-index.htm", "finalLink": "https://www.sec.gov/Archives/edgar/data/64803/000006480322000008/cvs-20211231.htm", "calculatedOtherExpenses": 1921000000, "calculatedOperatingExpenses": 38855000000, "calculatedNetInterest": -1199000000, "calculatedOtherIncome": -1574000000, "calculatedIncomeNonControlling": -103000000, "calculatedEbitda": 19676000000}, {"date": "2020-12-31", "symbol": "CVS", "reportedCurrency": "USD", "cik": "0000064803", "fillingDate": "2021-02-16", "acceptedDate": "2021-02-16 06:47:54", "calendarYear": "2020", "period": "FY", "revenue": 268706000000, "costOfRevenue": 219660000000, "grossProfit": 49046000000, "grossProfitRatio": 0.1825266276, "researchAndDevelopmentExpenses": 0, "generalAndAdministrativeExpenses": 34459000000, "sellingAndMarketingExpenses": 613000000, "sellingGeneralAndAdministrativeExpenses": 35072000000, "otherExpenses": 35135000000, "operatingExpenses": 35135000000, "costAndExpenses": 254795000000, "interestIncome": 2109000000, "interestExpense": 2907000000, "depreciationAndAmortization": 4647000000, "ebitda": 18558000000, "ebitdaratio": 0.0690643305, "operatingIncome": 13911000000, "operatingIncomeRatio": 0.0517703364, "totalOtherIncomeExpensesNet": -4141000000, "incomeBeforeTax": 9770000000, "incomeBeforeTaxRatio": 0.0363594412, "incomeTaxExpense": 2569000000, "netIncome": 7179000000, "netIncomeRatio": 0.0267169323, "eps": 5.48, "epsdiluted": 5.46, "weightedAverageShsOut": 1309000000, "weightedAverageShsOutDil": 1314000000, "link": "https://www.sec.gov/Archives/edgar/data/64803/000006480321000011/0000064803-21-000011-index.htm", "finalLink": "https://www.sec.gov/Archives/edgar/data/64803/000006480321000011/cvs-20201231.htm", "calculatedOtherExpenses": 63000000, "calculatedOperatingExpenses": 35135000000, "calculatedNetInterest": -798000000, "calculatedOtherIncome": -3343000000, "calculatedIncomeNonControlling": 22000000, "calculatedEbitda": 18558000000}, {"date": "2019-12-31", "symbol": "CVS", "reportedCurrency": "USD", "cik": "0000064803", "fillingDate": "2020-02-18", "acceptedDate": "2020-02-18 06:26:11", "calendarYear": "2019", "period": "FY", "revenue": 256776000000, "costOfRevenue": 211248000000, "grossProfit": 45528000000, "grossProfitRatio": 0.1773062903, "researchAndDevelopmentExpenses": 0, "generalAndAdministrativeExpenses": 32229000000, "sellingAndMarketingExpenses": 396000000, "sellingGeneralAndAdministrativeExpenses": 32625000000, "otherExpenses": 33541000000, "operatingExpenses": 33541000000, "costAndExpenses": 244789000000, "interestIncome": 2024000000, "interestExpense": 3035000000, "depreciationAndAmortization": 4495000000, "ebitda": 16482000000, "ebitdaratio": 0.0641882419, "operatingIncome": 11987000000, "operatingIncomeRatio": 0.0466827118, "totalOtherIncomeExpensesNet": -2990000000, "incomeBeforeTax": 8997000000, "incomeBeforeTaxRatio": 0.0350383213, "incomeTaxExpense": 2366000000, "netIncome": 6634000000, "netIncomeRatio": 0.0258357479, "eps": 5.1, "epsdiluted": 5.08, "weightedAverageShsOut": 1301000000, "weightedAverageShsOutDil": 1305000000, "link": "https://www.sec.gov/Archives/edgar/data/64803/000006480320000007/0000064803-20-000007-index.htm", "finalLink": "https://www.sec.gov/Archives/edgar/data/64803/000006480320000007/a2019form10-k.htm", "calculatedOtherExpenses": 916000000, "calculatedOperatingExpenses": 33541000000, "calculatedNetInterest": -1011000000, "calculatedOtherIncome": -1979000000, "calculatedIncomeNonControlling": -3000000, "calculatedEbitda": 16482000000}, {"date": "2018-12-31", "symbol": "CVS", "reportedCurrency": "USD", "cik": "0000064803", "fillingDate": "2019-02-28", "acceptedDate": "2019-02-28 07:02:43", "calendarYear": "2018", "period": "FY", "revenue": 194579000000, "costOfRevenue": 163041000000, "grossProfit": 31538000000, "grossProfitRatio": 0.162083267, "researchAndDevelopmentExpenses": 0, "generalAndAdministrativeExpenses": 20383000000, "sellingAndMarketingExpenses": 364000000, "sellingGeneralAndAdministrativeExpenses": 20747000000, "otherExpenses": 4000000, "operatingExpenses": 21368000000, "costAndExpenses": 184409000000, "interestIncome": 0, "interestExpense": 2619000000, "depreciationAndAmortization": 2718000000, "ebitda": 12892000000, "ebitdaratio": 0.0662558652, "operatingIncome": 4021000000, "operatingIncomeRatio": 0.0206651283, "totalOtherIncomeExpensesNet": -6145000000, "incomeBeforeTax": 1406000000, "incomeBeforeTaxRatio": 0.0072258568, "incomeTaxExpense": 2002000000, "netIncome": -594000000, "netIncomeRatio": -0.0030527446, "eps": -0.57, "epsdiluted": -0.57, "weightedAverageShsOut": 1044000000, "weightedAverageShsOutDil": 1044000000, "link": "https://www.sec.gov/Archives/edgar/data/64803/000006480319000013/0000064803-19-000013-index.htm", "finalLink": "https://www.sec.gov/Archives/edgar/data/64803/000006480319000013/cvs-2018231x10k.htm", "calculatedOtherExpenses": 6770000000, "calculatedOperatingExpenses": 27517000000, "calculatedNetInterest": -2619000000, "calculatedOtherIncome": 4000000, "calculatedIncomeNonControlling": -2000000, "calculatedEbitda": 6739000000}, {"date": "2017-12-31", "symbol": "CVS", "reportedCurrency": "USD", "cik": "0000064803", "fillingDate": "2018-02-14", "acceptedDate": "2018-02-14 17:30:39", "calendarYear": "2017", "period": "FY", "revenue": 184765000000, "costOfRevenue": 156220000000, "grossProfit": 28545000000, "grossProfitRatio": 0.1544935459, "researchAndDevelopmentExpenses": 0, "generalAndAdministrativeExpenses": 18290000000, "sellingAndMarketingExpenses": 230000000, "sellingGeneralAndAdministrativeExpenses": 18520000000, "otherExpenses": -208000000, "operatingExpenses": 19028000000, "costAndExpenses": 175248000000, "interestIncome": 21000000, "interestExpense": 1062000000, "depreciationAndAmortization": 2479000000, "ebitda": 11996000000, "ebitdaratio": 0.0649257165, "operatingIncome": 9517000000, "operatingIncomeRatio": 0.0515086732, "totalOtherIncomeExpensesNet": -208000000, "incomeBeforeTax": 8268000000, "incomeBeforeTaxRatio": 0.0447487349, "incomeTaxExpense": 1637000000, "netIncome": 6622000000, "netIncomeRatio": 0.0358401212, "eps": 6.47, "epsdiluted": 6.44, "weightedAverageShsOut": 1020000000, "weightedAverageShsOutDil": 1024000000, "link": "https://www.sec.gov/Archives/edgar/data/64803/000155837018000707/0001558370-18-000707-index.htm", "finalLink": "https://www.sec.gov/Archives/edgar/data/64803/000155837018000707/cvs-20171231x10k.htm", "calculatedOtherExpenses": 508000000, "calculatedOperatingExpenses": 19028000000, "calculatedNetInterest": -1041000000, "calculatedOtherIncome": -208000000, "calculatedIncomeNonControlling": 9000000, "calculatedEbitda": 11996000000}, {"date": "2016-12-31", "symbol": "CVS", "reportedCurrency": "USD", "cik": "0000064803", "fillingDate": "2017-02-09", "acceptedDate": "2017-02-09 16:03:16", "calendarYear": "2016", "period": "FY", "revenue": 177526000000, "costOfRevenue": 148669000000, "grossProfit": 28857000000, "grossProfitRatio": 0.1625508376, "researchAndDevelopmentExpenses": 0, "generalAndAdministrativeExpenses": 18056000000, "sellingAndMarketingExpenses": 216000000, "sellingGeneralAndAdministrativeExpenses": 18272000000, "otherExpenses": 18519000000, "operatingExpenses": 18519000000, "costAndExpenses": 167188000000, "interestIncome": 20000000, "interestExpense": 1078000000, "depreciationAndAmortization": 2475000000, "ebitda": 13456000000, "ebitdaratio": 0.075797348, "operatingIncome": 10338000000, "operatingIncomeRatio": 0.0582337235, "totalOtherIncomeExpensesNet": -643000000, "incomeBeforeTax": 8637000000, "incomeBeforeTaxRatio": 0.0486520284, "incomeTaxExpense": 3317000000, "netIncome": 5317000000, "netIncomeRatio": 0.0299505425, "eps": 4.93, "epsdiluted": 4.9, "weightedAverageShsOut": 1073000000, "weightedAverageShsOutDil": 1079000000, "link": "https://www.sec.gov/Archives/edgar/data/64803/000006480317000006/0000064803-17-000006-index.htm", "finalLink": "https://www.sec.gov/Archives/edgar/data/64803/000006480317000006/cvs-20161231x10k.htm", "calculatedOtherExpenses": 247000000, "calculatedOperatingExpenses": 18519000000, "calculatedNetInterest": -1058000000, "calculatedOtherIncome": -643000000, "calculatedIncomeNonControlling": 3000000, "calculatedEbitda": 12813000000}, {"date": "2015-12-31", "symbol": "CVS", "reportedCurrency": "USD", "cik": "0000064803", "fillingDate": "2016-02-09", "acceptedDate": "2016-02-09 16:29:44", "calendarYear": "2015", "period": "FY", "revenue": 153290000000, "costOfRevenue": 126762000000, "grossProfit": 26528000000, "grossProfitRatio": 0.1730576032, "researchAndDevelopmentExpenses": 0, "generalAndAdministrativeExpenses": 16633000000, "sellingAndMarketingExpenses": 221000000, "sellingGeneralAndAdministrativeExpenses": 16854000000, "otherExpenses": 17074000000, "operatingExpenses": 17074000000, "costAndExpenses": 143836000000, "interestIncome": 21000000, "interestExpense": 859000000, "depreciationAndAmortization": 2092000000, "ebitda": 11546000000, "ebitdaratio": 0.0753212865, "operatingIncome": 9454000000, "operatingIncomeRatio": 0.0616739513, "totalOtherIncomeExpensesNet": -838000000, "incomeBeforeTax": 8616000000, "incomeBeforeTaxRatio": 0.056207189, "incomeTaxExpense": 3386000000, "netIncome": 5237000000, "netIncomeRatio": 0.0341640029, "eps": 4.66, "epsdiluted": 4.63, "weightedAverageShsOut": 1118000000, "weightedAverageShsOutDil": 1126000000, "link": "https://www.sec.gov/Archives/edgar/data/64803/000006480316000074/0000064803-16-000074-index.htm", "finalLink": "https://www.sec.gov/Archives/edgar/data/64803/000006480316000074/cvs-20151231x10k.htm", "calculatedOtherExpenses": 220000000, "calculatedOperatingExpenses": 17074000000, "calculatedNetInterest": -838000000, "calculatedOtherIncome": 0, "calculatedIncomeNonControlling": -7000000, "calculatedEbitda": 11546000000}, {"date": "2014-12-31", "symbol": "CVS", "reportedCurrency": "USD", "cik": "0000064803", "fillingDate": "2015-02-10", "acceptedDate": "2015-02-10 16:48:54", "calendarYear": "2014", "period": "FY", "revenue": 139367000000, "costOfRevenue": 114000000000, "grossProfit": 25367000000, "grossProfitRatio": 0.1820158287, "researchAndDevelopmentExpenses": 0, "generalAndAdministrativeExpenses": 16331000000, "sellingAndMarketingExpenses": 212000000, "sellingGeneralAndAdministrativeExpenses": 16543000000, "otherExpenses": 16568000000, "operatingExpenses": 16568000000, "costAndExpenses": 130568000000, "interestIncome": 15000000, "interestExpense": 615000000, "depreciationAndAmortization": 1931000000, "ebitda": 10745000000, "ebitdaratio": 0.0770985958, "operatingIncome": 8799000000, "operatingIncomeRatio": 0.0631354625, "totalOtherIncomeExpensesNet": -521000000, "incomeBeforeTax": 7678000000, "incomeBeforeTaxRatio": 0.0550919515, "incomeTaxExpense": 3033000000, "netIncome": 4644000000, "netIncomeRatio": 0.033322092, "eps": 3.98, "epsdiluted": 3.96, "weightedAverageShsOut": 1161000000, "weightedAverageShsOutDil": 1169000000, "link": "https://www.sec.gov/Archives/edgar/data/64803/000006480315000008/0000064803-15-000008-index.htm", "finalLink": "https://www.sec.gov/Archives/edgar/data/64803/000006480315000008/cvs-20141231x10k.htm", "calculatedOtherExpenses": 25000000, "calculatedOperatingExpenses": 16568000000, "calculatedNetInterest": -600000000, "calculatedOtherIncome": -521000000, "calculatedIncomeNonControlling": 1000000, "calculatedEbitda": 10730000000}, {"date": "2013-12-31", "symbol": "CVS", "reportedCurrency": "USD", "cik": "0000064803", "fillingDate": "2014-02-11", "acceptedDate": "2014-02-11 07:05:55", "calendarYear": "2013", "period": "FY", "revenue": 126761000000, "costOfRevenue": 102978000000, "grossProfit": 23783000000, "grossProfitRatio": 0.1876207982, "researchAndDevelopmentExpenses": 0, "generalAndAdministrativeExpenses": 15641000000, "sellingAndMarketingExpenses": 177000000, "sellingGeneralAndAdministrativeExpenses": 15818000000, "otherExpenses": 15746000000, "operatingExpenses": 15746000000, "costAndExpenses": 118724000000, "interestIncome": 8000000, "interestExpense": 517000000, "depreciationAndAmortization": 1870000000, "ebitda": 9907000000, "ebitdaratio": 0.078154953, "operatingIncome": 8037000000, "operatingIncomeRatio": 0.0634027816, "totalOtherIncomeExpensesNet": -509000000, "incomeBeforeTax": 7528000000, "incomeBeforeTaxRatio": 0.059387351, "incomeTaxExpense": 2928000000, "netIncome": 4592000000, "netIncomeRatio": 0.036225653, "eps": 3.77, "epsdiluted": 3.74, "weightedAverageShsOut": 1217000000, "weightedAverageShsOutDil": 1226000000, "link": "https://www.sec.gov/Archives/edgar/data/64803/000006480314000008/0000064803-14-000008-index.htm", "finalLink": "https://www.sec.gov/Archives/edgar/data/64803/000006480314000008/cvs-20131231x10k.htm", "calculatedOtherExpenses": -72000000, "calculatedOperatingExpenses": 15746000000, "calculatedNetInterest": -509000000, "calculatedOtherIncome": 0, "calculatedIncomeNonControlling": 8000000, "calculatedEbitda": 9907000000}, {"date": "2012-12-31", "symbol": "CVS", "reportedCurrency": "USD", "cik": "0000064803", "fillingDate": "2013-02-15", "acceptedDate": "2013-02-15 17:28:33", "calendarYear": "2012", "period": "FY", "revenue": 123133000000, "costOfRevenue": 100627000000, "grossProfit": 22506000000, "grossProfitRatio": 0.1827779718, "researchAndDevelopmentExpenses": 0, "generalAndAdministrativeExpenses": 15057000000, "sellingAndMarketingExpenses": 221000000, "sellingGeneralAndAdministrativeExpenses": 15278000000, "otherExpenses": 15278000000, "operatingExpenses": 15278000000, "costAndExpenses": 115905000000, "interestIncome": 4000000, "interestExpense": 561000000, "depreciationAndAmortization": 1753000000, "ebitda": 9329000000, "ebitdaratio": 0.0757636052, "operatingIncome": 7228000000, "operatingIncomeRatio": 0.0587007545, "totalOtherIncomeExpensesNet": -348000000, "incomeBeforeTax": 6323000000, "incomeBeforeTaxRatio": 0.0513509782, "incomeTaxExpense": 2441000000, "netIncome": 3877000000, "netIncomeRatio": 0.0314862791, "eps": 3.05, "epsdiluted": 3.03, "weightedAverageShsOut": 1271000000, "weightedAverageShsOutDil": 1280000000, "link": "https://www.sec.gov/Archives/edgar/data/64803/000110465913011354/0001104659-13-011354-index.htm", "finalLink": "https://www.sec.gov/Archives/edgar/data/64803/000110465913011354/a12-28799_110k.htm", "calculatedOtherExpenses": 0, "calculatedOperatingExpenses": 15278000000, "calculatedNetInterest": -557000000, "calculatedOtherIncome": -348000000, "calculatedIncomeNonControlling": 5000000, "calculatedEbitda": 8981000000}, {"date": "2011-12-31", "symbol": "CVS", "reportedCurrency": "USD", "cik": "0000064803", "fillingDate": "2012-02-17", "acceptedDate": "2012-02-17 13:38:28", "calendarYear": "2011", "period": "FY", "revenue": 107100000000, "costOfRevenue": 86539000000, "grossProfit": 20561000000, "grossProfitRatio": 0.1919794585, "researchAndDevelopmentExpenses": 0, "generalAndAdministrativeExpenses": 14231000000, "sellingAndMarketingExpenses": 0, "sellingGeneralAndAdministrativeExpenses": 14231000000, "otherExpenses": 0, "operatingExpenses": 14231000000, "costAndExpenses": 100770000000, "interestIncome": 4000000, "interestExpense": 588000000, "depreciationAndAmortization": 1568000000, "ebitda": 7898000000, "ebitdaratio": 0.0737441643, "operatingIncome": 6330000000, "operatingIncomeRatio": 0.0591036415, "totalOtherIncomeExpensesNet": -584000000, "incomeBeforeTax": 5746000000, "incomeBeforeTaxRatio": 0.0536507937, "incomeTaxExpense": 2258000000, "netIncome": 3461000000, "netIncomeRatio": 0.0323155929, "eps": 2.59, "epsdiluted": 2.57, "weightedAverageShsOut": 1338000000, "weightedAverageShsOutDil": 1347000000, "link": "https://www.sec.gov/Archives/edgar/data/64803/000110465912010850/0001104659-12-010850-index.htm", "finalLink": "https://www.sec.gov/Archives/edgar/data/64803/000110465912010850/a11-31657_310k.htm", "calculatedOtherExpenses": 0, "calculatedOperatingExpenses": 14231000000, "calculatedNetInterest": -584000000, "calculatedOtherIncome": 0, "calculatedIncomeNonControlling": 27000000, "calculatedEbitda": 7898000000}, {"date": "2010-12-31", "symbol": "CVS", "reportedCurrency": "USD", "cik": "0000064803", "fillingDate": "2011-02-18", "acceptedDate": "2011-02-18 16:16:30", "calendarYear": "2010", "period": "FY", "revenue": 96413000000, "costOfRevenue": 76156000000, "grossProfit": 20257000000, "grossProfitRatio": 0.2101065209, "researchAndDevelopmentExpenses": 0, "generalAndAdministrativeExpenses": 14092000000, "sellingAndMarketingExpenses": 0, "sellingGeneralAndAdministrativeExpenses": 14092000000, "otherExpenses": 0, "operatingExpenses": 14092000000, "costAndExpenses": 90248000000, "interestIncome": 3000000, "interestExpense": 539000000, "depreciationAndAmortization": 1469000000, "ebitda": 7634000000, "ebitdaratio": 0.0791801935, "operatingIncome": 6165000000, "operatingIncomeRatio": 0.0639436591, "totalOtherIncomeExpensesNet": -536000000, "incomeBeforeTax": 5629000000, "incomeBeforeTaxRatio": 0.0583842428, "incomeTaxExpense": 2190000000, "netIncome": 3427000000, "netIncomeRatio": 0.0355449991, "eps": 2.51, "epsdiluted": 2.49, "weightedAverageShsOut": 1367000000, "weightedAverageShsOutDil": 1377000000, "link": "https://www.sec.gov/Archives/edgar/data/64803/000119312511040351/0001193125-11-040351-index.htm", "finalLink": "https://www.sec.gov/Archives/edgar/data/64803/000119312511040351/d10k.htm", "calculatedOtherExpenses": 0, "calculatedOperatingExpenses": 14092000000, "calculatedNetInterest": -536000000, "calculatedOtherIncome": 0, "calculatedIncomeNonControlling": 12000000, "calculatedEbitda": 7634000000}, {"date": "2009-12-31", "symbol": "CVS", "reportedCurrency": "USD", "cik": "0000064803", "fillingDate": "2010-02-26", "acceptedDate": "2010-02-26 17:00:54", "calendarYear": "2009", "period": "FY", "revenue": 98729000000, "costOfRevenue": 78349000000, "grossProfit": 20380000000, "grossProfitRatio": 0.2064236445, "researchAndDevelopmentExpenses": 0, "generalAndAdministrativeExpenses": 0, "sellingAndMarketingExpenses": 0, "sellingGeneralAndAdministrativeExpenses": 0, "otherExpenses": 13942000000, "operatingExpenses": 13942000000, "costAndExpenses": 92291000000, "interestIncome": 5000000, "interestExpense": 525000000, "depreciationAndAmortization": 1389000000, "ebitda": 7827000000, "ebitdaratio": 0.0792776185, "operatingIncome": 6438000000, "operatingIncomeRatio": 0.0652088039, "totalOtherIncomeExpensesNet": -525000000, "incomeBeforeTax": 5913000000, "incomeBeforeTaxRatio": 0.0598912174, "incomeTaxExpense": 2205000000, "netIncome": 3696000000, "netIncomeRatio": 0.0374358091, "eps": 2.58, "epsdiluted": 2.55, "weightedAverageShsOut": 1434000000, "weightedAverageShsOutDil": 1450000000, "link": "https://www.sec.gov/Archives/edgar/data/64803/000119312510043086/0001193125-10-043086-index.htm", "finalLink": "https://www.sec.gov/Archives/edgar/data/64803/000119312510043086/d10k.htm", "calculatedOtherExpenses": 13942000000, "calculatedOperatingExpenses": 13942000000, "calculatedNetInterest": -520000000, "calculatedOtherIncome": -5000000, "calculatedIncomeNonControlling": 12000000, "calculatedEbitda": 7827000000}, {"date": "2008-12-31", "symbol": "CVS", "reportedCurrency": "USD", "cik": "0000064803", "fillingDate": "2009-02-27", "acceptedDate": "2009-02-27 16:46:31", "calendarYear": "2008", "period": "FY", "revenue": 87471900000, "costOfRevenue": 69181500000, "grossProfit": 18290400000, "grossProfitRatio": 0.2091002939, "researchAndDevelopmentExpenses": 0, "generalAndAdministrativeExpenses": 12244200000, "sellingAndMarketingExpenses": 0, "sellingGeneralAndAdministrativeExpenses": 12244200000, "otherExpenses": 0, "operatingExpenses": 12244200000, "costAndExpenses": 81425700000, "interestIncome": 0, "interestExpense": 0, "depreciationAndAmortization": 1274200000, "ebitda": 7320400000, "ebitdaratio": 0.0836885903, "operatingIncome": 6046200000, "operatingIncomeRatio": 0.0691216265, "totalOtherIncomeExpensesNet": -509500000, "incomeBeforeTax": 5536700000, "incomeBeforeTaxRatio": 0.0632968988, "incomeTaxExpense": 2192600000, "netIncome": 3212100000, "netIncomeRatio": 0.0367215071, "eps": 2.23, "epsdiluted": 2.18, "weightedAverageShsOut": 1434000000, "weightedAverageShsOutDil": 1469000000, "link": "https://www.sec.gov/Archives/edgar/data/64803/000119312509041089/0001193125-09-041089-index.htm", "finalLink": "https://www.sec.gov/Archives/edgar/data/64803/000119312509041089/d10k.htm", "calculatedOtherExpenses": 0, "calculatedOperatingExpenses": 12244200000, "calculatedNetInterest": 0, "calculatedOtherIncome": -509500000, "calculatedIncomeNonControlling": 132000000, "calculatedEbitda": 7320400000}, {"date": "2007-12-29", "symbol": "CVS", "reportedCurrency": "USD", "cik": "0000064803", "fillingDate": "2008-02-27", "acceptedDate": "2008-02-27 15:33:36", "calendarYear": "2007", "period": "FY", "revenue": 76329500000, "costOfRevenue": 60221800000, "grossProfit": 16107700000, "grossProfitRatio": 0.2110285014, "researchAndDevelopmentExpenses": 0, "generalAndAdministrativeExpenses": 0, "sellingAndMarketingExpenses": 0, "sellingGeneralAndAdministrativeExpenses": 11314400000, "otherExpenses": -400000, "operatingExpenses": 11314400000, "costAndExpenses": 71536200000, "interestIncome": 0, "interestExpense": -435000000, "depreciationAndAmortization": 1094600000, "ebitda": 5887900000, "ebitdaratio": 0.0771379349, "operatingIncome": 4793300000, "operatingIncomeRatio": 0.0627974767, "totalOtherIncomeExpensesNet": -434300000, "incomeBeforeTax": 4358700000, "incomeBeforeTaxRatio": 0.057103741, "incomeTaxExpense": 1721700000, "netIncome": 2637000000, "netIncomeRatio": 0.0345475865, "eps": 1.97, "epsdiluted": 1.92, "weightedAverageShsOut": 1328200000, "weightedAverageShsOutDil": 1371800000, "link": "https://www.sec.gov/Archives/edgar/data/64803/000119312508040019/0001193125-08-040019-index.htm", "finalLink": "https://www.sec.gov/Archives/edgar/data/64803/000119312508040019/d10k.htm", "calculatedOtherExpenses": 0, "calculatedOperatingExpenses": 11314400000, "calculatedNetInterest": 435000000, "calculatedOtherIncome": -869600000, "calculatedIncomeNonControlling": 0, "calculatedEbitda": 5887900000}, {"date": "2006-12-30", "symbol": "CVS", "reportedCurrency": "USD", "cik": "0000064803", "fillingDate": "2007-02-27", "acceptedDate": "2007-02-27 16:25:20", "calendarYear": "2006", "period": "FY", "revenue": 43813800000, "costOfRevenue": 31874800000, "grossProfit": 11939000000, "grossProfitRatio": 0.2724940544, "researchAndDevelopmentExpenses": 0, "generalAndAdministrativeExpenses": 8764000000, "sellingAndMarketingExpenses": 100000, "sellingGeneralAndAdministrativeExpenses": 8764100000, "otherExpenses": 732900000, "operatingExpenses": 9497400000, "costAndExpenses": 41372200000, "interestIncome": 0, "interestExpense": -216000000, "depreciationAndAmortization": 733300000, "ebitda": 3174900000, "ebitdaratio": 0.0724634704, "operatingIncome": 2441600000, "operatingIncomeRatio": 0.0557267345, "totalOtherIncomeExpensesNet": -215600000, "incomeBeforeTax": 2225800000, "incomeBeforeTaxRatio": 0.0508013457, "incomeTaxExpense": 856900000, "netIncome": 1368900000, "netIncomeRatio": 0.0312435808, "eps": 1.65, "epsdiluted": 1.6, "weightedAverageShsOut": 820600000, "weightedAverageShsOutDil": 853200000, "link": "https://www.sec.gov/Archives/edgar/data/64803/000110465907014431/0001104659-07-014431-index.htm", "finalLink": "https://www.sec.gov/Archives/edgar/data/64803/000110465907014431/a07-4967_110k.htm", "calculatedOtherExpenses": 733300000, "calculatedOperatingExpenses": 9497400000, "calculatedNetInterest": 216000000, "calculatedOtherIncome": -431800000, "calculatedIncomeNonControlling": 0, "calculatedEbitda": 3174900000}, {"date": "2005-12-31", "symbol": "CVS", "reportedCurrency": "USD", "cik": "0000064803", "fillingDate": "2006-03-14", "acceptedDate": "2006-03-14 16:38:07", "calendarYear": "2005", "period": "FY", "revenue": 37006200000, "costOfRevenue": 27105000000, "grossProfit": 9901200000, "grossProfitRatio": 0.2675551664, "researchAndDevelopmentExpenses": 0, "generalAndAdministrativeExpenses": 7292600000, "sellingAndMarketingExpenses": 0, "sellingGeneralAndAdministrativeExpenses": 7292600000, "otherExpenses": 589100000, "operatingExpenses": 7881700000, "costAndExpenses": 34986700000, "interestIncome": 0, "interestExpense": 0, "depreciationAndAmortization": 589100000, "ebitda": 2608600000, "ebitdaratio": 0.0704908907, "operatingIncome": 2019500000, "operatingIncomeRatio": 0.0545719366, "totalOtherIncomeExpensesNet": -110500000, "incomeBeforeTax": 1909000000, "incomeBeforeTaxRatio": 0.0515859505, "incomeTaxExpense": 684300000, "netIncome": 1224700000, "netIncomeRatio": 0.0330944544, "eps": 1.49, "epsdiluted": 1.45, "weightedAverageShsOut": 811400000, "weightedAverageShsOutDil": 841600000, "link": "https://www.sec.gov/Archives/edgar/data/64803/000119312506053756/0001193125-06-053756-index.htm", "finalLink": "https://www.sec.gov/Archives/edgar/data/64803/000119312506053756/d10k.htm", "calculatedOtherExpenses": 589100000, "calculatedOperatingExpenses": 7881700000, "calculatedNetInterest": 0, "calculatedOtherIncome": -110500000, "calculatedIncomeNonControlling": 0, "calculatedEbitda": 2608600000}, {"date": "2004-12-31", "symbol": "CVS", "reportedCurrency": "USD", "cik": "0000064803", "fillingDate": "2005-03-16", "acceptedDate": "2005-03-16 17:07:02", "calendarYear": "2004", "period": "FY", "revenue": 30594300000, "costOfRevenue": 22563100000, "grossProfit": 8031200000, "grossProfitRatio": 0.2625064146, "researchAndDevelopmentExpenses": 0, "generalAndAdministrativeExpenses": 6080000000, "sellingAndMarketingExpenses": -300000, "sellingGeneralAndAdministrativeExpenses": 6079700000, "otherExpenses": 497300000, "operatingExpenses": 6576500000, "costAndExpenses": 29139600000, "interestIncome": 0, "interestExpense": -58000000, "depreciationAndAmortization": 439900000, "ebitda": 1951500000, "ebitdaratio": 0.0637863916, "operatingIncome": 1454700000, "operatingIncomeRatio": 0.0475480727, "totalOtherIncomeExpensesNet": -58700000, "incomeBeforeTax": 1396400000, "incomeBeforeTaxRatio": 0.045642489, "incomeTaxExpense": 477600000, "netIncome": 918800000, "netIncomeRatio": 0.0300317379, "eps": 1.13, "epsdiluted": 1.1, "weightedAverageShsOut": 800530973, "weightedAverageShsOutDil": 822363636, "link": "https://www.sec.gov/Archives/edgar/data/64803/000119312505052880/0001193125-05-052880-index.htm", "finalLink": "https://www.sec.gov/Archives/edgar/data/64803/000119312505052880/d10k.htm", "calculatedOtherExpenses": 496800000, "calculatedOperatingExpenses": 6576500000, "calculatedNetInterest": 58000000, "calculatedOtherIncome": -116300000, "calculatedIncomeNonControlling": 0, "calculatedEbitda": 1894600000}, {"date": "2003-12-31", "symbol": "CVS", "reportedCurrency": "USD", "cik": "0000064803", "fillingDate": "2004-03-12", "acceptedDate": "2004-03-12 16:33:40", "calendarYear": "2003", "period": "FY", "revenue": 26588000000, "costOfRevenue": 19725000000, "grossProfit": 6863000000, "grossProfitRatio": 0.2581239657, "researchAndDevelopmentExpenses": 0, "generalAndAdministrativeExpenses": 5098000000, "sellingAndMarketingExpenses": -300000, "sellingGeneralAndAdministrativeExpenses": 5097700000, "otherExpenses": 341300000, "operatingExpenses": 6521300000, "costAndExpenses": 26246300000, "interestIncome": 0, "interestExpense": -48000000, "depreciationAndAmortization": 341700000, "ebitda": 683400000, "ebitdaratio": 0.0257033248, "operatingIncome": 341700000, "operatingIncomeRatio": 0.0128516624, "totalOtherIncomeExpensesNet": 1034300000, "incomeBeforeTax": 1375500000, "incomeBeforeTaxRatio": 0.0517338649, "incomeTaxExpense": 528200000, "netIncome": 847300000, "netIncomeRatio": 0.0318677599, "eps": 1.06, "epsdiluted": 1.03, "weightedAverageShsOut": 785566038, "weightedAverageShsOutDil": 808446602, "link": "https://www.sec.gov/Archives/edgar/data/64803/000119312504040575/0001193125-04-040575-index.htm", "finalLink": "https://www.sec.gov/Archives/edgar/data/64803/000119312504040575/d10k.htm", "calculatedOtherExpenses": 1423600000, "calculatedOperatingExpenses": 6521300000, "calculatedNetInterest": 48000000, "calculatedOtherIncome": 985800000, "calculatedIncomeNonControlling": 0, "calculatedEbitda": 683400000}, {"date": "2002-12-28", "symbol": "CVS", "reportedCurrency": "USD", "cik": "0000064803", "fillingDate": "2003-03-18", "acceptedDate": "2003-03-18 17:30:36", "calendarYear": "2002", "period": "FY", "revenue": 24181500000, "costOfRevenue": 18112700000, "grossProfit": 6068800000, "grossProfitRatio": 0.2509687158, "researchAndDevelopmentExpenses": 0, "generalAndAdministrativeExpenses": 4552000000, "sellingAndMarketingExpenses": 300000, "sellingGeneralAndAdministrativeExpenses": 4552300000, "otherExpenses": 309700000, "operatingExpenses": 4862600000, "costAndExpenses": 22975300000, "interestIncome": 0, "interestExpense": -50000000, "depreciationAndAmortization": 310300000, "ebitda": 1516500000, "ebitdaratio": 0.0627132312, "operatingIncome": 1206200000, "operatingIncomeRatio": 0.0498811075, "totalOtherIncomeExpensesNet": -50200000, "incomeBeforeTax": 1155800000, "incomeBeforeTaxRatio": 0.0477968695, "incomeTaxExpense": 439200000, "netIncome": 716600000, "netIncomeRatio": 0.0296342245, "eps": 0.9, "epsdiluted": 0.88, "weightedAverageShsOut": 784600000, "weightedAverageShsOutDil": 810600000, "link": "https://www.sec.gov/Archives/edgar/data/64803/000110465903004471/0001104659-03-004471-index.htm", "finalLink": "https://www.sec.gov/Archives/edgar/data/64803/000110465903004471/j8483_10k.htm", "calculatedOtherExpenses": 310300000, "calculatedOperatingExpenses": 4862600000, "calculatedNetInterest": 50000000, "calculatedOtherIncome": -100400000, "calculatedIncomeNonControlling": 0, "calculatedEbitda": 1516500000}, {"date": "2001-12-29", "symbol": "CVS", "reportedCurrency": "USD", "cik": "0000064803", "fillingDate": "2002-03-21", "acceptedDate": "2002-03-21 00:00:00", "calendarYear": "2001", "period": "FY", "revenue": 22241400000, "costOfRevenue": 16550400000, "grossProfit": 5691000000, "grossProfitRatio": 0.2558741806, "researchAndDevelopmentExpenses": 0, "generalAndAdministrativeExpenses": 4253000000, "sellingAndMarketingExpenses": -5900000, "sellingGeneralAndAdministrativeExpenses": 4247100000, "otherExpenses": 678900000, "operatingExpenses": 4567900000, "costAndExpenses": 21118300000, "interestIncome": 0, "interestExpense": -61000000, "depreciationAndAmortization": 320800000, "ebitda": 1796400000, "ebitdaratio": 0.080768297, "operatingIncome": 770600000, "operatingIncomeRatio": 0.0346470996, "totalOtherIncomeExpensesNet": -352500000, "incomeBeforeTax": 709600000, "incomeBeforeTaxRatio": 0.0319044664, "incomeTaxExpense": 296400000, "netIncome": 413200000, "netIncomeRatio": 0.0185779672, "eps": 0.51, "epsdiluted": 0.5, "weightedAverageShsOut": 781372549, "weightedAverageShsOutDil": 797000000, "link": "https://www.sec.gov/Archives/edgar/data/64803/000110465902000809/0001104659-02-000809-index.htm", "finalLink": "https://www.sec.gov/Archives/edgar/data/64803/000110465902000809/j2961_10k405.htm", "calculatedOtherExpenses": 673300000, "calculatedOperatingExpenses": 4920400000, "calculatedNetInterest": 61000000, "calculatedOtherIncome": -122000000, "calculatedIncomeNonControlling": 0, "calculatedEbitda": 1091400000}, {"date": "2000-12-30", "symbol": "CVS", "reportedCurrency": "USD", "cik": "0000064803", "fillingDate": "2001-03-19", "acceptedDate": "2001-03-19 00:00:00", "calendarYear": "2000", "period": "FY", "revenue": 20087500000, "costOfRevenue": 14725800000, "grossProfit": 5361700000, "grossProfitRatio": 0.2669172371, "researchAndDevelopmentExpenses": 0, "generalAndAdministrativeExpenses": 3742000000, "sellingAndMarketingExpenses": 400000, "sellingGeneralAndAdministrativeExpenses": 3742400000, "otherExpenses": 296600000, "operatingExpenses": 4039000000, "costAndExpenses": 18764800000, "interestIncome": 0, "interestExpense": -79000000, "depreciationAndAmortization": 296600000, "ebitda": 1619300000, "ebitdaratio": 0.0806123211, "operatingIncome": 1322700000, "operatingIncomeRatio": 0.0658469197, "totalOtherIncomeExpensesNet": -79700000, "incomeBeforeTax": 1243400000, "incomeBeforeTaxRatio": 0.061899191, "incomeTaxExpense": 497400000, "netIncome": 746000000, "netIncomeRatio": 0.0371375233, "eps": 0.94, "epsdiluted": 0.92, "weightedAverageShsOut": 782245989, "weightedAverageShsOutDil": 799344262, "link": "https://www.sec.gov/Archives/edgar/data/64803/000091205701007764/0000912057-01-007764-index.htm", "finalLink": "https://www.sec.gov/Archives/edgar/data/64803/000091205701007764/a2041427z10-k.txt", "calculatedOtherExpenses": 296600000, "calculatedOperatingExpenses": 4039000000, "calculatedNetInterest": 79000000, "calculatedOtherIncome": -158300000, "calculatedIncomeNonControlling": 0, "calculatedEbitda": 1619300000}, {"date": "1999-12-31", "symbol": "CVS", "reportedCurrency": "USD", "cik": "0000064803", "fillingDate": "2000-03-31", "acceptedDate": "2000-03-31 00:00:00", "calendarYear": "1999", "period": "FY", "revenue": 18098300000, "costOfRevenue": 13236900000, "grossProfit": 4861400000, "grossProfitRatio": 0.268610864, "researchAndDevelopmentExpenses": 0, "generalAndAdministrativeExpenses": 3448000000, "sellingAndMarketingExpenses": 0, "sellingGeneralAndAdministrativeExpenses": 3448000000, "otherExpenses": 278000000, "operatingExpenses": 3725900000, "costAndExpenses": 16962800000, "interestIncome": 0, "interestExpense": -59000000, "depreciationAndAmortization": 277900000, "ebitda": 1413400000, "ebitdaratio": 0.0780957327, "operatingIncome": 1135500000, "operatingIncomeRatio": 0.0627406994, "totalOtherIncomeExpensesNet": -59500000, "incomeBeforeTax": 1076400000, "incomeBeforeTaxRatio": 0.0594751993, "incomeTaxExpense": 441300000, "netIncome": 635100000, "netIncomeRatio": 0.0350916937, "eps": 0.8, "epsdiluted": 0.78, "weightedAverageShsOut": 782600000, "weightedAverageShsOutDil": 817800000, "link": "https://www.sec.gov/Archives/edgar/data/64803/000095013500001935/0000950135-00-001935-index.htm", "finalLink": "https://www.sec.gov/Archives/edgar/data/64803/000095013500001935/0000950135-00-001935.txt", "calculatedOtherExpenses": 277900000, "calculatedOperatingExpenses": 3725900000, "calculatedNetInterest": 59000000, "calculatedOtherIncome": -118100000, "calculatedIncomeNonControlling": 0, "calculatedEbitda": 1413400000}, {"date": "1998-12-31", "symbol": "CVS", "reportedCurrency": "USD", "cik": "0000064803", "fillingDate": "1999-03-31", "acceptedDate": "1999-03-31 00:00:00", "calendarYear": "1998", "period": "FY", "revenue": 15273600000, "costOfRevenue": 11144400000, "grossProfit": 4129200000, "grossProfitRatio": 0.2703488372, "researchAndDevelopmentExpenses": 0, "generalAndAdministrativeExpenses": 2949000000, "sellingAndMarketingExpenses": 0, "sellingGeneralAndAdministrativeExpenses": 2949000000, "otherExpenses": 408000000, "operatingExpenses": 3198700000, "costAndExpenses": 14343100000, "interestIncome": 0, "interestExpense": -61000000, "depreciationAndAmortization": 249700000, "ebitda": 1338500000, "ebitdaratio": 0.0876348732, "operatingIncome": 930500000, "operatingIncomeRatio": 0.060922114, "totalOtherIncomeExpensesNet": -158300000, "incomeBeforeTax": 711300000, "incomeBeforeTaxRatio": 0.0465705531, "incomeTaxExpense": 314900000, "netIncome": 396400000, "netIncomeRatio": 0.0259532789, "eps": 0.48, "epsdiluted": 0.48, "weightedAverageShsOut": 774200000, "weightedAverageShsOutDil": 810400000, "link": "https://www.sec.gov/Archives/edgar/data/64803/000102986999000377/0001029869-99-000377-index.htm", "finalLink": "https://www.sec.gov/Archives/edgar/data/64803/0001029869-99-000377.txt", "calculatedOtherExpenses": 249700000, "calculatedOperatingExpenses": 3198700000, "calculatedNetInterest": 61000000, "calculatedOtherIncome": -280200000, "calculatedIncomeNonControlling": 0, "calculatedEbitda": 1180200000}, {"date": "1997-12-31", "symbol": "CVS", "reportedCurrency": "USD", "cik": "0000064803", "fillingDate": "1998-03-31", "acceptedDate": "1998-03-31 00:00:00", "calendarYear": "1997", "period": "FY", "revenue": 12738200000, "costOfRevenue": 9294100000, "grossProfit": 3444100000, "grossProfitRatio": 0.2703757203, "researchAndDevelopmentExpenses": 0, "generalAndAdministrativeExpenses": 2575400000, "sellingAndMarketingExpenses": 0, "sellingGeneralAndAdministrativeExpenses": 2575400000, "otherExpenses": 226200000, "operatingExpenses": 2801600000, "costAndExpenses": 12095700000, "interestIncome": 0, "interestExpense": 0, "depreciationAndAmortization": 226200000, "ebitda": 1311400000, "ebitdaratio": 0.1029501813, "operatingIncome": 642500000, "operatingIncomeRatio": 0.0504388375, "totalOtherIncomeExpensesNet": -442700000, "incomeBeforeTax": 155000000, "incomeBeforeTaxRatio": 0.0121681242, "incomeTaxExpense": 117700000, "netIncome": 37700000, "netIncomeRatio": 0.0029596018, "eps": 0.1, "epsdiluted": 0.095, "weightedAverageShsOut": 751000000, "weightedAverageShsOutDil": 790526316, "link": "https://www.sec.gov/Archives/edgar/data/64803/000104746998012979/0001047469-98-012979-index.htm", "finalLink": "https://www.sec.gov/Archives/edgar/data/64803/000104746998012979/", "calculatedOtherExpenses": 226200000, "calculatedOperatingExpenses": 2801600000, "calculatedNetInterest": 0, "calculatedOtherIncome": -487500000, "calculatedIncomeNonControlling": -400000, "calculatedEbitda": 868700000}, {"date": "1996-12-31", "symbol": "CVS", "reportedCurrency": "USD", "cik": "0000064803", "fillingDate": "1997-03-31", "acceptedDate": "1997-03-31 00:00:00", "calendarYear": "1996", "period": "FY", "revenue": 5528100000, "costOfRevenue": 3920700000, "grossProfit": 1607400000, "grossProfitRatio": 0.2907689803, "researchAndDevelopmentExpenses": 0, "generalAndAdministrativeExpenses": 1174100000, "sellingAndMarketingExpenses": 0, "sellingGeneralAndAdministrativeExpenses": 1174100000, "otherExpenses": 133700000, "operatingExpenses": 1307800000, "costAndExpenses": 5228500000, "interestIncome": 0, "interestExpense": 0, "depreciationAndAmortization": 133700000, "ebitda": 306300000, "ebitdaratio": 0.0554078255, "operatingIncome": 299600000, "operatingIncomeRatio": 0.0541958358, "totalOtherIncomeExpensesNet": 127000000, "incomeBeforeTax": 403400000, "incomeBeforeTaxRatio": 0.0729726307, "incomeTaxExpense": 163800000, "netIncome": 75400000, "netIncomeRatio": 0.0136394059, "eps": 0.27, "epsdiluted": 0.26, "weightedAverageShsOut": 426400000, "weightedAverageShsOutDil": 426400000, "link": "https://www.sec.gov/Archives/edgar/data/64803/000095013597001475/0000950135-97-001475-index.html", "finalLink": "https://www.sec.gov/Archives/edgar/data/64803/", "calculatedOtherExpenses": 133700000, "calculatedOperatingExpenses": 1307800000, "calculatedNetInterest": 0, "calculatedOtherIncome": 103800000, "calculatedIncomeNonControlling": 164200000, "calculatedEbitda": 433300000}, {"date": "1995-12-31", "symbol": "CVS", "reportedCurrency": "USD", "cik": "0000064803", "fillingDate": "1996-03-29", "acceptedDate": "1996-03-29 00:00:00", "calendarYear": "1995", "period": "FY", "revenue": 9689100000, "costOfRevenue": 6544100000, "grossProfit": 3145000000, "grossProfitRatio": 0.3245915513, "researchAndDevelopmentExpenses": 0, "generalAndAdministrativeExpenses": 2722600000, "sellingAndMarketingExpenses": 0, "sellingGeneralAndAdministrativeExpenses": 2722600000, "otherExpenses": 228400000, "operatingExpenses": 2951000000, "costAndExpenses": 9495100000, "interestIncome": 0, "interestExpense": 0, "depreciationAndAmortization": 228400000, "ebitda": 1358800000, "ebitdaratio": 0.1402400636, "operatingIncome": 194000000, "operatingIncomeRatio": 0.0200224995, "totalOtherIncomeExpensesNet": -936400000, "incomeBeforeTax": -797800000, "incomeBeforeTaxRatio": -0.082339949, "incomeTaxExpense": -182100000, "netIncome": -657200000, "netIncomeRatio": -0.0678287973, "eps": -1.52, "epsdiluted": -1.52, "weightedAverageShsOut": 432000000, "weightedAverageShsOutDil": 432000000, "link": "https://www.sec.gov/Archives/edgar/data/64803/000089109296000050/0000891092-96-000050-index.html", "finalLink": "https://www.sec.gov/Archives/edgar/data/64803/", "calculatedOtherExpenses": 228400000, "calculatedOperatingExpenses": 2951000000, "calculatedNetInterest": 0, "calculatedOtherIncome": -991800000, "calculatedIncomeNonControlling": 41500000, "calculatedEbitda": 422400000}, {"date": "1994-12-31", "symbol": "CVS", "reportedCurrency": "USD", "cik": "0000064803", "fillingDate": "1995-03-29", "acceptedDate": "1995-03-29 00:00:00", "calendarYear": "1994", "period": "FY", "revenue": 11285600000, "costOfRevenue": 7252600000, "grossProfit": 4033000000, "grossProfitRatio": 0.3573580492, "researchAndDevelopmentExpenses": 0, "generalAndAdministrativeExpenses": 3216000000, "sellingAndMarketingExpenses": 0, "sellingGeneralAndAdministrativeExpenses": 3216000000, "otherExpenses": 206300000, "operatingExpenses": 3422300000, "costAndExpenses": 10674900000, "interestIncome": 0, "interestExpense": 0, "depreciationAndAmortization": 206300000, "ebitda": 815500000, "ebitdaratio": 0.0722602254, "operatingIncome": 610700000, "operatingIncomeRatio": 0.0541132062, "totalOtherIncomeExpensesNet": 1500000, "incomeBeforeTax": 526200000, "incomeBeforeTaxRatio": 0.0466257886, "incomeTaxExpense": 218700000, "netIncome": 307500000, "netIncomeRatio": 0.0272471114, "eps": 0.69, "epsdiluted": 0.69, "weightedAverageShsOut": 422545455, "weightedAverageShsOutDil": 422545455, "link": "https://www.sec.gov/Archives/edgar/data/64803/000089109295000026/0000891092-95-000026-index.htm", "finalLink": "https://www.sec.gov/Archives/edgar/data/64803/0000891092-95-000026.txt", "calculatedOtherExpenses": 206300000, "calculatedOperatingExpenses": 3422300000, "calculatedNetInterest": 0, "calculatedOtherIncome": -84500000, "calculatedIncomeNonControlling": 0, "calculatedEbitda": 817000000}, {"date": "1993-12-31", "symbol": "CVS", "reportedCurrency": "USD", "cik": "0000064803", "fillingDate": "1994-03-31", "acceptedDate": "1994-03-31 00:00:00", "calendarYear": "1993", "period": "FY", "revenue": 10435400000, "costOfRevenue": 6664400000, "grossProfit": 3771000000, "grossProfitRatio": 0.3613661192, "researchAndDevelopmentExpenses": 0, "generalAndAdministrativeExpenses": 2956100000, "sellingAndMarketingExpenses": 0, "sellingGeneralAndAdministrativeExpenses": 2956100000, "otherExpenses": 191600000, "operatingExpenses": 3147700000, "costAndExpenses": 9812100000, "interestIncome": 0, "interestExpense": 0, "depreciationAndAmortization": 191600000, "ebitda": 812900000, "ebitdaratio": 0.0778983077, "operatingIncome": 623300000, "operatingIncomeRatio": 0.0597293827, "totalOtherIncomeExpensesNet": 2000000, "incomeBeforeTax": 552200000, "incomeBeforeTaxRatio": 0.0529160358, "incomeTaxExpense": 220400000, "netIncome": 331800000, "netIncomeRatio": 0.0317956188, "eps": 0.6, "epsdiluted": 0.6, "weightedAverageShsOut": 525000000, "weightedAverageShsOutDil": 529411765, "link": "https://www.sec.gov/Archives/edgar/data/64803/000095011094000133/0000950110-94-000133-index.html", "finalLink": "https://www.sec.gov/Archives/edgar/data/64803/", "calculatedOtherExpenses": 191600000, "calculatedOperatingExpenses": 3147700000, "calculatedNetInterest": 0, "calculatedOtherIncome": -71100000, "calculatedIncomeNonControlling": 0, "calculatedEbitda": 814900000}, {"date": "1992-12-31", "symbol": "CVS", "reportedCurrency": "USD", "cik": "0000064803", "fillingDate": "1992-12-31", "acceptedDate": "1992-12-30 19:00:00", "calendarYear": "1992", "period": "FY", "revenue": 10432800000, "costOfRevenue": 6529200000, "grossProfit": 3903600000, "grossProfitRatio": 0.3741660916, "researchAndDevelopmentExpenses": 0, "generalAndAdministrativeExpenses": 3341700000, "sellingAndMarketingExpenses": 0, "sellingGeneralAndAdministrativeExpenses": 3341700000, "otherExpenses": 201000000, "operatingExpenses": 3542700000, "costAndExpenses": 10071900000, "interestIncome": 0, "interestExpense": 0, "depreciationAndAmortization": 201000000, "ebitda": 560600000, "ebitdaratio": 0.0537343762, "operatingIncome": 360900000, "operatingIncomeRatio": 0.0345928226, "totalOtherIncomeExpensesNet": 1300000, "incomeBeforeTax": 281700000, "incomeBeforeTaxRatio": 0.0270013803, "incomeTaxExpense": 125700000, "netIncome": 133400000, "netIncomeRatio": 0.0127865961, "eps": 0.28, "epsdiluted": 0.28, "weightedAverageShsOut": 420357143, "weightedAverageShsOutDil": 420357143, "link": "", "finalLink": "", "calculatedOtherExpenses": 201000000, "calculatedOperatingExpenses": 3542700000, "calculatedNetInterest": 0, "calculatedOtherIncome": -79200000, "calculatedIncomeNonControlling": 22600000, "calculatedEbitda": 561900000}, {"date": "1991-12-31", "symbol": "CVS", "reportedCurrency": "USD", "cik": "0000064803", "fillingDate": "1991-12-31", "acceptedDate": "1991-12-30 19:00:00", "calendarYear": "1991", "period": "FY", "revenue": 9886200000, "costOfRevenue": 6163900000, "grossProfit": 3722300000, "grossProfitRatio": 0.3765147377, "researchAndDevelopmentExpenses": 0, "generalAndAdministrativeExpenses": 2914200000, "sellingAndMarketingExpenses": 0, "sellingGeneralAndAdministrativeExpenses": 2914200000, "otherExpenses": 138500000, "operatingExpenses": 3052700000, "costAndExpenses": 9216600000, "interestIncome": 0, "interestExpense": 0, "depreciationAndAmortization": 138500000, "ebitda": 808100000, "ebitdaratio": 0.0817402035, "operatingIncome": 669600000, "operatingIncomeRatio": 0.0677307762, "totalOtherIncomeExpensesNet": -80000000, "incomeBeforeTax": 589600000, "incomeBeforeTaxRatio": 0.0596386883, "incomeTaxExpense": 242900000, "netIncome": 346700000, "netIncomeRatio": 0.0350690862, "eps": 0.8, "epsdiluted": 0.8, "weightedAverageShsOut": 413625000, "weightedAverageShsOutDil": 413625000, "link": "", "finalLink": "", "calculatedOtherExpenses": 138500000, "calculatedOperatingExpenses": 3052700000, "calculatedNetInterest": 0, "calculatedOtherIncome": -80000000, "calculatedIncomeNonControlling": 0, "calculatedEbitda": 808100000}, {"date": "1990-12-31", "symbol": "CVS", "reportedCurrency": "USD", "cik": "0000064803", "fillingDate": "1990-12-31", "acceptedDate": "1990-12-30 19:00:00", "calendarYear": "1990", "period": "FY", "revenue": 8686800000, "costOfRevenue": 5372400000, "grossProfit": 3314400000, "grossProfitRatio": 0.3815444122, "researchAndDevelopmentExpenses": 0, "generalAndAdministrativeExpenses": 2535800000, "sellingAndMarketingExpenses": 0, "sellingGeneralAndAdministrativeExpenses": 2535800000, "otherExpenses": 114400000, "operatingExpenses": 2650200000, "costAndExpenses": 8022600000, "interestIncome": 0, "interestExpense": 0, "depreciationAndAmortization": 114400000, "ebitda": 788300000, "ebitdaratio": 0.0907468803, "operatingIncome": 664200000, "operatingIncomeRatio": 0.0764608371, "totalOtherIncomeExpensesNet": -9700000, "incomeBeforeTax": 587300000, "incomeBeforeTaxRatio": 0.0676083253, "incomeTaxExpense": 202000000, "netIncome": 385300000, "netIncomeRatio": 0.044354653, "eps": 0.9, "epsdiluted": 0.9, "weightedAverageShsOut": 410444444, "weightedAverageShsOutDil": 410444444, "link": "", "finalLink": "", "calculatedOtherExpenses": 114400000, "calculatedOperatingExpenses": 2650200000, "calculatedNetInterest": 0, "calculatedOtherIncome": -76900000, "calculatedIncomeNonControlling": 0, "calculatedEbitda": 778600000}, {"date": "1989-12-31", "symbol": "CVS", "reportedCurrency": "USD", "cik": "0000064803", "fillingDate": "1989-12-31", "acceptedDate": "1989-12-30 19:00:00", "calendarYear": "1989", "period": "FY", "revenue": 7554000000, "costOfRevenue": 4564100000, "grossProfit": 2989900000, "grossProfitRatio": 0.3958035478, "researchAndDevelopmentExpenses": 0, "generalAndAdministrativeExpenses": 2231200000, "sellingAndMarketingExpenses": 0, "sellingGeneralAndAdministrativeExpenses": 2231200000, "otherExpenses": 97800000, "operatingExpenses": 2329000000, "costAndExpenses": 6893100000, "interestIncome": 0, "interestExpense": 0, "depreciationAndAmortization": 97800000, "ebitda": 767100000, "ebitdaratio": 0.1015488483, "operatingIncome": 660900000, "operatingIncomeRatio": 0.0874900715, "totalOtherIncomeExpensesNet": -8400000, "incomeBeforeTax": 606100000, "incomeBeforeTaxRatio": 0.0802356367, "incomeTaxExpense": 208000000, "netIncome": 398100000, "netIncomeRatio": 0.052700556, "eps": 0.89, "epsdiluted": 0.89, "weightedAverageShsOut": 430674157, "weightedAverageShsOutDil": 430674157, "link": "", "finalLink": "", "calculatedOtherExpenses": 97800000, "calculatedOperatingExpenses": 2329000000, "calculatedNetInterest": 0, "calculatedOtherIncome": -54800000, "calculatedIncomeNonControlling": 0, "calculatedEbitda": 758700000}, {"date": "1988-12-31", "symbol": "CVS", "reportedCurrency": "USD", "cik": "0000064803", "fillingDate": "1988-12-31", "acceptedDate": "1988-12-30 19:00:00", "calendarYear": "1988", "period": "FY", "revenue": 6780400000, "costOfRevenue": 4085600000, "grossProfit": 2694800000, "grossProfitRatio": 0.3974396791, "researchAndDevelopmentExpenses": 0, "generalAndAdministrativeExpenses": 2023000000, "sellingAndMarketingExpenses": 0, "sellingGeneralAndAdministrativeExpenses": 2023000000, "otherExpenses": 82200000, "operatingExpenses": 2105200000, "costAndExpenses": 6190800000, "interestIncome": 0, "interestExpense": 0, "depreciationAndAmortization": 82200000, "ebitda": 676600000, "ebitdaratio": 0.0997876231, "operatingIncome": 589600000, "operatingIncomeRatio": 0.0869565217, "totalOtherIncomeExpensesNet": -4800000, "incomeBeforeTax": 542500000, "incomeBeforeTaxRatio": 0.0800100289, "incomeTaxExpense": 188000000, "netIncome": 354500000, "netIncomeRatio": 0.0522830511, "eps": 0.41, "epsdiluted": 0.41, "weightedAverageShsOut": 435808000, "weightedAverageShsOutDil": 435808000, "link": "", "finalLink": "", "calculatedOtherExpenses": 82200000, "calculatedOperatingExpenses": 2105200000, "calculatedNetInterest": 0, "calculatedOtherIncome": -47100000, "calculatedIncomeNonControlling": 0, "calculatedEbitda": 671800000}, {"date": "1987-12-31", "symbol": "CVS", "reportedCurrency": "USD", "cik": "0000064803", "fillingDate": "1987-12-31", "acceptedDate": "1987-12-30 19:00:00", "calendarYear": "1987", "period": "FY", "revenue": 5930300000, "costOfRevenue": 3567800000, "grossProfit": 2362500000, "grossProfitRatio": 0.3983778224, "researchAndDevelopmentExpenses": 0, "generalAndAdministrativeExpenses": 1766900000, "sellingAndMarketingExpenses": 0, "sellingGeneralAndAdministrativeExpenses": 1766900000, "otherExpenses": 72000000, "operatingExpenses": 1838900000, "costAndExpenses": 5406700000, "interestIncome": 0, "interestExpense": 0, "depreciationAndAmortization": 72000000, "ebitda": 599600000, "ebitdaratio": 0.1011078698, "operatingIncome": 523600000, "operatingIncomeRatio": 0.0882923292, "totalOtherIncomeExpensesNet": -4000000, "incomeBeforeTax": 476100000, "incomeBeforeTaxRatio": 0.0802826164, "incomeTaxExpense": 190700000, "netIncome": 285400000, "netIncomeRatio": 0.0481257272, "eps": 0.66, "epsdiluted": 0.66, "weightedAverageShsOut": 432272727, "weightedAverageShsOutDil": 432272727, "link": "", "finalLink": "", "calculatedOtherExpenses": 72000000, "calculatedOperatingExpenses": 1838900000, "calculatedNetInterest": 0, "calculatedOtherIncome": -47500000, "calculatedIncomeNonControlling": 0, "calculatedEbitda": 595600000}, {"date": "1986-12-31", "symbol": "CVS", "reportedCurrency": "USD", "cik": "0000064803", "fillingDate": "1986-12-31", "acceptedDate": "1986-12-30 19:00:00", "calendarYear": "1986", "period": "FY", "revenue": 5262400000, "costOfRevenue": 3141100000, "grossProfit": 2121300000, "grossProfitRatio": 0.4031050471, "researchAndDevelopmentExpenses": 0, "generalAndAdministrativeExpenses": 1573700000, "sellingAndMarketingExpenses": 0, "sellingGeneralAndAdministrativeExpenses": 1573700000, "otherExpenses": 64100000, "operatingExpenses": 1637800000, "costAndExpenses": 4778900000, "interestIncome": 0, "interestExpense": 0, "depreciationAndAmortization": 64100000, "ebitda": 551100000, "ebitdaratio": 0.1047240803, "operatingIncome": 483500000, "operatingIncomeRatio": 0.0918782305, "totalOtherIncomeExpensesNet": -3500000, "incomeBeforeTax": 432200000, "incomeBeforeTaxRatio": 0.0821298267, "incomeTaxExpense": 193900000, "netIncome": 238300000, "netIncomeRatio": 0.0452835208, "eps": 0.55, "epsdiluted": 0.55, "weightedAverageShsOut": 433090909, "weightedAverageShsOutDil": 433090909, "link": "", "finalLink": "", "calculatedOtherExpenses": 64100000, "calculatedOperatingExpenses": 1637800000, "calculatedNetInterest": 0, "calculatedOtherIncome": -51300000, "calculatedIncomeNonControlling": 0, "calculatedEbitda": 547600000}, {"date": "1985-12-31", "symbol": "CVS", "reportedCurrency": "USD", "cik": "0000064803", "fillingDate": "1985-12-31", "acceptedDate": "1985-12-30 19:00:00", "calendarYear": "1985", "period": "FY", "revenue": 4774900000, "costOfRevenue": 2853900000, "grossProfit": 1921000000, "grossProfitRatio": 0.4023120903, "researchAndDevelopmentExpenses": 0, "generalAndAdministrativeExpenses": 1408900000, "sellingAndMarketingExpenses": 0, "sellingGeneralAndAdministrativeExpenses": 1408900000, "otherExpenses": 63100000, "operatingExpenses": 1472000000, "costAndExpenses": 4325900000, "interestIncome": 0, "interestExpense": 0, "depreciationAndAmortization": 63100000, "ebitda": 512800000, "ebitdaratio": 0.1073949193, "operatingIncome": 449000000, "operatingIncomeRatio": 0.0940333829, "totalOtherIncomeExpensesNet": -700000, "incomeBeforeTax": 391200000, "incomeBeforeTaxRatio": 0.0819284173, "incomeTaxExpense": 171400000, "netIncome": 210200000, "netIncomeRatio": 0.0440218643, "eps": 0.49, "epsdiluted": 0.49, "weightedAverageShsOut": 433195876, "weightedAverageShsOutDil": 433195876, "link": "", "finalLink": "", "calculatedOtherExpenses": 63100000, "calculatedOperatingExpenses": 1472000000, "calculatedNetInterest": 0, "calculatedOtherIncome": -57800000, "calculatedIncomeNonControlling": 9600000, "calculatedEbitda": 512100000}]}