{"originalCurrency": "USD", "convertedCurrency": "USD", "report": [{"date": "2023-12-31", "symbol": "CVX", "reportedCurrency": "USD", "cik": "0000093410", "fillingDate": "2024-02-26", "acceptedDate": "2024-02-26 16:07:14", "calendarYear": "2023", "period": "FY", "revenue": 200949000000, "costOfRevenue": 166676000000, "grossProfit": 34273000000, "grossProfitRatio": 0.1705557131, "researchAndDevelopmentExpenses": 320000000, "generalAndAdministrativeExpenses": 0, "sellingAndMarketingExpenses": 0, "sellingGeneralAndAdministrativeExpenses": 914000000, "otherExpenses": 29240000000, "operatingExpenses": 29240000000, "costAndExpenses": 171365000000, "interestIncome": 0, "interestExpense": 469000000, "depreciationAndAmortization": 17326000000, "ebitda": 47379000000, "ebitdaratio": 0.2357762417, "operatingIncome": 30053000000, "operatingIncomeRatio": 0.1495553598, "totalOtherIncomeExpensesNet": -469000000, "incomeBeforeTax": 29584000000, "incomeBeforeTaxRatio": 0.1472214343, "incomeTaxExpense": 8173000000, "netIncome": 21369000000, "netIncomeRatio": 0.1063404147, "eps": 11.41, "epsdiluted": 11.37, "weightedAverageShsOut": 1873000000, "weightedAverageShsOutDil": 1880000000, "link": "https://www.sec.gov/Archives/edgar/data/93410/000009341024000013/0000093410-24-000013-index.htm", "finalLink": "https://www.sec.gov/Archives/edgar/data/93410/000009341024000013/cvx-20231231.htm", "calculatedOtherExpenses": 2986000000, "calculatedOperatingExpenses": 4220000000, "calculatedNetInterest": -469000000, "calculatedOtherIncome": 0, "calculatedIncomeNonControlling": 42000000, "calculatedEbitda": 47379000000}, {"date": "2022-12-31", "symbol": "CVX", "reportedCurrency": "USD", "cik": "0000093410", "fillingDate": "2023-02-23", "acceptedDate": "2023-02-23 11:51:02", "calendarYear": "2022", "period": "FY", "revenue": 235717000000, "costOfRevenue": 161735000000, "grossProfit": 73982000000, "grossProfitRatio": 0.3138594162, "researchAndDevelopmentExpenses": 268000000, "generalAndAdministrativeExpenses": 0, "sellingAndMarketingExpenses": 0, "sellingGeneralAndAdministrativeExpenses": 4312000000, "otherExpenses": 30015000000, "operatingExpenses": 34327000000, "costAndExpenses": 196062000000, "interestIncome": 516000000, "interestExpense": 516000000, "depreciationAndAmortization": 16300000000, "ebitda": 66490000000, "ebitdaratio": 0.2820755397, "operatingIncome": 50190000000, "operatingIncomeRatio": 0.2129248209, "totalOtherIncomeExpensesNet": -516000000, "incomeBeforeTax": 49674000000, "incomeBeforeTaxRatio": 0.2107357552, "incomeTaxExpense": 14066000000, "netIncome": 35465000000, "netIncomeRatio": 0.1504558432, "eps": 18.37, "epsdiluted": 18.28, "weightedAverageShsOut": 1931000000, "weightedAverageShsOutDil": 1940000000, "link": "https://www.sec.gov/Archives/edgar/data/93410/000009341023000009/0000093410-23-000009-index.htm", "finalLink": "https://www.sec.gov/Archives/edgar/data/93410/000009341023000009/cvx-20221231.htm", "calculatedOtherExpenses": 19212000000, "calculatedOperatingExpenses": 23792000000, "calculatedNetInterest": 0, "calculatedOtherIncome": -516000000, "calculatedIncomeNonControlling": 143000000, "calculatedEbitda": 66490000000}, {"date": "2021-12-31", "symbol": "CVX", "reportedCurrency": "USD", "cik": "0000093410", "fillingDate": "2022-02-24", "acceptedDate": "2022-02-24 11:45:37", "calendarYear": "2021", "period": "FY", "revenue": 155606000000, "costOfRevenue": 107297000000, "grossProfit": 48309000000, "grossProfitRatio": 0.3104571803, "researchAndDevelopmentExpenses": 268000000, "generalAndAdministrativeExpenses": 0, "sellingAndMarketingExpenses": 0, "sellingGeneralAndAdministrativeExpenses": 4014000000, "otherExpenses": 28803000000, "operatingExpenses": 32817000000, "costAndExpenses": 140114000000, "interestIncome": 712000000, "interestExpense": 712000000, "depreciationAndAmortization": 17900000000, "ebitda": 40251000000, "ebitdaratio": 0.2586725448, "operatingIncome": 22351000000, "operatingIncomeRatio": 0.1436384201, "totalOtherIncomeExpensesNet": -712000000, "incomeBeforeTax": 21639000000, "incomeBeforeTaxRatio": 0.1390627611, "incomeTaxExpense": 5950000000, "netIncome": 15625000000, "netIncomeRatio": 0.1004138658, "eps": 8.15, "epsdiluted": 8.14, "weightedAverageShsOut": 1916000000, "weightedAverageShsOutDil": 1920000000, "link": "https://www.sec.gov/Archives/edgar/data/93410/000009341022000019/0000093410-22-000019-index.htm", "finalLink": "https://www.sec.gov/Archives/edgar/data/93410/000009341022000019/cvx-20211231.htm", "calculatedOtherExpenses": 21676000000, "calculatedOperatingExpenses": 25958000000, "calculatedNetInterest": 0, "calculatedOtherIncome": -712000000, "calculatedIncomeNonControlling": 64000000, "calculatedEbitda": 40251000000}, {"date": "2020-12-31", "symbol": "CVX", "reportedCurrency": "USD", "cik": "0000093410", "fillingDate": "2021-02-25", "acceptedDate": "2021-02-25 14:32:29", "calendarYear": "2020", "period": "FY", "revenue": 94471000000, "costOfRevenue": 69996000000, "grossProfit": 24475000000, "grossProfitRatio": 0.2590742133, "researchAndDevelopmentExpenses": 435000000, "generalAndAdministrativeExpenses": 0, "sellingAndMarketingExpenses": 0, "sellingGeneralAndAdministrativeExpenses": 4213000000, "otherExpenses": 27239000000, "operatingExpenses": 31452000000, "costAndExpenses": 101448000000, "interestIncome": 697000000, "interestExpense": 697000000, "depreciationAndAmortization": 19500000000, "ebitda": 12744000000, "ebitdaratio": 0.1348985403, "operatingIncome": -6756000000, "operatingIncomeRatio": -0.0715140096, "totalOtherIncomeExpensesNet": -697000000, "incomeBeforeTax": -7453000000, "incomeBeforeTaxRatio": -0.0788919351, "incomeTaxExpense": -1892000000, "netIncome": -5561000000, "netIncomeRatio": -0.0588646251, "eps": -2.97, "epsdiluted": -2.97, "weightedAverageShsOut": 1870000000, "weightedAverageShsOutDil": 1870000000, "link": "https://www.sec.gov/Archives/edgar/data/93410/000009341021000009/0000093410-21-000009-index.htm", "finalLink": "https://www.sec.gov/Archives/edgar/data/93410/000009341021000009/cvx-20201231.htm", "calculatedOtherExpenses": 26583000000, "calculatedOperatingExpenses": 31231000000, "calculatedNetInterest": 0, "calculatedOtherIncome": -697000000, "calculatedIncomeNonControlling": 0, "calculatedEbitda": 12744000000}, {"date": "2019-12-31", "symbol": "CVX", "reportedCurrency": "USD", "cik": "0000093410", "fillingDate": "2020-02-21", "acceptedDate": "2020-02-21 11:40:21", "calendarYear": "2019", "period": "FY", "revenue": 139865000000, "costOfRevenue": 109331000000, "grossProfit": 30534000000, "grossProfitRatio": 0.2183105137, "researchAndDevelopmentExpenses": 500000000, "generalAndAdministrativeExpenses": 0, "sellingAndMarketingExpenses": 0, "sellingGeneralAndAdministrativeExpenses": 4143000000, "otherExpenses": 26708000000, "operatingExpenses": 30851000000, "costAndExpenses": 140182000000, "interestIncome": 798000000, "interestExpense": 798000000, "depreciationAndAmortization": 29200000000, "ebitda": 35534000000, "ebitdaratio": 0.2540592714, "operatingIncome": 6334000000, "operatingIncomeRatio": 0.0452865263, "totalOtherIncomeExpensesNet": -798000000, "incomeBeforeTax": 5536000000, "incomeBeforeTaxRatio": 0.0395810246, "incomeTaxExpense": 2691000000, "netIncome": 2924000000, "netIncomeRatio": 0.0209058735, "eps": 1.55, "epsdiluted": 1.54, "weightedAverageShsOut": 1882000000, "weightedAverageShsOutDil": 1895000000, "link": "https://www.sec.gov/Archives/edgar/data/93410/000009341020000010/0000093410-20-000010-index.htm", "finalLink": "https://www.sec.gov/Archives/edgar/data/93410/000009341020000010/cvx12312019-10kdoc.htm", "calculatedOtherExpenses": 19557000000, "calculatedOperatingExpenses": 24200000000, "calculatedNetInterest": 0, "calculatedOtherIncome": -798000000, "calculatedIncomeNonControlling": -79000000, "calculatedEbitda": 35534000000}, {"date": "2018-12-31", "symbol": "CVX", "reportedCurrency": "USD", "cik": "0000093410", "fillingDate": "2019-02-22", "acceptedDate": "2019-02-22 11:25:08", "calendarYear": "2018", "period": "FY", "revenue": 158902000000, "costOfRevenue": 113997000000, "grossProfit": 44905000000, "grossProfitRatio": 0.282595562, "researchAndDevelopmentExpenses": 0, "generalAndAdministrativeExpenses": 0, "sellingAndMarketingExpenses": 0, "sellingGeneralAndAdministrativeExpenses": 24382000000, "otherExpenses": 550000000, "operatingExpenses": 30459000000, "costAndExpenses": 144456000000, "interestIncome": 0, "interestExpense": 748000000, "depreciationAndAmortization": 19400000000, "ebitda": 40723000000, "ebitdaratio": 0.256277454, "operatingIncome": 14446000000, "operatingIncomeRatio": 0.0909113793, "totalOtherIncomeExpensesNet": 6877000000, "incomeBeforeTax": 20575000000, "incomeBeforeTaxRatio": 0.1294823224, "incomeTaxExpense": 5715000000, "netIncome": 14824000000, "netIncomeRatio": 0.093290204, "eps": 7.81, "epsdiluted": 7.74, "weightedAverageShsOut": 1897623000, "weightedAverageShsOutDil": 1914107000, "link": "https://www.sec.gov/Archives/edgar/data/93410/000009341019000008/0000093410-19-000008-index.htm", "finalLink": "https://www.sec.gov/Archives/edgar/data/93410/000009341019000008/cvx12312018-10kdoc.htm", "calculatedOtherExpenses": 6077000000, "calculatedOperatingExpenses": 30459000000, "calculatedNetInterest": -748000000, "calculatedOtherIncome": 6877000000, "calculatedIncomeNonControlling": 36000000, "calculatedEbitda": 33846000000}, {"date": "2017-12-31", "symbol": "CVX", "reportedCurrency": "USD", "cik": "0000093410", "fillingDate": "2018-02-22", "acceptedDate": "2018-02-22 11:49:59", "calendarYear": "2017", "period": "FY", "revenue": 134674000000, "costOfRevenue": 95114000000, "grossProfit": 39560000000, "grossProfitRatio": 0.2937463801, "researchAndDevelopmentExpenses": 0, "generalAndAdministrativeExpenses": 0, "sellingAndMarketingExpenses": 0, "sellingGeneralAndAdministrativeExpenses": 23885000000, "otherExpenses": 2610000000, "operatingExpenses": 37080000000, "costAndExpenses": 132194000000, "interestIncome": 0, "interestExpense": 307000000, "depreciationAndAmortization": 19547000000, "ebitda": 9528000000, "ebitdaratio": 0.0707486226, "operatingIncome": 2480000000, "operatingIncomeRatio": 0.0184148388, "totalOtherIncomeExpensesNet": 7048000000, "incomeBeforeTax": 9221000000, "incomeBeforeTaxRatio": 0.0684690438, "incomeTaxExpense": -48000000, "netIncome": 9195000000, "netIncomeRatio": 0.068275985, "eps": 4.88, "epsdiluted": 4.85, "weightedAverageShsOut": 1882834000, "weightedAverageShsOutDil": 1897633000, "link": "https://www.sec.gov/Archives/edgar/data/93410/000009341018000010/0000093410-18-000010-index.htm", "finalLink": "https://www.sec.gov/Archives/edgar/data/93410/000009341018000010/cvx12312017-10kdoc.htm", "calculatedOtherExpenses": 13195000000, "calculatedOperatingExpenses": 37080000000, "calculatedNetInterest": -307000000, "calculatedOtherIncome": 7048000000, "calculatedIncomeNonControlling": 74000000, "calculatedEbitda": 22027000000}, {"date": "2016-12-31", "symbol": "CVX", "reportedCurrency": "USD", "cik": "0000093410", "fillingDate": "2017-02-23", "acceptedDate": "2017-02-23 12:18:42", "calendarYear": "2016", "period": "FY", "revenue": 110215000000, "costOfRevenue": 78778000000, "grossProfit": 31437000000, "grossProfitRatio": 0.2852334074, "researchAndDevelopmentExpenses": 0, "generalAndAdministrativeExpenses": 0, "sellingAndMarketingExpenses": 0, "sellingGeneralAndAdministrativeExpenses": 24952000000, "otherExpenses": 1596000000, "operatingExpenses": 37653000000, "costAndExpenses": 116431000000, "interestIncome": 0, "interestExpense": 201000000, "depreciationAndAmortization": 19946000000, "ebitda": -1959000000, "ebitdaratio": -0.0177743501, "operatingIncome": -6216000000, "operatingIncomeRatio": -0.0563988568, "totalOtherIncomeExpensesNet": 4257000000, "incomeBeforeTax": -2160000000, "incomeBeforeTaxRatio": -0.0195980583, "incomeTaxExpense": -1729000000, "netIncome": -497000000, "netIncomeRatio": -0.0045093681, "eps": -0.27, "epsdiluted": -0.27, "weightedAverageShsOut": 1840740740, "weightedAverageShsOutDil": 1872789000, "link": "https://www.sec.gov/Archives/edgar/data/93410/000009341017000013/0000093410-17-000013-index.htm", "finalLink": "https://www.sec.gov/Archives/edgar/data/93410/000009341017000013/cvx-123116x10kdoc.htm", "calculatedOtherExpenses": 12701000000, "calculatedOperatingExpenses": 37653000000, "calculatedNetInterest": -201000000, "calculatedOtherIncome": 4257000000, "calculatedIncomeNonControlling": 66000000, "calculatedEbitda": 13730000000}, {"date": "2015-12-31", "symbol": "CVX", "reportedCurrency": "USD", "cik": "0000093410", "fillingDate": "2016-02-25", "acceptedDate": "2016-02-25 12:08:14", "calendarYear": "2015", "period": "FY", "revenue": 129925000000, "costOfRevenue": 90788000000, "grossProfit": 39137000000, "grossProfitRatio": 0.3012276313, "researchAndDevelopmentExpenses": 0, "generalAndAdministrativeExpenses": 0, "sellingAndMarketingExpenses": 0, "sellingGeneralAndAdministrativeExpenses": 27477000000, "otherExpenses": 3868000000, "operatingExpenses": 42847000000, "costAndExpenses": 133635000000, "interestIncome": 0, "interestExpense": 0, "depreciationAndAmortization": 23346000000, "ebitda": -3710000000, "ebitdaratio": -0.0285549355, "operatingIncome": -3710000000, "operatingIncomeRatio": -0.0285549355, "totalOtherIncomeExpensesNet": 8552000000, "incomeBeforeTax": 4842000000, "incomeBeforeTaxRatio": 0.0372676544, "incomeTaxExpense": 132000000, "netIncome": 4587000000, "netIncomeRatio": 0.0353049836, "eps": 2.46, "epsdiluted": 2.45, "weightedAverageShsOut": 1867941000, "weightedAverageShsOutDil": 1874971000, "link": "https://www.sec.gov/Archives/edgar/data/93410/000009341016000049/0000093410-16-000049-index.htm", "finalLink": "https://www.sec.gov/Archives/edgar/data/93410/000009341016000049/cvx-123115x10kdoc.htm", "calculatedOtherExpenses": 15370000000, "calculatedOperatingExpenses": 42847000000, "calculatedNetInterest": 0, "calculatedOtherIncome": 8552000000, "calculatedIncomeNonControlling": 123000000, "calculatedEbitda": 19636000000}, {"date": "2014-12-31", "symbol": "CVX", "reportedCurrency": "USD", "cik": "0000093410", "fillingDate": "2015-02-20", "acceptedDate": "2015-02-20 11:36:43", "calendarYear": "2014", "period": "FY", "revenue": 200494000000, "costOfRevenue": 136464000000, "grossProfit": 64030000000, "grossProfitRatio": 0.3193611779, "researchAndDevelopmentExpenses": 0, "generalAndAdministrativeExpenses": 0, "sellingAndMarketingExpenses": 0, "sellingGeneralAndAdministrativeExpenses": 29779000000, "otherExpenses": 4378000000, "operatingExpenses": 44304000000, "costAndExpenses": 180768000000, "interestIncome": 0, "interestExpense": 0, "depreciationAndAmortization": 17668000000, "ebitda": 19726000000, "ebitdaratio": 0.0983869841, "operatingIncome": 19726000000, "operatingIncomeRatio": 0.0983869841, "totalOtherIncomeExpensesNet": 11476000000, "incomeBeforeTax": 31202000000, "incomeBeforeTaxRatio": 0.1556256048, "incomeTaxExpense": 11892000000, "netIncome": 19241000000, "netIncomeRatio": 0.0959679591, "eps": 10.21, "epsdiluted": 10.14, "weightedAverageShsOut": 1883633000, "weightedAverageShsOutDil": 1897897000, "link": "https://www.sec.gov/Archives/edgar/data/93410/000009341015000010/0000093410-15-000010-index.htm", "finalLink": "https://www.sec.gov/Archives/edgar/data/93410/000009341015000010/cvx-123114x10kdoc.htm", "calculatedOtherExpenses": 14525000000, "calculatedOperatingExpenses": 44304000000, "calculatedNetInterest": 0, "calculatedOtherIncome": 11476000000, "calculatedIncomeNonControlling": 69000000, "calculatedEbitda": 37394000000}, {"date": "2013-12-31", "symbol": "CVX", "reportedCurrency": "USD", "cik": "0000093410", "fillingDate": "2014-02-21", "acceptedDate": "2014-02-21 11:21:41", "calendarYear": "2013", "period": "FY", "revenue": 220156000000, "costOfRevenue": 148882000000, "grossProfit": 71274000000, "grossProfitRatio": 0.3237431639, "researchAndDevelopmentExpenses": 0, "generalAndAdministrativeExpenses": 0, "sellingAndMarketingExpenses": 0, "sellingGeneralAndAdministrativeExpenses": 29137000000, "otherExpenses": 1165000000, "operatingExpenses": 44061000000, "costAndExpenses": 192943000000, "interestIncome": 0, "interestExpense": 0, "depreciationAndAmortization": 14869000000, "ebitda": 27213000000, "ebitdaratio": 0.1236078054, "operatingIncome": 27213000000, "operatingIncomeRatio": 0.1236078054, "totalOtherIncomeExpensesNet": 8692000000, "incomeBeforeTax": 35905000000, "incomeBeforeTaxRatio": 0.1630889006, "incomeTaxExpense": 14308000000, "netIncome": 21423000000, "netIncomeRatio": 0.0973082723, "eps": 11.18, "epsdiluted": 11.09, "weightedAverageShsOut": 1917018000, "weightedAverageShsOutDil": 1932393000, "link": "https://www.sec.gov/Archives/edgar/data/93410/000009341014000011/0000093410-14-000011-index.htm", "finalLink": "https://www.sec.gov/Archives/edgar/data/93410/000009341014000011/cvx-123113x10kdoc.htm", "calculatedOtherExpenses": 14924000000, "calculatedOperatingExpenses": 44061000000, "calculatedNetInterest": 0, "calculatedOtherIncome": 8692000000, "calculatedIncomeNonControlling": 174000000, "calculatedEbitda": 42082000000}, {"date": "2012-12-31", "symbol": "CVX", "reportedCurrency": "USD", "cik": "0000093410", "fillingDate": "2013-02-22", "acceptedDate": "2013-02-22 11:55:46", "calendarYear": "2012", "period": "FY", "revenue": 230590000000, "costOfRevenue": 154179000000, "grossProfit": 76411000000, "grossProfitRatio": 0.3313716987, "researchAndDevelopmentExpenses": 0, "generalAndAdministrativeExpenses": 0, "sellingAndMarketingExpenses": 0, "sellingGeneralAndAdministrativeExpenses": 27294000000, "otherExpenses": 4430000000, "operatingExpenses": 41398000000, "costAndExpenses": 195577000000, "interestIncome": 0, "interestExpense": 0, "depreciationAndAmortization": 13968000000, "ebitda": 46332000000, "ebitdaratio": 0.2009280541, "operatingIncome": 35013000000, "operatingIncomeRatio": 0.1518409298, "totalOtherIncomeExpensesNet": 11319000000, "incomeBeforeTax": 46332000000, "incomeBeforeTaxRatio": 0.2009280541, "incomeTaxExpense": 19996000000, "netIncome": 26179000000, "netIncomeRatio": 0.1135305087, "eps": 13.42, "epsdiluted": 13.32, "weightedAverageShsOut": 1950480000, "weightedAverageShsOutDil": 1964755000, "link": "https://www.sec.gov/Archives/edgar/data/93410/000009341013000003/0000093410-13-000003-index.htm", "finalLink": "https://www.sec.gov/Archives/edgar/data/93410/000009341013000003/cvx-123112x10kdoc.htm", "calculatedOtherExpenses": 14104000000, "calculatedOperatingExpenses": 41398000000, "calculatedNetInterest": 0, "calculatedOtherIncome": 11319000000, "calculatedIncomeNonControlling": 157000000, "calculatedEbitda": 48981000000}, {"date": "2011-12-31", "symbol": "CVX", "reportedCurrency": "USD", "cik": "0000093410", "fillingDate": "2012-02-23", "acceptedDate": "2012-02-23 13:51:37", "calendarYear": "2011", "period": "FY", "revenue": 246343000000, "costOfRevenue": 149923000000, "grossProfit": 96420000000, "grossProfitRatio": 0.3914054794, "researchAndDevelopmentExpenses": 0, "generalAndAdministrativeExpenses": 0, "sellingAndMarketingExpenses": 0, "sellingGeneralAndAdministrativeExpenses": 26394000000, "otherExpenses": 29755000000, "operatingExpenses": 56149000000, "costAndExpenses": 206072000000, "interestIncome": 0, "interestExpense": 0, "depreciationAndAmortization": 12911000000, "ebitda": 60545000000, "ebitdaratio": 0.2457751996, "operatingIncome": 32186000000, "operatingIncomeRatio": 0.1306552246, "totalOtherIncomeExpensesNet": 7363000000, "incomeBeforeTax": 47634000000, "incomeBeforeTaxRatio": 0.1933645364, "incomeTaxExpense": 20626000000, "netIncome": 26895000000, "netIncomeRatio": 0.1091770418, "eps": 13.54, "epsdiluted": 13.44, "weightedAverageShsOut": 1986482000, "weightedAverageShsOutDil": 2000785000, "link": "https://www.sec.gov/Archives/edgar/data/93410/000095012312002976/0000950123-12-002976-index.htm", "finalLink": "https://www.sec.gov/Archives/edgar/data/93410/000095012312002976/f60351e10vk.htm", "calculatedOtherExpenses": 37840000000, "calculatedOperatingExpenses": 64234000000, "calculatedNetInterest": 0, "calculatedOtherIncome": 15448000000, "calculatedIncomeNonControlling": 113000000, "calculatedEbitda": 45097000000}, {"date": "2010-12-31", "symbol": "CVX", "reportedCurrency": "USD", "cik": "0000093410", "fillingDate": "2011-02-24", "acceptedDate": "2011-02-24 12:52:15", "calendarYear": "2010", "period": "FY", "revenue": 52517000000, "costOfRevenue": 30109000000, "grossProfit": 22408000000, "grossProfitRatio": 0.4266808843, "researchAndDevelopmentExpenses": 0, "generalAndAdministrativeExpenses": 0, "sellingAndMarketingExpenses": 0, "sellingGeneralAndAdministrativeExpenses": 6751000000, "otherExpenses": 32401000000, "operatingExpenses": 15148000000, "costAndExpenses": 45257000000, "interestIncome": 0, "interestExpense": 4000000, "depreciationAndAmortization": 13063000000, "ebitda": 12209000000, "ebitdaratio": 0.2324771027, "operatingIncome": 26468000000, "operatingIncomeRatio": 0.5039891845, "totalOtherIncomeExpensesNet": 1510000000, "incomeBeforeTax": 8766000000, "incomeBeforeTaxRatio": 0.1669173791, "incomeTaxExpense": 3446000000, "netIncome": 5295000000, "netIncomeRatio": 0.1008244949, "eps": 2.65, "epsdiluted": 2.64, "weightedAverageShsOut": 1998005000, "weightedAverageShsOutDil": 2009104000, "link": "https://www.sec.gov/Archives/edgar/data/93410/000095012311017688/0000950123-11-017688-index.htm", "finalLink": "https://www.sec.gov/Archives/edgar/data/93410/000095012311017688/f56670e10vk.htm", "calculatedOtherExpenses": -10811000000, "calculatedOperatingExpenses": -4060000000, "calculatedNetInterest": -4000000, "calculatedOtherIncome": -17698000000, "calculatedIncomeNonControlling": 25000000, "calculatedEbitda": 39531000000}, {"date": "2009-12-31", "symbol": "CVX", "reportedCurrency": "USD", "cik": "0000093410", "fillingDate": "2010-02-25", "acceptedDate": "2010-02-25 12:56:14", "calendarYear": "2009", "period": "FY", "revenue": 171636000000, "costOfRevenue": 100995000000, "grossProfit": 70641000000, "grossProfitRatio": 0.4115744949, "researchAndDevelopmentExpenses": 0, "generalAndAdministrativeExpenses": 0, "sellingAndMarketingExpenses": 0, "sellingGeneralAndAdministrativeExpenses": 22384000000, "otherExpenses": 31043000000, "operatingExpenses": 52085000000, "costAndExpenses": 153080000000, "interestIncome": 0, "interestExpense": 28000000, "depreciationAndAmortization": 12110000000, "ebitda": 30666000000, "ebitdaratio": 0.1786688107, "operatingIncome": 15240000000, "operatingIncomeRatio": 0.088792561, "totalOtherIncomeExpensesNet": 3316000000, "incomeBeforeTax": 18528000000, "incomeBeforeTaxRatio": 0.1079493812, "incomeTaxExpense": 7965000000, "netIncome": 10483000000, "netIncomeRatio": 0.0610769302, "eps": 5.26, "epsdiluted": 5.24, "weightedAverageShsOut": 1992274000, "weightedAverageShsOutDil": 2000925000, "link": "https://www.sec.gov/Archives/edgar/data/93410/000095012310016846/0000950123-10-016846-index.htm", "finalLink": "https://www.sec.gov/Archives/edgar/data/93410/000095012310016846/f54086e10vk.htm", "calculatedOtherExpenses": 33017000000, "calculatedOperatingExpenses": 55401000000, "calculatedNetInterest": -28000000, "calculatedOtherIncome": 3316000000, "calculatedIncomeNonControlling": 80000000, "calculatedEbitda": 27350000000}, {"date": "2008-12-31", "symbol": "CVX", "reportedCurrency": "USD", "cik": "0000093410", "fillingDate": "2009-02-26", "acceptedDate": "2009-02-26 00:00:00", "calendarYear": "2008", "period": "FY", "revenue": 273005000000, "costOfRevenue": 193361000000, "grossProfit": 79644000000, "grossProfitRatio": 0.2917309207, "researchAndDevelopmentExpenses": 0, "generalAndAdministrativeExpenses": 0, "sellingAndMarketingExpenses": 0, "sellingGeneralAndAdministrativeExpenses": 5756000000, "otherExpenses": 30831000000, "operatingExpenses": 36587000000, "costAndExpenses": 229948000000, "interestIncome": 0, "interestExpense": 166000000, "depreciationAndAmortization": 9528000000, "ebitda": 49904000000, "ebitdaratio": 0.1827951869, "operatingIncome": 43057000000, "operatingIncomeRatio": 0.1577150602, "totalOtherIncomeExpensesNet": 8047000000, "incomeBeforeTax": 42957000000, "incomeBeforeTaxRatio": 0.1573487665, "incomeTaxExpense": 19026000000, "netIncome": 23931000000, "netIncomeRatio": 0.0876577352, "eps": 11.74, "epsdiluted": 11.67, "weightedAverageShsOut": 2038000000, "weightedAverageShsOutDil": 2050000000, "link": "https://www.sec.gov/Archives/edgar/data/93410/000089161809000054/0000891618-09-000054-index.htm", "finalLink": "https://www.sec.gov/Archives/edgar/data/93410/000089161809000054/f50714e10vk.htm", "calculatedOtherExpenses": 30831000000, "calculatedOperatingExpenses": 36587000000, "calculatedNetInterest": -166000000, "calculatedOtherIncome": 66000000, "calculatedIncomeNonControlling": 0, "calculatedEbitda": 52585000000}, {"date": "2007-12-31", "symbol": "CVX", "reportedCurrency": "USD", "cik": "0000093410", "fillingDate": "2008-02-28", "acceptedDate": "2008-02-28 08:31:30", "calendarYear": "2007", "period": "FY", "revenue": 220904000000, "costOfRevenue": 151564000000, "grossProfit": 69340000000, "grossProfitRatio": 0.3138920074, "researchAndDevelopmentExpenses": 0, "generalAndAdministrativeExpenses": 0, "sellingAndMarketingExpenses": 0, "sellingGeneralAndAdministrativeExpenses": 5926000000, "otherExpenses": 20853000000, "operatingExpenses": 26779000000, "costAndExpenses": 178343000000, "interestIncome": 0, "interestExpense": 166000000, "depreciationAndAmortization": 8708000000, "ebitda": 48600000000, "ebitdaratio": 0.2200050701, "operatingIncome": 42561000000, "operatingIncomeRatio": 0.192667403, "totalOtherIncomeExpensesNet": 6813000000, "incomeBeforeTax": 32167000000, "incomeBeforeTaxRatio": 0.1456152899, "incomeTaxExpense": 13479000000, "netIncome": 18688000000, "netIncomeRatio": 0.0845978344, "eps": 8.83, "epsdiluted": 8.77, "weightedAverageShsOut": 2118000000, "weightedAverageShsOutDil": 2132000000, "link": "https://www.sec.gov/Archives/edgar/data/93410/000095013408003672/0000950134-08-003672-index.htm", "finalLink": "https://www.sec.gov/Archives/edgar/data/93410/000095013408003672/f37829e10vk.htm", "calculatedOtherExpenses": 20853000000, "calculatedOperatingExpenses": 26779000000, "calculatedNetInterest": -166000000, "calculatedOtherIncome": -10228000000, "calculatedIncomeNonControlling": 0, "calculatedEbitda": 51269000000}, {"date": "2006-12-31", "symbol": "CVX", "reportedCurrency": "USD", "cik": "0000093410", "fillingDate": "2007-02-28", "acceptedDate": "2007-02-28 17:24:00", "calendarYear": "2006", "period": "FY", "revenue": 210118000000, "costOfRevenue": 144139000000, "grossProfit": 65979000000, "grossProfitRatio": 0.314009271, "researchAndDevelopmentExpenses": 0, "generalAndAdministrativeExpenses": 0, "sellingAndMarketingExpenses": 0, "sellingGeneralAndAdministrativeExpenses": 5093000000, "otherExpenses": 18838000000, "operatingExpenses": 23931000000, "costAndExpenses": 168070000000, "interestIncome": 0, "interestExpense": 0, "depreciationAndAmortization": 7506000000, "ebitda": 48583000000, "ebitdaratio": 0.2312176967, "operatingIncome": 42048000000, "operatingIncomeRatio": 0.2001161252, "totalOtherIncomeExpensesNet": 5226000000, "incomeBeforeTax": 31976000000, "incomeBeforeTaxRatio": 0.1521811554, "incomeTaxExpense": 14838000000, "netIncome": 17138000000, "netIncomeRatio": 0.0815636928, "eps": 7.84, "epsdiluted": 7.8, "weightedAverageShsOut": 2185969388, "weightedAverageShsOutDil": 2197179487, "link": "https://www.sec.gov/Archives/edgar/data/93410/000095014907000074/0000950149-07-000074-index.htm", "finalLink": "https://www.sec.gov/Archives/edgar/data/93410/000095014907000074/f27542e10vk.htm", "calculatedOtherExpenses": 18838000000, "calculatedOperatingExpenses": 23931000000, "calculatedNetInterest": 0, "calculatedOtherIncome": -10072000000, "calculatedIncomeNonControlling": 0, "calculatedEbitda": 49554000000}, {"date": "2005-12-31", "symbol": "CVX", "reportedCurrency": "USD", "cik": "0000093410", "fillingDate": "2006-03-01", "acceptedDate": "2006-03-01 12:24:08", "calendarYear": "2005", "period": "FY", "revenue": 198200000000, "costOfRevenue": 140902000000, "grossProfit": 57298000000, "grossProfitRatio": 0.2890918264, "researchAndDevelopmentExpenses": 0, "generalAndAdministrativeExpenses": 0, "sellingAndMarketingExpenses": 0, "sellingGeneralAndAdministrativeExpenses": 4828000000, "otherExpenses": 17976000000, "operatingExpenses": 22804000000, "costAndExpenses": 163706000000, "interestIncome": 0, "interestExpense": 0, "depreciationAndAmortization": 5913000000, "ebitda": 39579000000, "ebitdaratio": 0.1996922301, "operatingIncome": 34494000000, "operatingIncomeRatio": 0.1740363269, "totalOtherIncomeExpensesNet": 4559000000, "incomeBeforeTax": 25197000000, "incomeBeforeTaxRatio": 0.1271291625, "incomeTaxExpense": 11098000000, "netIncome": 14099000000, "netIncomeRatio": 0.071135217, "eps": 6.58, "epsdiluted": 6.54, "weightedAverageShsOut": 2142705167, "weightedAverageShsOutDil": 2155810398, "link": "https://www.sec.gov/Archives/edgar/data/93410/000095014906000076/0000950149-06-000076-index.htm", "finalLink": "https://www.sec.gov/Archives/edgar/data/93410/000095014906000076/f16935e10vk.htm", "calculatedOtherExpenses": 17976000000, "calculatedOperatingExpenses": 22804000000, "calculatedNetInterest": 0, "calculatedOtherIncome": -9297000000, "calculatedIncomeNonControlling": 0, "calculatedEbitda": 40407000000}, {"date": "2004-12-31", "symbol": "CVX", "reportedCurrency": "USD", "cik": "0000093410", "fillingDate": "2005-03-03", "acceptedDate": "2005-03-03 08:36:36", "calendarYear": "2004", "period": "FY", "revenue": 155300000000, "costOfRevenue": 104948000000, "grossProfit": 50352000000, "grossProfitRatio": 0.3242240824, "researchAndDevelopmentExpenses": 0, "generalAndAdministrativeExpenses": 0, "sellingAndMarketingExpenses": 0, "sellingGeneralAndAdministrativeExpenses": 4557000000, "otherExpenses": 16785000000, "operatingExpenses": 21342000000, "costAndExpenses": 126290000000, "interestIncome": 0, "interestExpense": 406000000, "depreciationAndAmortization": 4935000000, "ebitda": 32092000000, "ebitdaratio": 0.2066452028, "operatingIncome": 29010000000, "operatingIncomeRatio": 0.1867997424, "totalOtherIncomeExpensesNet": 4435000000, "incomeBeforeTax": 20551000000, "incomeBeforeTaxRatio": 0.1323309723, "incomeTaxExpense": 7517000000, "netIncome": 13328000000, "netIncomeRatio": 0.0858209916, "eps": 6.3, "epsdiluted": 6.28, "weightedAverageShsOut": 2115555556, "weightedAverageShsOutDil": 2122292994, "link": "https://www.sec.gov/Archives/edgar/data/93410/000095013405004137/0000950134-05-004137-index.htm", "finalLink": "https://www.sec.gov/Archives/edgar/data/93410/000095013405004137/f04196e10vk.htm", "calculatedOtherExpenses": 16785000000, "calculatedOperatingExpenses": 21342000000, "calculatedNetInterest": -406000000, "calculatedOtherIncome": -8053000000, "calculatedIncomeNonControlling": -294000000, "calculatedEbitda": 33945000000}, {"date": "2003-12-31", "symbol": "CVX", "reportedCurrency": "USD", "cik": "0000093410", "fillingDate": "2004-03-09", "acceptedDate": "2004-03-09 12:55:13", "calendarYear": "2003", "period": "FY", "revenue": 121761000000, "costOfRevenue": 80707000000, "grossProfit": 41054000000, "grossProfitRatio": 0.3371687158, "researchAndDevelopmentExpenses": 0, "generalAndAdministrativeExpenses": 0, "sellingAndMarketingExpenses": 0, "sellingGeneralAndAdministrativeExpenses": 4440000000, "otherExpenses": 16195000000, "operatingExpenses": 20635000000, "costAndExpenses": 101342000000, "interestIncome": 0, "interestExpense": 474000000, "depreciationAndAmortization": 5384000000, "ebitda": 25103000000, "ebitdaratio": 0.206166178, "operatingIncome": 20419000000, "operatingIncomeRatio": 0.1676973744, "totalOtherIncomeExpensesNet": 1729000000, "incomeBeforeTax": 12770000000, "incomeBeforeTaxRatio": 0.1048775881, "incomeTaxExpense": 5344000000, "netIncome": 7230000000, "netIncomeRatio": 0.0593786188, "eps": 3.48, "epsdiluted": 3.48, "weightedAverageShsOut": 2077586207, "weightedAverageShsOutDil": 2077586207, "link": "https://www.sec.gov/Archives/edgar/data/93410/000095013404003128/0000950134-04-003128-index.htm", "finalLink": "https://www.sec.gov/Archives/edgar/data/93410/000095013404003128/f96742e10vk.htm", "calculatedOtherExpenses": 16195000000, "calculatedOperatingExpenses": 20635000000, "calculatedNetInterest": -474000000, "calculatedOtherIncome": -7175000000, "calculatedIncomeNonControlling": 196000000, "calculatedEbitda": 25803000000}, {"date": "2002-12-31", "symbol": "CVX", "reportedCurrency": "USD", "cik": "0000093410", "fillingDate": "2003-03-17", "acceptedDate": "2003-03-17 17:23:02", "calendarYear": "2002", "period": "FY", "revenue": 99049000000, "costOfRevenue": 65688000000, "grossProfit": 33361000000, "grossProfitRatio": 0.3368130925, "researchAndDevelopmentExpenses": 0, "generalAndAdministrativeExpenses": 0, "sellingAndMarketingExpenses": 0, "sellingGeneralAndAdministrativeExpenses": 4155000000, "otherExpenses": 14914000000, "operatingExpenses": 19069000000, "costAndExpenses": 84757000000, "interestIncome": 0, "interestExpense": 565000000, "depreciationAndAmortization": 5231000000, "ebitda": 23716000000, "ebitdaratio": 0.2394370463, "operatingIncome": 14292000000, "operatingIncomeRatio": 0.144292219, "totalOtherIncomeExpensesNet": -4082000000, "incomeBeforeTax": 4156000000, "incomeBeforeTaxRatio": 0.0419590304, "incomeTaxExpense": 3024000000, "netIncome": 1132000000, "netIncomeRatio": 0.0114286868, "eps": 0.53, "epsdiluted": 0.53, "weightedAverageShsOut": 2135849057, "weightedAverageShsOutDil": 2135849057, "link": "https://www.sec.gov/Archives/edgar/data/93410/000095014903000567/0000950149-03-000567-index.htm", "finalLink": "https://www.sec.gov/Archives/edgar/data/93410/000095014903000567/f87939e10vk.htm", "calculatedOtherExpenses": 14914000000, "calculatedOperatingExpenses": 19069000000, "calculatedNetInterest": -565000000, "calculatedOtherIncome": -9571000000, "calculatedIncomeNonControlling": 0, "calculatedEbitda": 19523000000}, {"date": "2001-12-31", "symbol": "CVX", "reportedCurrency": "USD", "cik": "0000093410", "fillingDate": "2002-03-27", "acceptedDate": "2002-03-27 00:00:00", "calendarYear": "2001", "period": "FY", "revenue": 106245000000, "costOfRevenue": 69238000000, "grossProfit": 37007000000, "grossProfitRatio": 0.3483175679, "researchAndDevelopmentExpenses": 0, "generalAndAdministrativeExpenses": 0, "sellingAndMarketingExpenses": 0, "sellingGeneralAndAdministrativeExpenses": 3984000000, "otherExpenses": 15669000000, "operatingExpenses": 19653000000, "costAndExpenses": 88891000000, "interestIncome": 0, "interestExpense": 0, "depreciationAndAmortization": 7059000000, "ebitda": 25284000000, "ebitdaratio": 0.2379782578, "operatingIncome": 17354000000, "operatingIncomeRatio": 0.1633394513, "totalOtherIncomeExpensesNet": 273000000, "incomeBeforeTax": 8291000000, "incomeBeforeTaxRatio": 0.0780366135, "incomeTaxExpense": 4360000000, "netIncome": 3288000000, "netIncomeRatio": 0.0309473387, "eps": 1.55, "epsdiluted": 1.55, "weightedAverageShsOut": 2117419355, "weightedAverageShsOutDil": 2124271845, "link": "https://www.sec.gov/Archives/edgar/data/93410/000095014902000568/0000950149-02-000568-index.htm", "finalLink": "https://www.sec.gov/Archives/edgar/data/93410/000095014902000568/f80065e10-k405.htm", "calculatedOtherExpenses": 15669000000, "calculatedOperatingExpenses": 19653000000, "calculatedNetInterest": 0, "calculatedOtherIncome": -9063000000, "calculatedIncomeNonControlling": 643000000, "calculatedEbitda": 24413000000}, {"date": "2000-12-31", "symbol": "CVX", "reportedCurrency": "USD", "cik": "0000093410", "fillingDate": "2001-03-28", "acceptedDate": "2001-03-28 00:00:00", "calendarYear": "2000", "period": "FY", "revenue": 119130000000, "costOfRevenue": 79086000000, "grossProfit": 40044000000, "grossProfitRatio": 0.3361369932, "researchAndDevelopmentExpenses": 0, "generalAndAdministrativeExpenses": 0, "sellingAndMarketingExpenses": 0, "sellingGeneralAndAdministrativeExpenses": 3626000000, "otherExpenses": 14547000000, "operatingExpenses": 18173000000, "costAndExpenses": 97259000000, "interestIncome": 0, "interestExpense": 0, "depreciationAndAmortization": 5321000000, "ebitda": 26234000000, "ebitdaratio": 0.2202132125, "operatingIncome": 21871000000, "operatingIncomeRatio": 0.1835893562, "totalOtherIncomeExpensesNet": 2035000000, "incomeBeforeTax": 14049000000, "incomeBeforeTaxRatio": 0.1179299924, "incomeTaxExpense": 6322000000, "netIncome": 7727000000, "netIncomeRatio": 0.0648619156, "eps": 3.99, "epsdiluted": 3.99, "weightedAverageShsOut": 1305282000, "weightedAverageShsOutDil": 1307654000, "link": "https://www.sec.gov/Archives/edgar/data/93410/000009341001000015/0000093410-01-000015-index.htm", "finalLink": "https://www.sec.gov/Archives/edgar/data/93410/000009341001000015/0000093410-01-000015-0001.txt", "calculatedOtherExpenses": 14547000000, "calculatedOperatingExpenses": 18173000000, "calculatedNetInterest": 0, "calculatedOtherIncome": -7822000000, "calculatedIncomeNonControlling": 0, "calculatedEbitda": 27192000000}, {"date": "1999-12-31", "symbol": "CVX", "reportedCurrency": "USD", "cik": "0000093410", "fillingDate": "2000-03-30", "acceptedDate": "2000-03-30 00:00:00", "calendarYear": "1999", "period": "FY", "revenue": 85713000000, "costOfRevenue": 55101000000, "grossProfit": 30612000000, "grossProfitRatio": 0.3571453572, "researchAndDevelopmentExpenses": 0, "generalAndAdministrativeExpenses": 0, "sellingAndMarketingExpenses": 0, "sellingGeneralAndAdministrativeExpenses": 3222000000, "otherExpenses": 14346000000, "operatingExpenses": 17568000000, "costAndExpenses": 72669000000, "interestIncome": 0, "interestExpense": 0, "depreciationAndAmortization": 4934000000, "ebitda": 17165000000, "ebitdaratio": 0.2002613373, "operatingIncome": 13044000000, "operatingIncomeRatio": 0.1521822827, "totalOtherIncomeExpensesNet": 1709000000, "incomeBeforeTax": 5812000000, "incomeBeforeTaxRatio": 0.0678076838, "incomeTaxExpense": 2565000000, "netIncome": 3247000000, "netIncomeRatio": 0.0378822349, "eps": 1.58, "epsdiluted": 1.57, "weightedAverageShsOut": 1313000000, "weightedAverageShsOutDil": 1319000000, "link": "https://www.sec.gov/Archives/edgar/data/93410/000009341000000006/0000093410-00-000006-index.html", "finalLink": "https://www.sec.gov/Archives/edgar/data/93410/000009341000000006/", "calculatedOtherExpenses": 14346000000, "calculatedOperatingExpenses": 17568000000, "calculatedNetInterest": 0, "calculatedOtherIncome": -7232000000, "calculatedIncomeNonControlling": 0, "calculatedEbitda": 17978000000}, {"date": "1998-12-31", "symbol": "CVX", "reportedCurrency": "USD", "cik": "0000093410", "fillingDate": "1999-03-31", "acceptedDate": "1999-03-31 00:00:00", "calendarYear": "1998", "period": "FY", "revenue": 30557000000, "costOfRevenue": 14036000000, "grossProfit": 16521000000, "grossProfitRatio": 0.5406617142, "researchAndDevelopmentExpenses": 478000000, "generalAndAdministrativeExpenses": 0, "sellingAndMarketingExpenses": 0, "sellingGeneralAndAdministrativeExpenses": 2239000000, "otherExpenses": 11565000000, "operatingExpenses": 14282000000, "costAndExpenses": 28318000000, "interestIncome": 0, "interestExpense": 0, "depreciationAndAmortization": 2320000000, "ebitda": 4559000000, "ebitdaratio": 0.1491965834, "operatingIncome": 2239000000, "operatingIncomeRatio": 0.0732728998, "totalOtherIncomeExpensesNet": -405000000, "incomeBeforeTax": 1834000000, "incomeBeforeTaxRatio": 0.0600189809, "incomeTaxExpense": 495000000, "netIncome": 1339000000, "netIncomeRatio": 0.0438197467, "eps": 1.02, "epsdiluted": 1.02, "weightedAverageShsOut": 1306341463, "weightedAverageShsOutDil": 1312745098, "link": "https://www.sec.gov/Archives/edgar/data/93410/000009341099000034/0000093410-99-000034-index.html", "finalLink": "https://www.sec.gov/Archives/edgar/data/93410/", "calculatedOtherExpenses": 11565000000, "calculatedOperatingExpenses": 14282000000, "calculatedNetInterest": 0, "calculatedOtherIncome": -405000000, "calculatedIncomeNonControlling": 0, "calculatedEbitda": 4559000000}, {"date": "1997-12-31", "symbol": "CVX", "reportedCurrency": "USD", "cik": "0000093410", "fillingDate": "1998-03-25", "acceptedDate": "1998-03-25 00:00:00", "calendarYear": "1997", "period": "FY", "revenue": 41950000000, "costOfRevenue": 20223000000, "grossProfit": 21727000000, "grossProfitRatio": 0.5179261025, "researchAndDevelopmentExpenses": 493000000, "generalAndAdministrativeExpenses": 0, "sellingAndMarketingExpenses": 0, "sellingGeneralAndAdministrativeExpenses": 1533000000, "otherExpenses": 13887000000, "operatingExpenses": 15913000000, "costAndExpenses": 36136000000, "interestIncome": 0, "interestExpense": 0, "depreciationAndAmortization": 2300000000, "ebitda": 8114000000, "ebitdaratio": 0.193420739, "operatingIncome": 5814000000, "operatingIncomeRatio": 0.1385935638, "totalOtherIncomeExpensesNet": -312000000, "incomeBeforeTax": 5502000000, "incomeBeforeTaxRatio": 0.1311561383, "incomeTaxExpense": 2246000000, "netIncome": 3256000000, "netIncomeRatio": 0.0776162098, "eps": 2.49, "epsdiluted": 2.48, "weightedAverageShsOut": 1309981842, "weightedAverageShsOutDil": 1315555556, "link": "https://www.sec.gov/Archives/edgar/data/93410/000009341098000003/0000093410-98-000003-index.html", "finalLink": "https://www.sec.gov/Archives/edgar/data/93410/", "calculatedOtherExpenses": 13887000000, "calculatedOperatingExpenses": 15913000000, "calculatedNetInterest": 0, "calculatedOtherIncome": -312000000, "calculatedIncomeNonControlling": 0, "calculatedEbitda": 8114000000}, {"date": "1996-12-31", "symbol": "CVX", "reportedCurrency": "USD", "cik": "0000093410", "fillingDate": "1997-03-26", "acceptedDate": "1997-03-26 00:00:00", "calendarYear": "1996", "period": "FY", "revenue": 43893000000, "costOfRevenue": 22826000000, "grossProfit": 21067000000, "grossProfitRatio": 0.4799626364, "researchAndDevelopmentExpenses": 455000000, "generalAndAdministrativeExpenses": 0, "sellingAndMarketingExpenses": 0, "sellingGeneralAndAdministrativeExpenses": 1377000000, "otherExpenses": 14131000000, "operatingExpenses": 15963000000, "costAndExpenses": 38789000000, "interestIncome": 0, "interestExpense": 0, "depreciationAndAmortization": 2216000000, "ebitda": 7320000000, "ebitdaratio": 0.1667691887, "operatingIncome": 5104000000, "operatingIncomeRatio": 0.1162827786, "totalOtherIncomeExpensesNet": -364000000, "incomeBeforeTax": 4740000000, "incomeBeforeTaxRatio": 0.1079898845, "incomeTaxExpense": 2133000000, "netIncome": 2607000000, "netIncomeRatio": 0.0593944365, "eps": 2, "epsdiluted": 2, "weightedAverageShsOut": 1305538500, "weightedAverageShsOutDil": 1305538500, "link": "https://www.sec.gov/Archives/edgar/data/93410/000009341097000004/0000093410-97-000004-index.html", "finalLink": "https://www.sec.gov/Archives/edgar/data/93410/", "calculatedOtherExpenses": 14131000000, "calculatedOperatingExpenses": 15963000000, "calculatedNetInterest": 0, "calculatedOtherIncome": -364000000, "calculatedIncomeNonControlling": 0, "calculatedEbitda": 7320000000}, {"date": "1995-12-31", "symbol": "CVX", "reportedCurrency": "USD", "cik": "0000093410", "fillingDate": "1996-03-27", "acceptedDate": "1996-03-27 00:00:00", "calendarYear": "1995", "period": "FY", "revenue": 37082000000, "costOfRevenue": 18033000000, "grossProfit": 19049000000, "grossProfitRatio": 0.513699369, "researchAndDevelopmentExpenses": 372000000, "generalAndAdministrativeExpenses": 0, "sellingAndMarketingExpenses": 0, "sellingGeneralAndAdministrativeExpenses": 1384000000, "otherExpenses": 15103000000, "operatingExpenses": 16859000000, "costAndExpenses": 34892000000, "interestIncome": 0, "interestExpense": 0, "depreciationAndAmortization": 3381000000, "ebitda": 5571000000, "ebitdaratio": 0.1502346152, "operatingIncome": 2190000000, "operatingIncomeRatio": 0.0590583032, "totalOtherIncomeExpensesNet": -401000000, "incomeBeforeTax": 1789000000, "incomeBeforeTaxRatio": 0.0482444313, "incomeTaxExpense": 859000000, "netIncome": 930000000, "netIncomeRatio": 0.0250795534, "eps": 0.72, "epsdiluted": 0.72, "weightedAverageShsOut": 1304167608, "weightedAverageShsOutDil": 1304167608, "link": "https://www.sec.gov/Archives/edgar/data/93410/000009341096000003/0000093410-96-000003-index.html", "finalLink": "https://www.sec.gov/Archives/edgar/data/93410/", "calculatedOtherExpenses": 15103000000, "calculatedOperatingExpenses": 16859000000, "calculatedNetInterest": 0, "calculatedOtherIncome": -401000000, "calculatedIncomeNonControlling": 0, "calculatedEbitda": 5571000000}, {"date": "1994-12-31", "symbol": "CVX", "reportedCurrency": "USD", "cik": "0000093410", "fillingDate": "1995-03-30", "acceptedDate": "1995-03-30 00:00:00", "calendarYear": "1994", "period": "FY", "revenue": 35414000000, "costOfRevenue": 16990000000, "grossProfit": 18424000000, "grossProfitRatio": 0.5202462303, "researchAndDevelopmentExpenses": 0, "generalAndAdministrativeExpenses": 0, "sellingAndMarketingExpenses": 0, "sellingGeneralAndAdministrativeExpenses": 963000000, "otherExpenses": 8369000000, "operatingExpenses": 9332000000, "costAndExpenses": 26322000000, "interestIncome": 0, "interestExpense": 346000000, "depreciationAndAmortization": 2431000000, "ebitda": 11523000000, "ebitdaratio": 0.3253797933, "operatingIncome": 9092000000, "operatingIncomeRatio": 0.2567346247, "totalOtherIncomeExpensesNet": -5943000000, "incomeBeforeTax": 2803000000, "incomeBeforeTaxRatio": 0.0791494889, "incomeTaxExpense": 1110000000, "netIncome": 1693000000, "netIncomeRatio": 0.0478059524, "eps": 1.3, "epsdiluted": 1.3, "weightedAverageShsOut": 1303344476, "weightedAverageShsOutDil": 1303344476, "link": "https://www.sec.gov/Archives/edgar/data/93410/000009341095000012/0000093410-95-000012-index.html", "finalLink": "https://www.sec.gov/Archives/edgar/data/93410/", "calculatedOtherExpenses": 8369000000, "calculatedOperatingExpenses": 9332000000, "calculatedNetInterest": -346000000, "calculatedOtherIncome": -5943000000, "calculatedIncomeNonControlling": 0, "calculatedEbitda": 11523000000}, {"date": "1993-12-31", "symbol": "CVX", "reportedCurrency": "USD", "cik": "0000093410", "fillingDate": "1994-03-30", "acceptedDate": "1994-03-30 00:00:00", "calendarYear": "1993", "period": "FY", "revenue": 36642000000, "costOfRevenue": 18007000000, "grossProfit": 18635000000, "grossProfitRatio": 0.5085694012, "researchAndDevelopmentExpenses": 0, "generalAndAdministrativeExpenses": 0, "sellingAndMarketingExpenses": 0, "sellingGeneralAndAdministrativeExpenses": 1530000000, "otherExpenses": 7698000000, "operatingExpenses": 9228000000, "costAndExpenses": 27235000000, "interestIncome": 0, "interestExpense": 317000000, "depreciationAndAmortization": 2452000000, "ebitda": 11859000000, "ebitdaratio": 0.3236449975, "operatingIncome": 9407000000, "operatingIncomeRatio": 0.2567272529, "totalOtherIncomeExpensesNet": -6664000000, "incomeBeforeTax": 2426000000, "incomeBeforeTaxRatio": 0.0662081764, "incomeTaxExpense": 1161000000, "netIncome": 1265000000, "netIncomeRatio": 0.0345232247, "eps": 0.97, "epsdiluted": 0.97, "weightedAverageShsOut": 1301915504, "weightedAverageShsOutDil": 1301915504, "link": "https://www.sec.gov/Archives/edgar/data/93410/000009341094000002/0000093410-94-000002-index.html", "finalLink": "https://www.sec.gov/Archives/edgar/data/93410/", "calculatedOtherExpenses": 7698000000, "calculatedOperatingExpenses": 9228000000, "calculatedNetInterest": -317000000, "calculatedOtherIncome": -6664000000, "calculatedIncomeNonControlling": 0, "calculatedEbitda": 11859000000}, {"date": "1992-12-31", "symbol": "CVX", "reportedCurrency": "USD", "cik": "0000093410", "fillingDate": "1992-12-31", "acceptedDate": "1992-12-30 19:00:00", "calendarYear": "1992", "period": "FY", "revenue": 39271000000, "costOfRevenue": 19872000000, "grossProfit": 19399000000, "grossProfitRatio": 0.4939777444, "researchAndDevelopmentExpenses": 0, "generalAndAdministrativeExpenses": 0, "sellingAndMarketingExpenses": 0, "sellingGeneralAndAdministrativeExpenses": 1761000000, "otherExpenses": 8000000000, "operatingExpenses": 9761000000, "costAndExpenses": 29633000000, "interestIncome": 0, "interestExpense": 436000000, "depreciationAndAmortization": 2594000000, "ebitda": 12232000000, "ebitdaratio": 0.3114766622, "operatingIncome": 9638000000, "operatingIncomeRatio": 0.2454228311, "totalOtherIncomeExpensesNet": -6380000000, "incomeBeforeTax": 2822000000, "incomeBeforeTaxRatio": 0.071859642, "incomeTaxExpense": 1253000000, "netIncome": 1569000000, "netIncomeRatio": 0.0399531461, "eps": 1.16, "epsdiluted": 1.16, "weightedAverageShsOut": 1355909656, "weightedAverageShsOutDil": 1355909656, "link": "", "finalLink": "", "calculatedOtherExpenses": 8000000000, "calculatedOperatingExpenses": 9761000000, "calculatedNetInterest": -436000000, "calculatedOtherIncome": -6380000000, "calculatedIncomeNonControlling": 0, "calculatedEbitda": 12232000000}]}