{"originalCurrency": "USD", "convertedCurrency": "USD", "report": [{"date": "2023-12-31", "symbol": "CW", "reportedCurrency": "USD", "cik": "0000026324", "fillingDate": "2024-02-20", "acceptedDate": "2024-02-20 08:43:26", "calendarYear": "2023", "period": "FY", "revenue": 2845373000, "costOfRevenue": 1778195000, "grossProfit": 1067178000, "grossProfitRatio": 0.3750573299, "researchAndDevelopmentExpenses": 85764000, "generalAndAdministrativeExpenses": 359724000, "sellingAndMarketingExpenses": 137088000, "sellingGeneralAndAdministrativeExpenses": 496812000, "otherExpenses": 29861000, "operatingExpenses": 582576000, "costAndExpenses": 2360771000, "interestIncome": 51393000, "interestExpense": 51393000, "depreciationAndAmortization": 116172000, "ebitda": 630635000, "ebitdaratio": 0.2216352654, "operatingIncome": 484602000, "operatingIncomeRatio": 0.170312293, "totalOtherIncomeExpensesNet": -21532000, "incomeBeforeTax": 463070000, "incomeBeforeTaxRatio": 0.1627449196, "incomeTaxExpense": 108561000, "netIncome": 354509000, "netIncomeRatio": 0.124591398, "eps": 9.26, "epsdiluted": 9.2, "weightedAverageShsOut": 38283000, "weightedAverageShsOutDil": 38529000, "link": "https://www.sec.gov/Archives/edgar/data/26324/000002632424000004/0000026324-24-000004-index.htm", "finalLink": "https://www.sec.gov/Archives/edgar/data/26324/000002632424000004/cw-20231231.htm", "calculatedOtherExpenses": 0, "calculatedOperatingExpenses": 582576000, "calculatedNetInterest": 0, "calculatedOtherIncome": -21532000, "calculatedIncomeNonControlling": 0, "calculatedEbitda": 600774000}, {"date": "2022-12-31", "symbol": "CW", "reportedCurrency": "USD", "cik": "0000026324", "fillingDate": "2023-02-22", "acceptedDate": "2023-02-22 16:50:56", "calendarYear": "2022", "period": "FY", "revenue": 2557025000, "costOfRevenue": 1602416000, "grossProfit": 954609000, "grossProfitRatio": 0.3733279886, "researchAndDevelopmentExpenses": 80836000, "generalAndAdministrativeExpenses": 324093000, "sellingAndMarketingExpenses": 121586000, "sellingGeneralAndAdministrativeExpenses": 445679000, "otherExpenses": 12732000, "operatingExpenses": 526515000, "costAndExpenses": 2128931000, "interestIncome": 46980000, "interestExpense": 46980000, "depreciationAndAmortization": 112027000, "ebitda": 440826000, "ebitdaratio": 0.1723980016, "operatingIncome": 328799000, "operatingIncomeRatio": 0.128586541, "totalOtherIncomeExpensesNet": 60396000, "incomeBeforeTax": 389195000, "incomeBeforeTaxRatio": 0.1522061771, "incomeTaxExpense": 94847000, "netIncome": 294348000, "netIncomeRatio": 0.1151134619, "eps": 7.67, "epsdiluted": 7.62, "weightedAverageShsOut": 38386000, "weightedAverageShsOutDil": 38649000, "link": "https://www.sec.gov/Archives/edgar/data/26324/000002632423000005/0000026324-23-000005-index.htm", "finalLink": "https://www.sec.gov/Archives/edgar/data/26324/000002632423000005/cw-20221231.htm", "calculatedOtherExpenses": 99295000, "calculatedOperatingExpenses": 625810000, "calculatedNetInterest": 0, "calculatedOtherIncome": 60396000, "calculatedIncomeNonControlling": 0, "calculatedEbitda": 440826000}, {"date": "2021-12-31", "symbol": "CW", "reportedCurrency": "USD", "cik": "0000026324", "fillingDate": "2022-02-24", "acceptedDate": "2022-02-24 16:23:38", "calendarYear": "2021", "period": "FY", "revenue": 2505931000, "costOfRevenue": 1572575000, "grossProfit": 933356000, "grossProfitRatio": 0.3724587788, "researchAndDevelopmentExpenses": 88489000, "generalAndAdministrativeExpenses": 326140000, "sellingAndMarketingExpenses": 116956000, "sellingGeneralAndAdministrativeExpenses": 443096000, "otherExpenses": 12067000, "operatingExpenses": 531585000, "costAndExpenses": 2104160000, "interestIncome": 40240000, "interestExpense": 40240000, "depreciationAndAmortization": 114384000, "ebitda": 413838000, "ebitdaratio": 0.1651434138, "operatingIncome": 299454000, "operatingIncomeRatio": 0.1194981027, "totalOtherIncomeExpensesNet": 55056000, "incomeBeforeTax": 354510000, "incomeBeforeTaxRatio": 0.1414683804, "incomeTaxExpense": 87351000, "netIncome": 262829000, "netIncomeRatio": 0.1048827761, "eps": 6.61, "epsdiluted": 6.58, "weightedAverageShsOut": 40417000, "weightedAverageShsOutDil": 40602000, "link": "https://www.sec.gov/Archives/edgar/data/26324/000002632422000004/0000026324-22-000004-index.htm", "finalLink": "https://www.sec.gov/Archives/edgar/data/26324/000002632422000004/cw-20211231.htm", "calculatedOtherExpenses": 102317000, "calculatedOperatingExpenses": 633902000, "calculatedNetInterest": 0, "calculatedOtherIncome": 55056000, "calculatedIncomeNonControlling": 4330000, "calculatedEbitda": 413838000}, {"date": "2020-12-31", "symbol": "CW", "reportedCurrency": "USD", "cik": "0000026324", "fillingDate": "2021-02-25", "acceptedDate": "2021-02-25 13:41:53", "calendarYear": "2020", "period": "FY", "revenue": 2391336000, "costOfRevenue": 1550109000, "grossProfit": 841227000, "grossProfitRatio": 0.3517811801, "researchAndDevelopmentExpenses": 74816000, "generalAndAdministrativeExpenses": 303288000, "sellingAndMarketingExpenses": 109537000, "sellingGeneralAndAdministrativeExpenses": 412825000, "otherExpenses": 9748000, "operatingExpenses": 487641000, "costAndExpenses": 2037750000, "interestIncome": 35545000, "interestExpense": 35545000, "depreciationAndAmortization": 74486000, "ebitda": 363334000, "ebitdaratio": 0.1519376616, "operatingIncome": 288848000, "operatingIncomeRatio": 0.120789383, "totalOtherIncomeExpensesNet": -25797000, "incomeBeforeTax": 263051000, "incomeBeforeTaxRatio": 0.1100016894, "incomeTaxExpense": 61659000, "netIncome": 201392000, "netIncomeRatio": 0.084217358, "eps": 4.83, "epsdiluted": 4.8, "weightedAverageShsOut": 41738000, "weightedAverageShsOutDil": 41999000, "link": "https://www.sec.gov/Archives/edgar/data/26324/000002632421000007/0000026324-21-000007-index.htm", "finalLink": "https://www.sec.gov/Archives/edgar/data/26324/000002632421000007/cw-20201231.htm", "calculatedOtherExpenses": 64738000, "calculatedOperatingExpenses": 552379000, "calculatedNetInterest": 0, "calculatedOtherIncome": -25797000, "calculatedIncomeNonControlling": 0, "calculatedEbitda": 363334000}, {"date": "2019-12-31", "symbol": "CW", "reportedCurrency": "USD", "cik": "0000026324", "fillingDate": "2020-02-27", "acceptedDate": "2020-02-27 13:46:44", "calendarYear": "2019", "period": "FY", "revenue": 2487961000, "costOfRevenue": 1589216000, "grossProfit": 898745000, "grossProfitRatio": 0.3612375757, "researchAndDevelopmentExpenses": 72520000, "generalAndAdministrativeExpenses": 301411000, "sellingAndMarketingExpenses": 120861000, "sellingGeneralAndAdministrativeExpenses": 422272000, "otherExpenses": 23856000, "operatingExpenses": 494792000, "costAndExpenses": 2084008000, "interestIncome": 31347000, "interestExpense": 31347000, "depreciationAndAmortization": 23856000, "ebitda": 427809000, "ebitdaratio": 0.1719516504, "operatingIncome": 403953000, "operatingIncomeRatio": 0.1623630756, "totalOtherIncomeExpensesNet": -7491000, "incomeBeforeTax": 396462000, "incomeBeforeTaxRatio": 0.1593521763, "incomeTaxExpense": 88879000, "netIncome": 307583000, "netIncomeRatio": 0.1236285456, "eps": 7.2, "epsdiluted": 7.15, "weightedAverageShsOut": 42739000, "weightedAverageShsOutDil": 43016000, "link": "https://www.sec.gov/Archives/edgar/data/26324/000002632420000004/0000026324-20-000004-index.htm", "finalLink": "https://www.sec.gov/Archives/edgar/data/26324/000002632420000004/cw-20191231.htm", "calculatedOtherExpenses": 0, "calculatedOperatingExpenses": 494792000, "calculatedNetInterest": 0, "calculatedOtherIncome": -7491000, "calculatedIncomeNonControlling": 0, "calculatedEbitda": 427809000}, {"date": "2018-12-31", "symbol": "CW", "reportedCurrency": "USD", "cik": "0000026324", "fillingDate": "2019-02-27", "acceptedDate": "2019-02-27 14:53:44", "calendarYear": "2018", "period": "FY", "revenue": 2411835000, "costOfRevenue": 1540574000, "grossProfit": 871261000, "grossProfitRatio": 0.361244032, "researchAndDevelopmentExpenses": 64525000, "generalAndAdministrativeExpenses": 306469000, "sellingAndMarketingExpenses": 126641000, "sellingGeneralAndAdministrativeExpenses": 433110000, "otherExpenses": 16596000, "operatingExpenses": 497635000, "costAndExpenses": 2038209000, "interestIncome": 33983000, "interestExpense": 33983000, "depreciationAndAmortization": 102949000, "ebitda": 390222000, "ebitdaratio": 0.1617946501, "operatingIncome": 373626000, "operatingIncomeRatio": 0.1549135824, "totalOtherIncomeExpensesNet": 16596000, "incomeBeforeTax": 356239000, "incomeBeforeTaxRatio": 0.1477045486, "incomeTaxExpense": 80490000, "netIncome": 275749000, "netIncomeRatio": 0.1143316189, "eps": 6.28, "epsdiluted": 6.22, "weightedAverageShsOut": 43892000, "weightedAverageShsOutDil": 44316000, "link": "https://www.sec.gov/Archives/edgar/data/26324/000002632419000003/0000026324-19-000003-index.htm", "finalLink": "https://www.sec.gov/Archives/edgar/data/26324/000002632419000003/a20181231-10k.htm", "calculatedOtherExpenses": 0, "calculatedOperatingExpenses": 497635000, "calculatedNetInterest": 0, "calculatedOtherIncome": -17387000, "calculatedIncomeNonControlling": 0, "calculatedEbitda": 476575000}, {"date": "2017-12-31", "symbol": "CW", "reportedCurrency": "USD", "cik": "0000026324", "fillingDate": "2018-02-22", "acceptedDate": "2018-02-22 16:55:50", "calendarYear": "2017", "period": "FY", "revenue": 2271026000, "costOfRevenue": 1452431000, "grossProfit": 818595000, "grossProfitRatio": 0.3604516197, "researchAndDevelopmentExpenses": 60308000, "generalAndAdministrativeExpenses": 298542000, "sellingAndMarketingExpenses": 120002000, "sellingGeneralAndAdministrativeExpenses": 418544000, "otherExpenses": 1347000, "operatingExpenses": 478852000, "costAndExpenses": 1931283000, "interestIncome": 41471000, "interestExpense": 41471000, "depreciationAndAmortization": 99995000, "ebitda": 341090000, "ebitdaratio": 0.1501920277, "operatingIncome": 339743000, "operatingIncomeRatio": 0.1495989038, "totalOtherIncomeExpensesNet": 1347000, "incomeBeforeTax": 299619000, "incomeBeforeTaxRatio": 0.1319311184, "incomeTaxExpense": 84728000, "netIncome": 214891000, "netIncomeRatio": 0.0946228709, "eps": 4.86, "epsdiluted": 4.8, "weightedAverageShsOut": 44182000, "weightedAverageShsOutDil": 44761000, "link": "https://www.sec.gov/Archives/edgar/data/26324/000002632418000003/0000026324-18-000003-index.htm", "finalLink": "https://www.sec.gov/Archives/edgar/data/26324/000002632418000003/a20171231-10k.htm", "calculatedOtherExpenses": 0, "calculatedOperatingExpenses": 478852000, "calculatedNetInterest": 0, "calculatedOtherIncome": -40124000, "calculatedIncomeNonControlling": 0, "calculatedEbitda": 439738000}, {"date": "2016-12-31", "symbol": "CW", "reportedCurrency": "USD", "cik": "0000026324", "fillingDate": "2017-02-21", "acceptedDate": "2017-02-21 16:26:46", "calendarYear": "2016", "period": "FY", "revenue": 2108931000, "costOfRevenue": 1358448000, "grossProfit": 750483000, "grossProfitRatio": 0.3558594378, "researchAndDevelopmentExpenses": 58592000, "generalAndAdministrativeExpenses": 272565000, "sellingAndMarketingExpenses": 111228000, "sellingGeneralAndAdministrativeExpenses": 383793000, "otherExpenses": 1111000, "operatingExpenses": 442385000, "costAndExpenses": 1800833000, "interestIncome": 41248000, "interestExpense": 41248000, "depreciationAndAmortization": 96008000, "ebitda": 309209000, "ebitdaratio": 0.146618832, "operatingIncome": 308098000, "operatingIncomeRatio": 0.1460920248, "totalOtherIncomeExpensesNet": 1111000, "incomeBeforeTax": 267961000, "incomeBeforeTaxRatio": 0.1270601077, "incomeTaxExpense": 78579000, "netIncome": 187329000, "netIncomeRatio": 0.0888265192, "eps": 4.22, "epsdiluted": 4.15, "weightedAverageShsOut": 44389000, "weightedAverageShsOutDil": 45045000, "link": "https://www.sec.gov/Archives/edgar/data/26324/000002632417000003/0000026324-17-000003-index.htm", "finalLink": "https://www.sec.gov/Archives/edgar/data/26324/000002632417000003/a20161231-10k.htm", "calculatedOtherExpenses": 0, "calculatedOperatingExpenses": 442385000, "calculatedNetInterest": 0, "calculatedOtherIncome": -40137000, "calculatedIncomeNonControlling": 2053000, "calculatedEbitda": 404106000}, {"date": "2015-12-31", "symbol": "CW", "reportedCurrency": "USD", "cik": "0000026324", "fillingDate": "2016-02-25", "acceptedDate": "2016-02-25 12:00:14", "calendarYear": "2015", "period": "FY", "revenue": 2205683000, "costOfRevenue": 1422428000, "grossProfit": 783255000, "grossProfitRatio": 0.3551076923, "researchAndDevelopmentExpenses": 60837000, "generalAndAdministrativeExpenses": 290319000, "sellingAndMarketingExpenses": 121482000, "sellingGeneralAndAdministrativeExpenses": 411801000, "otherExpenses": 615000, "operatingExpenses": 472638000, "costAndExpenses": 1895066000, "interestIncome": 27834000, "interestExpense": 36038000, "depreciationAndAmortization": 100810000, "ebitda": 311232000, "ebitdaratio": 0.1411045921, "operatingIncome": 310617000, "operatingIncomeRatio": 0.1408257669, "totalOtherIncomeExpensesNet": 615000, "incomeBeforeTax": 275194000, "incomeBeforeTaxRatio": 0.1247658888, "incomeTaxExpense": 82946000, "netIncome": 145461000, "netIncomeRatio": 0.06594828, "eps": 3.12, "epsdiluted": 3.05, "weightedAverageShsOut": 46624000, "weightedAverageShsOutDil": 47616000, "link": "https://www.sec.gov/Archives/edgar/data/26324/000002632416000040/0000026324-16-000040-index.htm", "finalLink": "https://www.sec.gov/Archives/edgar/data/26324/000002632416000040/a20151231-10k.htm", "calculatedOtherExpenses": 0, "calculatedOperatingExpenses": 472638000, "calculatedNetInterest": -8204000, "calculatedOtherIncome": -27219000, "calculatedIncomeNonControlling": 46787000, "calculatedEbitda": 411427000}, {"date": "2014-12-31", "symbol": "CW", "reportedCurrency": "USD", "cik": "0000026324", "fillingDate": "2015-02-19", "acceptedDate": "2015-02-19 17:06:21", "calendarYear": "2014", "period": "FY", "revenue": 2243126000, "costOfRevenue": 1466610000, "grossProfit": 776516000, "grossProfitRatio": 0.3461758278, "researchAndDevelopmentExpenses": 67842000, "generalAndAdministrativeExpenses": 298296000, "sellingAndMarketingExpenses": 128005000, "sellingGeneralAndAdministrativeExpenses": 426301000, "otherExpenses": 365000, "operatingExpenses": 494143000, "costAndExpenses": 1960753000, "interestIncome": 8930000, "interestExpense": 35794000, "depreciationAndAmortization": 118931000, "ebitda": 401669000, "ebitdaratio": 0.179066624, "operatingIncome": 282373000, "operatingIncomeRatio": 0.1258836998, "totalOtherIncomeExpensesNet": 365000, "incomeBeforeTax": 246944000, "incomeBeforeTaxRatio": 0.1100892237, "incomeTaxExpense": 76995000, "netIncome": 113338000, "netIncomeRatio": 0.0505268095, "eps": 2.36, "epsdiluted": 2.31, "weightedAverageShsOut": 48019000, "weightedAverageShsOutDil": 49075000, "link": "https://www.sec.gov/Archives/edgar/data/26324/000002632415000004/0000026324-15-000004-index.htm", "finalLink": "https://www.sec.gov/Archives/edgar/data/26324/000002632415000004/a20141231-10k.htm", "calculatedOtherExpenses": 0, "calculatedOperatingExpenses": 494143000, "calculatedNetInterest": -26864000, "calculatedOtherIncome": -8565000, "calculatedIncomeNonControlling": 56611000, "calculatedEbitda": 401304000}, {"date": "2013-12-31", "symbol": "CW", "reportedCurrency": "USD", "cik": "0000026324", "fillingDate": "2014-02-21", "acceptedDate": "2014-02-21 15:45:17", "calendarYear": "2013", "period": "FY", "revenue": 2510771000, "costOfRevenue": 1699678000, "grossProfit": 811093000, "grossProfitRatio": 0.3230453912, "researchAndDevelopmentExpenses": 68874000, "generalAndAdministrativeExpenses": 355264000, "sellingAndMarketingExpenses": 153336000, "sellingGeneralAndAdministrativeExpenses": 508600000, "otherExpenses": 1354000, "operatingExpenses": 577474000, "costAndExpenses": 2277152000, "interestIncome": 86898000, "interestExpense": 37020000, "depreciationAndAmortization": 121497000, "ebitda": 234973000, "ebitdaratio": 0.0935859941, "operatingIncome": 233619000, "operatingIncomeRatio": 0.0930467175, "totalOtherIncomeExpensesNet": 1354000, "incomeBeforeTax": 197953000, "incomeBeforeTaxRatio": 0.0788415192, "incomeTaxExpense": 59972000, "netIncome": 137981000, "netIncomeRatio": 0.0549556292, "eps": 2.94, "epsdiluted": 2.88, "weightedAverageShsOut": 46991000, "weightedAverageShsOutDil": 47912000, "link": "https://www.sec.gov/Archives/edgar/data/26324/000002632414000004/0000026324-14-000004-index.htm", "finalLink": "https://www.sec.gov/Archives/edgar/data/26324/000002632414000004/a20131231-10k.htm", "calculatedOtherExpenses": 0, "calculatedOperatingExpenses": 577474000, "calculatedNetInterest": 49878000, "calculatedOtherIncome": -85544000, "calculatedIncomeNonControlling": 0, "calculatedEbitda": 355116000}, {"date": "2012-12-31", "symbol": "CW", "reportedCurrency": "USD", "cik": "0000026324", "fillingDate": "2013-02-21", "acceptedDate": "2013-02-21 16:59:08", "calendarYear": "2012", "period": "FY", "revenue": 2097716000, "costOfRevenue": 1438973000, "grossProfit": 658743000, "grossProfitRatio": 0.3140286864, "researchAndDevelopmentExpenses": 59712000, "generalAndAdministrativeExpenses": 312384000, "sellingAndMarketingExpenses": 125201000, "sellingGeneralAndAdministrativeExpenses": 437585000, "otherExpenses": 245000, "operatingExpenses": 497297000, "costAndExpenses": 1936270000, "interestIncome": 27043000, "interestExpense": 26329000, "depreciationAndAmortization": 93896000, "ebitda": 255587000, "ebitdaratio": 0.1218406114, "operatingIncome": 161446000, "operatingIncomeRatio": 0.0769627538, "totalOtherIncomeExpensesNet": 245000, "incomeBeforeTax": 135362000, "incomeBeforeTaxRatio": 0.0645282774, "incomeTaxExpense": 43073000, "netIncome": 113844000, "netIncomeRatio": 0.0542704542, "eps": 2.44, "epsdiluted": 2.41, "weightedAverageShsOut": 46743000, "weightedAverageShsOutDil": 47412000, "link": "https://www.sec.gov/Archives/edgar/data/26324/000093041313000998/0000930413-13-000998-index.htm", "finalLink": "https://www.sec.gov/Archives/edgar/data/26324/000093041313000998/c72765_10-k.htm", "calculatedOtherExpenses": 0, "calculatedOperatingExpenses": 497297000, "calculatedNetInterest": 714000, "calculatedOtherIncome": -26798000, "calculatedIncomeNonControlling": -21555000, "calculatedEbitda": 255342000}, {"date": "2011-12-31", "symbol": "CW", "reportedCurrency": "USD", "cik": "0000026324", "fillingDate": "2012-02-24", "acceptedDate": "2012-02-24 17:20:00", "calendarYear": "2011", "period": "FY", "revenue": 2054130000, "costOfRevenue": 1378012000, "grossProfit": 676118000, "grossProfitRatio": 0.3291505406, "researchAndDevelopmentExpenses": 62115000, "generalAndAdministrativeExpenses": 289609000, "sellingAndMarketingExpenses": 119438000, "sellingGeneralAndAdministrativeExpenses": 409047000, "otherExpenses": 0, "operatingExpenses": 471162000, "costAndExpenses": 1849174000, "interestIncome": 0, "interestExpense": 20834000, "depreciationAndAmortization": 88300000, "ebitda": 204956000, "ebitdaratio": 0.0997775214, "operatingIncome": 204956000, "operatingIncomeRatio": 0.0997775214, "totalOtherIncomeExpensesNet": 867000, "incomeBeforeTax": 184989000, "incomeBeforeTaxRatio": 0.0900571045, "incomeTaxExpense": 54566000, "netIncome": 130423000, "netIncomeRatio": 0.0634930603, "eps": 2.81, "epsdiluted": 2.77, "weightedAverageShsOut": 46372000, "weightedAverageShsOutDil": 47013000, "link": "https://www.sec.gov/Archives/edgar/data/26324/000093041312001077/0000930413-12-001077-index.htm", "finalLink": "https://www.sec.gov/Archives/edgar/data/26324/000093041312001077/c68670_10k.htm", "calculatedOtherExpenses": 0, "calculatedOperatingExpenses": 471162000, "calculatedNetInterest": -20834000, "calculatedOtherIncome": 867000, "calculatedIncomeNonControlling": 0, "calculatedEbitda": 293256000}, {"date": "2010-12-31", "symbol": "CW", "reportedCurrency": "USD", "cik": "0000026324", "fillingDate": "2011-02-25", "acceptedDate": "2011-02-24 19:49:10", "calendarYear": "2010", "period": "FY", "revenue": 1893134000, "costOfRevenue": 1271381000, "grossProfit": 621753000, "grossProfitRatio": 0.3284252462, "researchAndDevelopmentExpenses": 54131000, "generalAndAdministrativeExpenses": 276026000, "sellingAndMarketingExpenses": 111773000, "sellingGeneralAndAdministrativeExpenses": 387799000, "otherExpenses": 0, "operatingExpenses": 441930000, "costAndExpenses": 1713311000, "interestIncome": 0, "interestExpense": 22107000, "depreciationAndAmortization": 79946000, "ebitda": 179823000, "ebitdaratio": 0.094986937, "operatingIncome": 179823000, "operatingIncomeRatio": 0.094986937, "totalOtherIncomeExpensesNet": 579000, "incomeBeforeTax": 158295000, "incomeBeforeTaxRatio": 0.0836153172, "incomeTaxExpense": 51697000, "netIncome": 106598000, "netIncomeRatio": 0.0563076887, "eps": 2.33, "epsdiluted": 2.3, "weightedAverageShsOut": 45823000, "weightedAverageShsOutDil": 46322000, "link": "https://www.sec.gov/Archives/edgar/data/26324/000093041311001217/0000930413-11-001217-index.htm", "finalLink": "https://www.sec.gov/Archives/edgar/data/26324/000093041311001217/c64106_10-k.htm", "calculatedOtherExpenses": 0, "calculatedOperatingExpenses": 441930000, "calculatedNetInterest": -22107000, "calculatedOtherIncome": 579000, "calculatedIncomeNonControlling": 0, "calculatedEbitda": 259769000}, {"date": "2009-12-31", "symbol": "CW", "reportedCurrency": "USD", "cik": "0000026324", "fillingDate": "2010-02-24", "acceptedDate": "2010-02-24 17:11:54", "calendarYear": "2009", "period": "FY", "revenue": 1809690000, "costOfRevenue": 1214159000, "grossProfit": 595531000, "grossProfitRatio": 0.3290790135, "researchAndDevelopmentExpenses": 54645000, "generalAndAdministrativeExpenses": 265380000, "sellingAndMarketingExpenses": 106187000, "sellingGeneralAndAdministrativeExpenses": 371567000, "otherExpenses": 0, "operatingExpenses": 426212000, "costAndExpenses": 1640371000, "interestIncome": 0, "interestExpense": 25066000, "depreciationAndAmortization": 76480000, "ebitda": 170325000, "ebitdaratio": 0.0941183297, "operatingIncome": 169319000, "operatingIncomeRatio": 0.0935624333, "totalOtherIncomeExpensesNet": 1006000, "incomeBeforeTax": 145259000, "incomeBeforeTaxRatio": 0.0802673386, "incomeTaxExpense": 50038000, "netIncome": 95221000, "netIncomeRatio": 0.0526172991, "eps": 2.1, "epsdiluted": 2.08, "weightedAverageShsOut": 45237000, "weightedAverageShsOutDil": 45695000, "link": "https://www.sec.gov/Archives/edgar/data/26324/000093041310000953/0000930413-10-000953-index.htm", "finalLink": "https://www.sec.gov/Archives/edgar/data/26324/000093041310000953/c60382_10k.htm", "calculatedOtherExpenses": 0, "calculatedOperatingExpenses": 426212000, "calculatedNetInterest": -25066000, "calculatedOtherIncome": 1006000, "calculatedIncomeNonControlling": 0, "calculatedEbitda": 245799000}, {"date": "2008-12-31", "symbol": "CW", "reportedCurrency": "USD", "cik": "0000026324", "fillingDate": "2009-03-02", "acceptedDate": "2009-03-02 17:25:47", "calendarYear": "2008", "period": "FY", "revenue": 1830140000, "costOfRevenue": 1214061000, "grossProfit": 616079000, "grossProfitRatio": 0.3366294382, "researchAndDevelopmentExpenses": 49615000, "generalAndAdministrativeExpenses": 0, "sellingAndMarketingExpenses": 0, "sellingGeneralAndAdministrativeExpenses": 369902000, "otherExpenses": 0, "operatingExpenses": 419517000, "costAndExpenses": 1633578000, "interestIncome": 0, "interestExpense": 29045000, "depreciationAndAmortization": 74251000, "ebitda": 269228000, "ebitdaratio": 0.1471078715, "operatingIncome": 196562000, "operatingIncomeRatio": 0.1074027124, "totalOtherIncomeExpensesNet": 1585000, "incomeBeforeTax": 169102000, "incomeBeforeTaxRatio": 0.0923983958, "incomeTaxExpense": 59712000, "netIncome": 109390000, "netIncomeRatio": 0.0597713836, "eps": 2.45, "epsdiluted": 2.41, "weightedAverageShsOut": 44716000, "weightedAverageShsOutDil": 45374000, "link": "https://www.sec.gov/Archives/edgar/data/26324/000093041309001137/0000930413-09-001137-index.htm", "finalLink": "https://www.sec.gov/Archives/edgar/data/26324/000093041309001137/c56774_10-k.htm", "calculatedOtherExpenses": 0, "calculatedOperatingExpenses": 419517000, "calculatedNetInterest": -29045000, "calculatedOtherIncome": 1585000, "calculatedIncomeNonControlling": 0, "calculatedEbitda": 270813000}, {"date": "2007-12-31", "symbol": "CW", "reportedCurrency": "USD", "cik": "0000026324", "fillingDate": "2008-02-27", "acceptedDate": "2008-02-27 16:57:37", "calendarYear": "2007", "period": "FY", "revenue": 1592124000, "costOfRevenue": 1068500000, "grossProfit": 523624000, "grossProfitRatio": 0.3288839312, "researchAndDevelopmentExpenses": 47929000, "generalAndAdministrativeExpenses": 0, "sellingAndMarketingExpenses": 0, "sellingGeneralAndAdministrativeExpenses": 296511000, "otherExpenses": 0, "operatingExpenses": 344440000, "costAndExpenses": 1412940000, "interestIncome": 0, "interestExpense": 27382000, "depreciationAndAmortization": 62699000, "ebitda": 239514000, "ebitdaratio": 0.150436775, "operatingIncome": 179184000, "operatingIncomeRatio": 0.1125439978, "totalOtherIncomeExpensesNet": 2369000, "incomeBeforeTax": 154171000, "incomeBeforeTaxRatio": 0.0968335381, "incomeTaxExpense": 49843000, "netIncome": 104328000, "netIncomeRatio": 0.0655275594, "eps": 2.35, "epsdiluted": 2.32, "weightedAverageShsOut": 44394894, "weightedAverageShsOutDil": 44968966, "link": "https://www.sec.gov/Archives/edgar/data/26324/000093041308001248/0000930413-08-001248-index.htm", "finalLink": "https://www.sec.gov/Archives/edgar/data/26324/000093041308001248/c52417_10k.htm", "calculatedOtherExpenses": 0, "calculatedOperatingExpenses": 344440000, "calculatedNetInterest": -27382000, "calculatedOtherIncome": 2369000, "calculatedIncomeNonControlling": 0, "calculatedEbitda": 241883000}, {"date": "2006-12-31", "symbol": "CW", "reportedCurrency": "USD", "cik": "0000026324", "fillingDate": "2007-02-27", "acceptedDate": "2007-02-27 16:14:05", "calendarYear": "2006", "period": "FY", "revenue": 1282155000, "costOfRevenue": 851076000, "grossProfit": 431079000, "grossProfitRatio": 0.3362144203, "researchAndDevelopmentExpenses": 38841000, "generalAndAdministrativeExpenses": 0, "sellingAndMarketingExpenses": 0, "sellingGeneralAndAdministrativeExpenses": 251124000, "otherExpenses": 0, "operatingExpenses": 290451000, "costAndExpenses": 1141527000, "interestIncome": 0, "interestExpense": 22894000, "depreciationAndAmortization": 50791000, "ebitda": 192017000, "ebitdaratio": 0.1497611443, "operatingIncome": 140628000, "operatingIncomeRatio": 0.1096809668, "totalOtherIncomeExpensesNet": -598000, "incomeBeforeTax": 117622000, "incomeBeforeTaxRatio": 0.0917377384, "incomeTaxExpense": 37053000, "netIncome": 80569000, "netIncomeRatio": 0.0628387363, "eps": 1.84, "epsdiluted": 1.82, "weightedAverageShsOut": 43787500, "weightedAverageShsOutDil": 44268681, "link": "https://www.sec.gov/Archives/edgar/data/26324/000093041307001676/0000930413-07-001676-index.htm", "finalLink": "https://www.sec.gov/Archives/edgar/data/26324/000093041307001676/c46896_10-k.htm", "calculatedOtherExpenses": 486000, "calculatedOperatingExpenses": 290451000, "calculatedNetInterest": -22894000, "calculatedOtherIncome": -112000, "calculatedIncomeNonControlling": 0, "calculatedEbitda": 191419000}, {"date": "2005-12-31", "symbol": "CW", "reportedCurrency": "USD", "cik": "0000026324", "fillingDate": "2006-03-07", "acceptedDate": "2006-03-07 17:11:56", "calendarYear": "2005", "period": "FY", "revenue": 1130928000, "costOfRevenue": 740416000, "grossProfit": 390512000, "grossProfitRatio": 0.345302265, "researchAndDevelopmentExpenses": 39681000, "generalAndAdministrativeExpenses": 0, "sellingAndMarketingExpenses": 0, "sellingGeneralAndAdministrativeExpenses": 214669000, "otherExpenses": 0, "operatingExpenses": 252530000, "costAndExpenses": 992946000, "interestIncome": 0, "interestExpense": 19983000, "depreciationAndAmortization": 47851000, "ebitda": 183714000, "ebitdaratio": 0.1624453546, "operatingIncome": 137982000, "operatingIncomeRatio": 0.1220077671, "totalOtherIncomeExpensesNet": 2119000, "incomeBeforeTax": 118298000, "incomeBeforeTaxRatio": 0.1046025919, "incomeTaxExpense": 43018000, "netIncome": 75280000, "netIncomeRatio": 0.0665648034, "eps": 1.74, "epsdiluted": 1.72, "weightedAverageShsOut": 43264368, "weightedAverageShsOutDil": 43767442, "link": "https://www.sec.gov/Archives/edgar/data/26324/000095011706001076/0000950117-06-001076-index.htm", "finalLink": "https://www.sec.gov/Archives/edgar/data/26324/000095011706001076/a41425.htm", "calculatedOtherExpenses": -1820000, "calculatedOperatingExpenses": 252530000, "calculatedNetInterest": -19983000, "calculatedOtherIncome": 299000, "calculatedIncomeNonControlling": 0, "calculatedEbitda": 185833000}, {"date": "2004-12-31", "symbol": "CW", "reportedCurrency": "USD", "cik": "0000026324", "fillingDate": "2005-03-16", "acceptedDate": "2005-03-16 16:18:47", "calendarYear": "2004", "period": "FY", "revenue": 955039000, "costOfRevenue": 624536000, "grossProfit": 330503000, "grossProfitRatio": 0.3460623074, "researchAndDevelopmentExpenses": 33825000, "generalAndAdministrativeExpenses": 0, "sellingAndMarketingExpenses": 0, "sellingGeneralAndAdministrativeExpenses": 185459000, "otherExpenses": 0, "operatingExpenses": 219784000, "costAndExpenses": 844320000, "interestIncome": 0, "interestExpense": 12031000, "depreciationAndAmortization": 40742000, "ebitda": 151896000, "ebitdaratio": 0.159046908, "operatingIncome": 110719000, "operatingIncomeRatio": 0.1159313913, "totalOtherIncomeExpensesNet": -435000, "incomeBeforeTax": 98753000, "incomeBeforeTaxRatio": 0.10340206, "incomeTaxExpense": 33687000, "netIncome": 65066000, "netIncomeRatio": 0.0681291549, "eps": 1.54, "epsdiluted": 1.51, "weightedAverageShsOut": 42388274, "weightedAverageShsOutDil": 43090066, "link": "https://www.sec.gov/Archives/edgar/data/26324/000095011705000989/0000950117-05-000989-index.htm", "finalLink": "https://www.sec.gov/Archives/edgar/data/26324/000095011705000989/a39401.htm", "calculatedOtherExpenses": 500000, "calculatedOperatingExpenses": 219784000, "calculatedNetInterest": -12031000, "calculatedOtherIncome": 65000, "calculatedIncomeNonControlling": 0, "calculatedEbitda": 151461000}, {"date": "2003-12-31", "symbol": "CW", "reportedCurrency": "USD", "cik": "0000026324", "fillingDate": "2004-03-10", "acceptedDate": "2004-03-10 17:28:28", "calendarYear": "2003", "period": "FY", "revenue": 746071000, "costOfRevenue": 505153000, "grossProfit": 240918000, "grossProfitRatio": 0.3229156474, "researchAndDevelopmentExpenses": 22111000, "generalAndAdministrativeExpenses": 0, "sellingAndMarketingExpenses": 0, "sellingGeneralAndAdministrativeExpenses": 131088000, "otherExpenses": 0, "operatingExpenses": 151588000, "costAndExpenses": 656741000, "interestIncome": 0, "interestExpense": 5663000, "depreciationAndAmortization": 31327000, "ebitda": 118657000, "ebitdaratio": 0.159042504, "operatingIncome": 89330000, "operatingIncomeRatio": 0.1197339127, "totalOtherIncomeExpensesNet": 2000000, "incomeBeforeTax": 84056000, "incomeBeforeTaxRatio": 0.1126648804, "incomeTaxExpense": 31788000, "netIncome": 52268000, "netIncomeRatio": 0.0700576755, "eps": 1.26, "epsdiluted": 1.25, "weightedAverageShsOut": 41318577, "weightedAverageShsOutDil": 41814400, "link": "https://www.sec.gov/Archives/edgar/data/26324/000095011704000943/0000950117-04-000943-index.htm", "finalLink": "https://www.sec.gov/Archives/edgar/data/26324/000095011704000943/a37214.txt", "calculatedOtherExpenses": -1611000, "calculatedOperatingExpenses": 151588000, "calculatedNetInterest": -5663000, "calculatedOtherIncome": 389000, "calculatedIncomeNonControlling": 0, "calculatedEbitda": 120657000}, {"date": "2002-12-31", "symbol": "CW", "reportedCurrency": "USD", "cik": "0000026324", "fillingDate": "2003-03-31", "acceptedDate": "2003-03-28 21:35:43", "calendarYear": "2002", "period": "FY", "revenue": 513278000, "costOfRevenue": 337192000, "grossProfit": 176086000, "grossProfitRatio": 0.3430616547, "researchAndDevelopmentExpenses": 11624000, "generalAndAdministrativeExpenses": 0, "sellingAndMarketingExpenses": 0, "sellingGeneralAndAdministrativeExpenses": 102633000, "otherExpenses": 0, "operatingExpenses": 114257000, "costAndExpenses": 451449000, "interestIncome": 0, "interestExpense": 1810000, "depreciationAndAmortization": 18693000, "ebitda": 68806000, "ebitdaratio": 0.1340521121, "operatingIncome": 61829000, "operatingIncomeRatio": 0.1204590884, "totalOtherIncomeExpensesNet": 11716000, "incomeBeforeTax": 71735000, "incomeBeforeTaxRatio": 0.1397585714, "incomeTaxExpense": 26599000, "netIncome": 45136000, "netIncomeRatio": 0.0879367516, "eps": 1.11, "epsdiluted": 1.08, "weightedAverageShsOut": 40847059, "weightedAverageShsOutDil": 41792593, "link": "https://www.sec.gov/Archives/edgar/data/26324/000095011703001209/0000950117-03-001209-index.htm", "finalLink": "https://www.sec.gov/Archives/edgar/data/26324/000095011703001209/a34869.txt", "calculatedOtherExpenses": 0, "calculatedOperatingExpenses": 114257000, "calculatedNetInterest": -1810000, "calculatedOtherIncome": 11716000, "calculatedIncomeNonControlling": 0, "calculatedEbitda": 80522000}, {"date": "2001-12-31", "symbol": "CW", "reportedCurrency": "USD", "cik": "0000026324", "fillingDate": "2002-03-18", "acceptedDate": "2002-03-18 00:00:00", "calendarYear": "2001", "period": "FY", "revenue": 343167000, "costOfRevenue": 215350000, "grossProfit": 127817000, "grossProfitRatio": 0.3724629699, "researchAndDevelopmentExpenses": 4383000, "generalAndAdministrativeExpenses": 0, "sellingAndMarketingExpenses": 0, "sellingGeneralAndAdministrativeExpenses": 79256000, "otherExpenses": 0, "operatingExpenses": 80659000, "costAndExpenses": 296009000, "interestIncome": 0, "interestExpense": 1180000, "depreciationAndAmortization": 14734000, "ebitda": 2693000, "ebitdaratio": 0.0078474912, "operatingIncome": 47158000, "operatingIncomeRatio": 0.1374199734, "totalOtherIncomeExpensesNet": 59199000, "incomeBeforeTax": 102197000, "incomeBeforeTaxRatio": 0.2978054417, "incomeTaxExpense": 39317000, "netIncome": 62880000, "netIncomeRatio": 0.1832344019, "eps": 1.56, "epsdiluted": 1.54, "weightedAverageShsOut": 40243200, "weightedAverageShsOutDil": 40964169, "link": "https://www.sec.gov/Archives/edgar/data/26324/000095011702000522/0000950117-02-000522-index.htm", "finalLink": "https://www.sec.gov/Archives/edgar/data/26324/000095011702000522/a32207.txt", "calculatedOtherExpenses": -2980000, "calculatedOperatingExpenses": 80659000, "calculatedNetInterest": -1180000, "calculatedOtherIncome": 56219000, "calculatedIncomeNonControlling": 0, "calculatedEbitda": 61892000}, {"date": "2000-12-31", "symbol": "CW", "reportedCurrency": "USD", "cik": "0000026324", "fillingDate": "2001-03-19", "acceptedDate": "2001-03-19 00:00:00", "calendarYear": "2000", "period": "FY", "revenue": 329575000, "costOfRevenue": 194259000, "grossProfit": 135316000, "grossProfitRatio": 0.4105772586, "researchAndDevelopmentExpenses": 3443000, "generalAndAdministrativeExpenses": 0, "sellingAndMarketingExpenses": 0, "sellingGeneralAndAdministrativeExpenses": 65342000, "otherExpenses": 0, "operatingExpenses": 83131000, "costAndExpenses": 277390000, "interestIncome": 0, "interestExpense": 1743000, "depreciationAndAmortization": 14346000, "ebitda": 51002000, "ebitdaratio": 0.1547508154, "operatingIncome": 52185000, "operatingIncomeRatio": 0.1583402867, "totalOtherIncomeExpensesNet": 15529000, "incomeBeforeTax": 65971000, "incomeBeforeTaxRatio": 0.2001699158, "incomeTaxExpense": 24897000, "netIncome": 41074000, "netIncomeRatio": 0.1246271714, "eps": 1.02, "epsdiluted": 1.01, "weightedAverageShsOut": 40072195, "weightedAverageShsOutDil": 40768238, "link": "https://www.sec.gov/Archives/edgar/data/26324/000002632401500003/0000026324-01-500003-index.htm", "finalLink": "https://www.sec.gov/Archives/edgar/data/26324/000002632401500003/r10k-123100.txt", "calculatedOtherExpenses": 14346000, "calculatedOperatingExpenses": 83131000, "calculatedNetInterest": -1743000, "calculatedOtherIncome": 15529000, "calculatedIncomeNonControlling": 0, "calculatedEbitda": 66531000}, {"date": "1999-12-31", "symbol": "CW", "reportedCurrency": "USD", "cik": "0000026324", "fillingDate": "2000-03-20", "acceptedDate": "2000-03-20 00:00:00", "calendarYear": "1999", "period": "FY", "revenue": 293300000, "costOfRevenue": 178000000, "grossProfit": 115300000, "grossProfitRatio": 0.3931128537, "researchAndDevelopmentExpenses": 2800000, "generalAndAdministrativeExpenses": 0, "sellingAndMarketingExpenses": 0, "sellingGeneralAndAdministrativeExpenses": 48400000, "otherExpenses": 0, "operatingExpenses": 64100000, "costAndExpenses": 242100000, "interestIncome": 0, "interestExpense": 0, "depreciationAndAmortization": 12900000, "ebitda": 50600000, "ebitdaratio": 0.1725196045, "operatingIncome": 51200000, "operatingIncomeRatio": 0.1745652915, "totalOtherIncomeExpensesNet": 13500000, "incomeBeforeTax": 63300000, "incomeBeforeTaxRatio": 0.2158199795, "incomeTaxExpense": 24300000, "netIncome": 39000000, "netIncomeRatio": 0.1329696556, "eps": 0.97, "epsdiluted": 0.96, "weightedAverageShsOut": 40414508, "weightedAverageShsOutDil": 40837696, "link": "https://www.sec.gov/Archives/edgar/data/26324/000002632400000001/0000026324-00-000001-index.html", "finalLink": "https://www.sec.gov/Archives/edgar/data/26324/000002632400000001/", "calculatedOtherExpenses": 12900000, "calculatedOperatingExpenses": 64100000, "calculatedNetInterest": 0, "calculatedOtherIncome": 12100000, "calculatedIncomeNonControlling": 0, "calculatedEbitda": 64100000}, {"date": "1998-12-31", "symbol": "CW", "reportedCurrency": "USD", "cik": "0000026324", "fillingDate": "1999-03-31", "acceptedDate": "1999-03-31 00:00:00", "calendarYear": "1998", "period": "FY", "revenue": 249400000, "costOfRevenue": 157700000, "grossProfit": 91700000, "grossProfitRatio": 0.3676824379, "researchAndDevelopmentExpenses": 1300000, "generalAndAdministrativeExpenses": 0, "sellingAndMarketingExpenses": 0, "sellingGeneralAndAdministrativeExpenses": 44300000, "otherExpenses": 0, "operatingExpenses": 55300000, "costAndExpenses": 213000000, "interestIncome": 0, "interestExpense": 500000, "depreciationAndAmortization": 9700000, "ebitda": 34400000, "ebitdaratio": 0.1379310345, "operatingIncome": 36400000, "operatingIncomeRatio": 0.1459502807, "totalOtherIncomeExpensesNet": 11700000, "incomeBeforeTax": 47600000, "incomeBeforeTaxRatio": 0.1908580593, "incomeTaxExpense": 18500000, "netIncome": 29100000, "netIncomeRatio": 0.1166800321, "eps": 0.71, "epsdiluted": 0.71, "weightedAverageShsOut": 40842105, "weightedAverageShsOutDil": 41276596, "link": "https://www.sec.gov/Archives/edgar/data/26324/000002632499000001/0000026324-99-000001-index.html", "finalLink": "https://www.sec.gov/Archives/edgar/data/26324/", "calculatedOtherExpenses": 9700000, "calculatedOperatingExpenses": 55300000, "calculatedNetInterest": -500000, "calculatedOtherIncome": 11700000, "calculatedIncomeNonControlling": 0, "calculatedEbitda": 46100000}, {"date": "1997-12-31", "symbol": "CW", "reportedCurrency": "USD", "cik": "0000026324", "fillingDate": "1998-03-24", "acceptedDate": "1998-03-24 00:00:00", "calendarYear": "1997", "period": "FY", "revenue": 219400000, "costOfRevenue": 134600000, "grossProfit": 84800000, "grossProfitRatio": 0.38650866, "researchAndDevelopmentExpenses": 1900000, "generalAndAdministrativeExpenses": 0, "sellingAndMarketingExpenses": 0, "sellingGeneralAndAdministrativeExpenses": 40500000, "otherExpenses": 0, "operatingExpenses": 51500000, "costAndExpenses": 186100000, "interestIncome": 0, "interestExpense": 0, "depreciationAndAmortization": 9100000, "ebitda": 33400000, "ebitdaratio": 0.1522333637, "operatingIncome": 33300000, "operatingIncomeRatio": 0.1517775752, "totalOtherIncomeExpensesNet": 9000000, "incomeBeforeTax": 41900000, "incomeBeforeTaxRatio": 0.1909753874, "incomeTaxExpense": 14000000, "netIncome": 27900000, "netIncomeRatio": 0.1271649954, "eps": 0.69, "epsdiluted": 0.68, "weightedAverageShsOut": 40729927, "weightedAverageShsOutDil": 41180812, "link": "https://www.sec.gov/Archives/edgar/data/26324/000002632498000001/0000026324-98-000001-index.html", "finalLink": "https://www.sec.gov/Archives/edgar/data/26324/", "calculatedOtherExpenses": 9100000, "calculatedOperatingExpenses": 51500000, "calculatedNetInterest": 0, "calculatedOtherIncome": 8600000, "calculatedIncomeNonControlling": 0, "calculatedEbitda": 42400000}, {"date": "1996-12-31", "symbol": "CW", "reportedCurrency": "USD", "cik": "0000026324", "fillingDate": "1997-03-17", "acceptedDate": "1997-03-17 00:00:00", "calendarYear": "1996", "period": "FY", "revenue": 170500000, "costOfRevenue": 108200000, "grossProfit": 62300000, "grossProfitRatio": 0.3653958944, "researchAndDevelopmentExpenses": 0, "generalAndAdministrativeExpenses": 0, "sellingAndMarketingExpenses": 0, "sellingGeneralAndAdministrativeExpenses": 34300000, "otherExpenses": 0, "operatingExpenses": 43200000, "costAndExpenses": 151400000, "interestIncome": 0, "interestExpense": 400000, "depreciationAndAmortization": 8900000, "ebitda": 22700000, "ebitdaratio": 0.1331378299, "operatingIncome": 19100000, "operatingIncomeRatio": 0.1120234604, "totalOtherIncomeExpensesNet": 5300000, "incomeBeforeTax": 24100000, "incomeBeforeTaxRatio": 0.1413489736, "incomeTaxExpense": 8000000, "netIncome": 16100000, "netIncomeRatio": 0.0944281525, "eps": 0.4, "epsdiluted": 0.4, "weightedAverageShsOut": 40503145, "weightedAverageShsOutDil": 40759494, "link": "https://www.sec.gov/Archives/edgar/data/26324/000002632497000001/0000026324-97-000001-index.html", "finalLink": "https://www.sec.gov/Archives/edgar/data/26324/", "calculatedOtherExpenses": 8900000, "calculatedOperatingExpenses": 43200000, "calculatedNetInterest": -400000, "calculatedOtherIncome": 5400000, "calculatedIncomeNonControlling": 0, "calculatedEbitda": 28000000}, {"date": "1995-12-31", "symbol": "CW", "reportedCurrency": "USD", "cik": "0000026324", "fillingDate": "1996-03-22", "acceptedDate": "1996-03-22 00:00:00", "calendarYear": "1995", "period": "FY", "revenue": 154400000, "costOfRevenue": 96200000, "grossProfit": 58200000, "grossProfitRatio": 0.3769430052, "researchAndDevelopmentExpenses": 0, "generalAndAdministrativeExpenses": 0, "sellingAndMarketingExpenses": 0, "sellingGeneralAndAdministrativeExpenses": 33800000, "otherExpenses": 0, "operatingExpenses": 43300000, "costAndExpenses": 139500000, "interestIncome": 0, "interestExpense": 500000, "depreciationAndAmortization": 9500000, "ebitda": 11300000, "ebitdaratio": 0.0731865285, "operatingIncome": 14900000, "operatingIncomeRatio": 0.0965025907, "totalOtherIncomeExpensesNet": 13100000, "incomeBeforeTax": 27500000, "incomeBeforeTaxRatio": 0.1781088083, "incomeTaxExpense": 9300000, "netIncome": 18200000, "netIncomeRatio": 0.1178756477, "eps": 0.45, "epsdiluted": 0.45, "weightedAverageShsOut": 40670391, "weightedAverageShsOutDil": 40898876, "link": "https://www.sec.gov/Archives/edgar/data/26324/000002632496000001/0000026324-96-000001-index.html", "finalLink": "https://www.sec.gov/Archives/edgar/data/26324/", "calculatedOtherExpenses": 9500000, "calculatedOperatingExpenses": 43300000, "calculatedNetInterest": -500000, "calculatedOtherIncome": 13100000, "calculatedIncomeNonControlling": 0, "calculatedEbitda": 24400000}, {"date": "1994-12-31", "symbol": "CW", "reportedCurrency": "USD", "cik": "0000026324", "fillingDate": "1995-03-31", "acceptedDate": "1995-03-31 00:00:00", "calendarYear": "1994", "period": "FY", "revenue": 162900000, "costOfRevenue": 95900000, "grossProfit": 67000000, "grossProfitRatio": 0.4112952732, "researchAndDevelopmentExpenses": 0, "generalAndAdministrativeExpenses": 0, "sellingAndMarketingExpenses": 0, "sellingGeneralAndAdministrativeExpenses": 30200000, "otherExpenses": 0, "operatingExpenses": 41100000, "costAndExpenses": 137000000, "interestIncome": 0, "interestExpense": 400000, "depreciationAndAmortization": 10900000, "ebitda": 33500000, "ebitdaratio": 0.2056476366, "operatingIncome": 25900000, "operatingIncomeRatio": 0.1589932474, "totalOtherIncomeExpensesNet": 3300000, "incomeBeforeTax": 28700000, "incomeBeforeTaxRatio": 0.1761817066, "incomeTaxExpense": 9200000, "netIncome": 19300000, "netIncomeRatio": 0.1184775936, "eps": 0.48, "epsdiluted": 0.48, "weightedAverageShsOut": 40524934, "weightedAverageShsOutDil": 40524934, "link": "https://www.sec.gov/Archives/edgar/data/26324/000002632495000002/0000026324-95-000002-index.html", "finalLink": "https://www.sec.gov/Archives/edgar/data/26324/", "calculatedOtherExpenses": 10900000, "calculatedOperatingExpenses": 41100000, "calculatedNetInterest": -400000, "calculatedOtherIncome": 3200000, "calculatedIncomeNonControlling": 200000, "calculatedEbitda": 36800000}, {"date": "1993-12-31", "symbol": "CW", "reportedCurrency": "USD", "cik": "0000026324", "fillingDate": "1993-12-31", "acceptedDate": "1993-12-30 19:00:00", "calendarYear": "1993", "period": "FY", "revenue": 158900000, "costOfRevenue": 101100000, "grossProfit": 57800000, "grossProfitRatio": 0.3637507867, "researchAndDevelopmentExpenses": 0, "generalAndAdministrativeExpenses": 0, "sellingAndMarketingExpenses": 0, "sellingGeneralAndAdministrativeExpenses": 55900000, "otherExpenses": 0, "operatingExpenses": 67400000, "costAndExpenses": 168500000, "interestIncome": 0, "interestExpense": 500000, "depreciationAndAmortization": 11500000, "ebitda": -9500000, "ebitdaratio": -0.0597860289, "operatingIncome": -9600000, "operatingIncomeRatio": -0.0604153556, "totalOtherIncomeExpensesNet": 11400000, "incomeBeforeTax": 1300000, "incomeBeforeTaxRatio": 0.0081812461, "incomeTaxExpense": 4300000, "netIncome": -5700000, "netIncomeRatio": -0.0358716174, "eps": -0.14, "epsdiluted": -0.14, "weightedAverageShsOut": 40714286, "weightedAverageShsOutDil": 40714286, "link": null, "finalLink": null, "calculatedOtherExpenses": 11500000, "calculatedOperatingExpenses": 67400000, "calculatedNetInterest": -500000, "calculatedOtherIncome": 11400000, "calculatedIncomeNonControlling": 2700000, "calculatedEbitda": 1900000}, {"date": "1992-12-31", "symbol": "CW", "reportedCurrency": "USD", "cik": "0000026324", "fillingDate": "1992-12-31", "acceptedDate": "1992-12-30 19:00:00", "calendarYear": "1992", "period": "FY", "revenue": 179700000, "costOfRevenue": 111200000, "grossProfit": 68500000, "grossProfitRatio": 0.3811908737, "researchAndDevelopmentExpenses": 0, "generalAndAdministrativeExpenses": 0, "sellingAndMarketingExpenses": 0, "sellingGeneralAndAdministrativeExpenses": 35900000, "otherExpenses": 0, "operatingExpenses": 47800000, "costAndExpenses": 159000000, "interestIncome": 0, "interestExpense": 1300000, "depreciationAndAmortization": 11900000, "ebitda": 19200000, "ebitdaratio": 0.1068447412, "operatingIncome": 20700000, "operatingIncomeRatio": 0.1151919866, "totalOtherIncomeExpensesNet": 13400000, "incomeBeforeTax": 32700000, "incomeBeforeTaxRatio": 0.1819699499, "incomeTaxExpense": 11000000, "netIncome": 21700000, "netIncomeRatio": 0.1207568169, "eps": 0.54, "epsdiluted": 0.54, "weightedAverageShsOut": 40372093, "weightedAverageShsOutDil": 40372093, "link": null, "finalLink": null, "calculatedOtherExpenses": 11900000, "calculatedOperatingExpenses": 47800000, "calculatedNetInterest": -1300000, "calculatedOtherIncome": 13300000, "calculatedIncomeNonControlling": 0, "calculatedEbitda": 32600000}, {"date": "1991-12-31", "symbol": "CW", "reportedCurrency": "USD", "cik": "0000026324", "fillingDate": "1991-12-31", "acceptedDate": "1991-12-30 19:00:00", "calendarYear": "1991", "period": "FY", "revenue": 191300000, "costOfRevenue": 117900000, "grossProfit": 73400000, "grossProfitRatio": 0.3836905384, "researchAndDevelopmentExpenses": 0, "generalAndAdministrativeExpenses": 0, "sellingAndMarketingExpenses": 0, "sellingGeneralAndAdministrativeExpenses": 39500000, "otherExpenses": 0, "operatingExpenses": 51700000, "costAndExpenses": 169600000, "interestIncome": 0, "interestExpense": 1600000, "depreciationAndAmortization": 12200000, "ebitda": 22000000, "ebitdaratio": 0.1150026137, "operatingIncome": 21700000, "operatingIncomeRatio": 0.1134343962, "totalOtherIncomeExpensesNet": 11900000, "incomeBeforeTax": 32000000, "incomeBeforeTaxRatio": 0.167276529, "incomeTaxExpense": 10700000, "netIncome": 21300000, "netIncomeRatio": 0.1113434396, "eps": 0.53, "epsdiluted": 0.53, "weightedAverageShsOut": 40379147, "weightedAverageShsOutDil": 40379147, "link": null, "finalLink": null, "calculatedOtherExpenses": 12200000, "calculatedOperatingExpenses": 51700000, "calculatedNetInterest": -1600000, "calculatedOtherIncome": 11900000, "calculatedIncomeNonControlling": 0, "calculatedEbitda": 33900000}, {"date": "1990-12-31", "symbol": "CW", "reportedCurrency": "USD", "cik": "0000026324", "fillingDate": "1990-12-31", "acceptedDate": "1990-12-30 19:00:00", "calendarYear": "1990", "period": "FY", "revenue": 198900000, "costOfRevenue": 120900000, "grossProfit": 78000000, "grossProfitRatio": 0.3921568627, "researchAndDevelopmentExpenses": 0, "generalAndAdministrativeExpenses": 0, "sellingAndMarketingExpenses": 0, "sellingGeneralAndAdministrativeExpenses": 47700000, "otherExpenses": 0, "operatingExpenses": 59500000, "costAndExpenses": 180400000, "interestIncome": 0, "interestExpense": 3400000, "depreciationAndAmortization": 11800000, "ebitda": 38100000, "ebitdaratio": 0.1915535445, "operatingIncome": 18500000, "operatingIncomeRatio": 0.0930115636, "totalOtherIncomeExpensesNet": -7800000, "incomeBeforeTax": 7300000, "incomeBeforeTaxRatio": 0.0367018602, "incomeTaxExpense": 400000, "netIncome": 6900000, "netIncomeRatio": 0.0346907994, "eps": 0.17, "epsdiluted": 0.17, "weightedAverageShsOut": 40000000, "weightedAverageShsOutDil": 40000000, "link": null, "finalLink": null, "calculatedOtherExpenses": 11800000, "calculatedOperatingExpenses": 59500000, "calculatedNetInterest": -3400000, "calculatedOtherIncome": -7800000, "calculatedIncomeNonControlling": 0, "calculatedEbitda": 30300000}, {"date": "1989-12-31", "symbol": "CW", "reportedCurrency": "USD", "cik": "0000026324", "fillingDate": "1989-12-31", "acceptedDate": "1989-12-30 19:00:00", "calendarYear": "1989", "period": "FY", "revenue": 187100000, "costOfRevenue": 113700000, "grossProfit": 73400000, "grossProfitRatio": 0.392303581, "researchAndDevelopmentExpenses": 0, "generalAndAdministrativeExpenses": 0, "sellingAndMarketingExpenses": 0, "sellingGeneralAndAdministrativeExpenses": 47300000, "otherExpenses": 0, "operatingExpenses": 58600000, "costAndExpenses": 172300000, "interestIncome": 0, "interestExpense": 2800000, "depreciationAndAmortization": 11300000, "ebitda": 900000, "ebitdaratio": 0.0048102619, "operatingIncome": 14800000, "operatingIncomeRatio": 0.0791020844, "totalOtherIncomeExpensesNet": 25200000, "incomeBeforeTax": 37300000, "incomeBeforeTaxRatio": 0.1993586317, "incomeTaxExpense": 15100000, "netIncome": 22200000, "netIncomeRatio": 0.1186531267, "eps": 0.55, "epsdiluted": 0.55, "weightedAverageShsOut": 40180995, "weightedAverageShsOutDil": 40180995, "link": null, "finalLink": null, "calculatedOtherExpenses": 11300000, "calculatedOperatingExpenses": 58600000, "calculatedNetInterest": -2800000, "calculatedOtherIncome": 25300000, "calculatedIncomeNonControlling": 0, "calculatedEbitda": 26100000}]}