{"originalCurrency": "USD", "convertedCurrency": "USD", "report": [{"date": "2023-12-31", "symbol": "CWEN", "reportedCurrency": "USD", "cik": "0001567683", "fillingDate": "2024-02-22", "acceptedDate": "2024-02-22 16:38:24", "calendarYear": "2023", "period": "FY", "revenue": 1314000000, "costOfRevenue": 473000000, "grossProfit": 841000000, "grossProfitRatio": 0.6400304414, "researchAndDevelopmentExpenses": 0, "generalAndAdministrativeExpenses": 36000000, "sellingAndMarketingExpenses": 0, "sellingGeneralAndAdministrativeExpenses": 36000000, "otherExpenses": 52000000, "operatingExpenses": 562000000, "costAndExpenses": 1035000000, "interestIncome": 0, "interestExpense": 337000000, "depreciationAndAmortization": 711000000, "ebitda": 1054000000, "ebitdaratio": 0.802130898, "operatingIncome": 263000000, "operatingIncomeRatio": 0.200152207, "totalOtherIncomeExpensesNet": 42000000, "incomeBeforeTax": -16000000, "incomeBeforeTaxRatio": -0.0121765601, "incomeTaxExpense": -2000000, "netIncome": 79000000, "netIncomeRatio": 0.0601217656, "eps": 0.68, "epsdiluted": 0.68, "weightedAverageShsOut": 117000000, "weightedAverageShsOutDil": 117000000, "link": "https://www.sec.gov/Archives/edgar/data/1567683/000156768324000007/0001567683-24-000007-index.htm", "finalLink": "https://www.sec.gov/Archives/edgar/data/1567683/000156768324000007/cwen-20231231.htm", "calculatedOtherExpenses": 542000000, "calculatedOperatingExpenses": 578000000, "calculatedNetInterest": -337000000, "calculatedOtherIncome": 58000000, "calculatedIncomeNonControlling": -93000000, "calculatedEbitda": 974000000}, {"date": "2022-12-31", "symbol": "CWEN", "reportedCurrency": "USD", "cik": "0001567683", "fillingDate": "2023-02-23", "acceptedDate": "2023-02-23 16:54:44", "calendarYear": "2022", "period": "FY", "revenue": 1190000000, "costOfRevenue": 435000000, "grossProfit": 755000000, "grossProfitRatio": 0.6344537815, "researchAndDevelopmentExpenses": 2000000, "generalAndAdministrativeExpenses": 40000000, "sellingAndMarketingExpenses": 0, "sellingGeneralAndAdministrativeExpenses": 40000000, "otherExpenses": 512000000, "operatingExpenses": 554000000, "costAndExpenses": 989000000, "interestIncome": 232000000, "interestExpense": 232000000, "depreciationAndAmortization": 684000000, "ebitda": 931000000, "ebitdaratio": 0.7823529412, "operatingIncome": 247000000, "operatingIncomeRatio": 0.2075630252, "totalOtherIncomeExpensesNet": 1035000000, "incomeBeforeTax": 1282000000, "incomeBeforeTaxRatio": 1.0773109244, "incomeTaxExpense": 222000000, "netIncome": 1060000000, "netIncomeRatio": 0.8907563025, "eps": 9.06, "epsdiluted": 9.06, "weightedAverageShsOut": 117000000, "weightedAverageShsOutDil": 117000000, "link": "https://www.sec.gov/Archives/edgar/data/1567683/000156768323000011/0001567683-23-000011-index.htm", "finalLink": "https://www.sec.gov/Archives/edgar/data/1567683/000156768323000011/cwen-20221231.htm", "calculatedOtherExpenses": 466000000, "calculatedOperatingExpenses": 508000000, "calculatedNetInterest": 0, "calculatedOtherIncome": 1035000000, "calculatedIncomeNonControlling": 0, "calculatedEbitda": 931000000}, {"date": "2021-12-31", "symbol": "CWEN", "reportedCurrency": "USD", "cik": "0001567683", "fillingDate": "2022-02-28", "acceptedDate": "2022-02-25 19:03:34", "calendarYear": "2021", "period": "FY", "revenue": 1286000000, "costOfRevenue": 451000000, "grossProfit": 835000000, "grossProfitRatio": 0.6493001555, "researchAndDevelopmentExpenses": 6000000, "generalAndAdministrativeExpenses": 40000000, "sellingAndMarketingExpenses": 0, "sellingGeneralAndAdministrativeExpenses": 40000000, "otherExpenses": 509000000, "operatingExpenses": 555000000, "costAndExpenses": 1006000000, "interestIncome": 312000000, "interestExpense": 312000000, "depreciationAndAmortization": 703000000, "ebitda": 970000000, "ebitdaratio": 0.7542768274, "operatingIncome": 267000000, "operatingIncomeRatio": 0.2076205288, "totalOtherIncomeExpensesNet": -330000000, "incomeBeforeTax": -63000000, "incomeBeforeTaxRatio": -0.0489891135, "incomeTaxExpense": 12000000, "netIncome": -75000000, "netIncomeRatio": -0.0583203733, "eps": -0.64, "epsdiluted": -0.64, "weightedAverageShsOut": 117000000, "weightedAverageShsOutDil": 117000000, "link": "https://www.sec.gov/Archives/edgar/data/1567683/000156768322000006/0001567683-22-000006-index.htm", "finalLink": "https://www.sec.gov/Archives/edgar/data/1567683/000156768322000006/cwen-20211231.htm", "calculatedOtherExpenses": 522000000, "calculatedOperatingExpenses": 568000000, "calculatedNetInterest": 0, "calculatedOtherIncome": -330000000, "calculatedIncomeNonControlling": 0, "calculatedEbitda": 970000000}, {"date": "2020-12-31", "symbol": "CWEN", "reportedCurrency": "USD", "cik": "0001567683", "fillingDate": "2021-03-01", "acceptedDate": "2021-03-01 09:52:39", "calendarYear": "2020", "period": "FY", "revenue": 1199000000, "costOfRevenue": 366000000, "grossProfit": 833000000, "grossProfitRatio": 0.6947456214, "researchAndDevelopmentExpenses": 5000000, "generalAndAdministrativeExpenses": 34000000, "sellingAndMarketingExpenses": 0, "sellingGeneralAndAdministrativeExpenses": 34000000, "otherExpenses": 428000000, "operatingExpenses": 467000000, "costAndExpenses": 833000000, "interestIncome": 415000000, "interestExpense": 415000000, "depreciationAndAmortization": 566000000, "ebitda": 899000000, "ebitdaratio": 0.7497914929, "operatingIncome": 333000000, "operatingIncomeRatio": 0.2777314429, "totalOtherIncomeExpensesNet": -387000000, "incomeBeforeTax": -54000000, "incomeBeforeTaxRatio": -0.0450375313, "incomeTaxExpense": 8000000, "netIncome": -62000000, "netIncomeRatio": -0.0517097581, "eps": -0.54, "epsdiluted": -0.53, "weightedAverageShsOut": 115000000, "weightedAverageShsOutDil": 116000000, "link": "https://www.sec.gov/Archives/edgar/data/1567683/000156768321000009/0001567683-21-000009-index.htm", "finalLink": "https://www.sec.gov/Archives/edgar/data/1567683/000156768321000009/cwen-20201231.htm", "calculatedOtherExpenses": 461000000, "calculatedOperatingExpenses": 500000000, "calculatedNetInterest": 0, "calculatedOtherIncome": -387000000, "calculatedIncomeNonControlling": 0, "calculatedEbitda": 899000000}, {"date": "2019-12-31", "symbol": "CWEN", "reportedCurrency": "USD", "cik": "0001567683", "fillingDate": "2020-03-02", "acceptedDate": "2020-03-02 11:56:51", "calendarYear": "2019", "period": "FY", "revenue": 1032000000, "costOfRevenue": 342000000, "grossProfit": 690000000, "grossProfitRatio": 0.6686046512, "researchAndDevelopmentExpenses": 5000000, "generalAndAdministrativeExpenses": 29000000, "sellingAndMarketingExpenses": 0, "sellingGeneralAndAdministrativeExpenses": 29000000, "otherExpenses": 396000000, "operatingExpenses": 430000000, "costAndExpenses": 772000000, "interestIncome": 404000000, "interestExpense": 404000000, "depreciationAndAmortization": 474000000, "ebitda": 826000000, "ebitdaratio": 0.8003875969, "operatingIncome": 352000000, "operatingIncomeRatio": 0.3410852713, "totalOtherIncomeExpensesNet": -456000000, "incomeBeforeTax": -104000000, "incomeBeforeTaxRatio": -0.1007751938, "incomeTaxExpense": -8000000, "netIncome": -96000000, "netIncomeRatio": -0.0930232558, "eps": -0.88, "epsdiluted": -0.88, "weightedAverageShsOut": 109000000, "weightedAverageShsOutDil": 109000000, "link": "https://www.sec.gov/Archives/edgar/data/1567683/000156768320000008/0001567683-20-000008-index.htm", "finalLink": "https://www.sec.gov/Archives/edgar/data/1567683/000156768320000008/clearwayinc201910-k.htm", "calculatedOtherExpenses": 304000000, "calculatedOperatingExpenses": 338000000, "calculatedNetInterest": 0, "calculatedOtherIncome": -456000000, "calculatedIncomeNonControlling": 0, "calculatedEbitda": 826000000}, {"date": "2018-12-31", "symbol": "CWEN", "reportedCurrency": "USD", "cik": "0001567683", "fillingDate": "2019-02-28", "acceptedDate": "2019-02-28 17:11:06", "calendarYear": "2018", "period": "FY", "revenue": 1053000000, "costOfRevenue": 332000000, "grossProfit": 721000000, "grossProfitRatio": 0.6847103514, "researchAndDevelopmentExpenses": 3000000, "generalAndAdministrativeExpenses": 20000000, "sellingAndMarketingExpenses": 0, "sellingGeneralAndAdministrativeExpenses": 20000000, "otherExpenses": 8000000, "operatingExpenses": 354000000, "costAndExpenses": 686000000, "interestIncome": 0, "interestExpense": 306000000, "depreciationAndAmortization": 401000000, "ebitda": 850000000, "ebitdaratio": 0.8072174739, "operatingIncome": 347000000, "operatingIncomeRatio": 0.3295346629, "totalOtherIncomeExpensesNet": 55000000, "incomeBeforeTax": 116000000, "incomeBeforeTaxRatio": 0.1101614435, "incomeTaxExpense": 62000000, "netIncome": 48000000, "netIncomeRatio": 0.0455840456, "eps": 0.46, "epsdiluted": 0.46, "weightedAverageShsOut": 104000000, "weightedAverageShsOutDil": 104000000, "link": "https://www.sec.gov/Archives/edgar/data/1567683/000156768319000014/0001567683-19-000014-index.htm", "finalLink": "https://www.sec.gov/Archives/edgar/data/1567683/000156768319000014/clearwayinc201810-k.htm", "calculatedOtherExpenses": 351000000, "calculatedOperatingExpenses": 374000000, "calculatedNetInterest": -306000000, "calculatedOtherIncome": 75000000, "calculatedIncomeNonControlling": 6000000, "calculatedEbitda": 748000000}, {"date": "2017-12-31", "symbol": "CWEN", "reportedCurrency": "USD", "cik": "0001567683", "fillingDate": "2018-03-01", "acceptedDate": "2018-03-01 14:54:23", "calendarYear": "2017", "period": "FY", "revenue": 1009000000, "costOfRevenue": 326000000, "grossProfit": 683000000, "grossProfitRatio": 0.6769078295, "researchAndDevelopmentExpenses": 0, "generalAndAdministrativeExpenses": 19000000, "sellingAndMarketingExpenses": 0, "sellingGeneralAndAdministrativeExpenses": 19000000, "otherExpenses": 4000000, "operatingExpenses": 353000000, "costAndExpenses": 679000000, "interestIncome": 0, "interestExpense": 306000000, "depreciationAndAmortization": 404000000, "ebitda": 809000000, "ebitdaratio": 0.8017839445, "operatingIncome": 283000000, "operatingIncomeRatio": 0.2804757185, "totalOtherIncomeExpensesNet": 25000000, "incomeBeforeTax": 49000000, "incomeBeforeTaxRatio": 0.0485629336, "incomeTaxExpense": 72000000, "netIncome": -16000000, "netIncomeRatio": -0.0158572844, "eps": -0.16, "epsdiluted": -0.16, "weightedAverageShsOut": 99000000, "weightedAverageShsOutDil": 99000000, "link": "https://www.sec.gov/Archives/edgar/data/1567683/000156768318000008/0001567683-18-000008-index.htm", "finalLink": "https://www.sec.gov/Archives/edgar/data/1567683/000156768318000008/yieldinc201710-k.htm", "calculatedOtherExpenses": 381000000, "calculatedOperatingExpenses": 400000000, "calculatedNetInterest": -306000000, "calculatedOtherIncome": 72000000, "calculatedIncomeNonControlling": -7000000, "calculatedEbitda": 687000000}, {"date": "2016-12-31", "symbol": "CWEN", "reportedCurrency": "USD", "cik": "0001567683", "fillingDate": "2017-02-28", "acceptedDate": "2017-02-28 13:36:11", "calendarYear": "2016", "period": "FY", "revenue": 1021000000, "costOfRevenue": 306000000, "grossProfit": 715000000, "grossProfitRatio": 0.7002938296, "researchAndDevelopmentExpenses": 0, "generalAndAdministrativeExpenses": 16000000, "sellingAndMarketingExpenses": 0, "sellingGeneralAndAdministrativeExpenses": 16000000, "otherExpenses": 3000000, "operatingExpenses": 313000000, "costAndExpenses": 619000000, "interestIncome": 0, "interestExpense": 274000000, "depreciationAndAmortization": 375000000, "ebitda": 817000000, "ebitdaratio": 0.8001958864, "operatingIncome": 218000000, "operatingIncomeRatio": 0.2135161606, "totalOtherIncomeExpensesNet": -144000000, "incomeBeforeTax": -16000000, "incomeBeforeTaxRatio": -0.0156709109, "incomeTaxExpense": -1000000, "netIncome": 57000000, "netIncomeRatio": 0.05582762, "eps": 0.58, "epsdiluted": 0.58, "weightedAverageShsOut": 98000000, "weightedAverageShsOutDil": 98000000, "link": "https://www.sec.gov/Archives/edgar/data/1567683/000156768317000010/0001567683-17-000010-index.htm", "finalLink": "https://www.sec.gov/Archives/edgar/data/1567683/000156768317000010/yieldinc201610-k.htm", "calculatedOtherExpenses": 481000000, "calculatedOperatingExpenses": 497000000, "calculatedNetInterest": -274000000, "calculatedOtherIncome": 40000000, "calculatedIncomeNonControlling": -72000000, "calculatedEbitda": 593000000}, {"date": "2015-12-31", "symbol": "CWEN", "reportedCurrency": "USD", "cik": "0001567683", "fillingDate": "2016-02-29", "acceptedDate": "2016-02-29 14:02:39", "calendarYear": "2015", "period": "FY", "revenue": 953000000, "costOfRevenue": 321000000, "grossProfit": 632000000, "grossProfitRatio": 0.6631689402, "researchAndDevelopmentExpenses": 0, "generalAndAdministrativeExpenses": 12000000, "sellingAndMarketingExpenses": 0, "sellingGeneralAndAdministrativeExpenses": 12000000, "otherExpenses": 3000000, "operatingExpenses": 309000000, "costAndExpenses": 630000000, "interestIncome": 0, "interestExpense": 263000000, "depreciationAndAmortization": 353000000, "ebitda": 705000000, "ebitdaratio": 0.7397691501, "operatingIncome": 320000000, "operatingIncomeRatio": 0.3357817419, "totalOtherIncomeExpensesNet": 17000000, "incomeBeforeTax": 77000000, "incomeBeforeTaxRatio": 0.0807974816, "incomeTaxExpense": 12000000, "netIncome": 33000000, "netIncomeRatio": 0.0346274921, "eps": 0.4, "epsdiluted": 0.4, "weightedAverageShsOut": 84000000, "weightedAverageShsOutDil": 84000000, "link": "https://www.sec.gov/Archives/edgar/data/1567683/000156768316000031/0001567683-16-000031-index.htm", "finalLink": "https://www.sec.gov/Archives/edgar/data/1567683/000156768316000031/yieldinc1231201510-k.htm", "calculatedOtherExpenses": 300000000, "calculatedOperatingExpenses": 312000000, "calculatedNetInterest": -263000000, "calculatedOtherIncome": 20000000, "calculatedIncomeNonControlling": 32000000, "calculatedEbitda": 673000000}, {"date": "2014-12-31", "symbol": "CWEN", "reportedCurrency": "USD", "cik": "0001567683", "fillingDate": "2015-02-27", "acceptedDate": "2015-02-27 15:39:40", "calendarYear": "2014", "period": "FY", "revenue": 689000000, "costOfRevenue": 239000000, "grossProfit": 450000000, "grossProfitRatio": 0.6531204644, "researchAndDevelopmentExpenses": 0, "generalAndAdministrativeExpenses": 8000000, "sellingAndMarketingExpenses": 0, "sellingGeneralAndAdministrativeExpenses": 8000000, "otherExpenses": 3000000, "operatingExpenses": 174000000, "costAndExpenses": 413000000, "interestIncome": 0, "interestExpense": 186000000, "depreciationAndAmortization": 193000000, "ebitda": 499000000, "ebitdaratio": 0.7242380261, "operatingIncome": 272000000, "operatingIncomeRatio": 0.3947750363, "totalOtherIncomeExpensesNet": 26000000, "incomeBeforeTax": 116000000, "incomeBeforeTaxRatio": 0.1683599419, "incomeTaxExpense": 4000000, "netIncome": 16000000, "netIncomeRatio": 0.023222061, "eps": 0.29, "epsdiluted": 0.29, "weightedAverageShsOut": 56000056, "weightedAverageShsOutDil": 56000000, "link": "https://www.sec.gov/Archives/edgar/data/1567683/000156768315000003/0001567683-15-000003-index.htm", "finalLink": "https://www.sec.gov/Archives/edgar/data/1567683/000156768315000003/yieldinc1231201410k.htm", "calculatedOtherExpenses": 170000000, "calculatedOperatingExpenses": 178000000, "calculatedNetInterest": -186000000, "calculatedOtherIncome": 30000000, "calculatedIncomeNonControlling": 96000000, "calculatedEbitda": 465000000}, {"date": "2013-12-31", "symbol": "CWEN", "reportedCurrency": "USD", "cik": "0001567683", "fillingDate": "2014-02-28", "acceptedDate": "2014-02-28 17:25:30", "calendarYear": "2013", "period": "FY", "revenue": 313000000, "costOfRevenue": 127000000, "grossProfit": 186000000, "grossProfitRatio": 0.5942492013, "researchAndDevelopmentExpenses": 0, "generalAndAdministrativeExpenses": 7000000, "sellingAndMarketingExpenses": 0, "sellingGeneralAndAdministrativeExpenses": 7000000, "otherExpenses": 2000000, "operatingExpenses": 58000000, "costAndExpenses": 185000000, "interestIncome": 0, "interestExpense": 35000000, "depreciationAndAmortization": 52000000, "ebitda": 204000000, "ebitdaratio": 0.6517571885, "operatingIncome": 128000000, "operatingIncomeRatio": 0.4089456869, "totalOtherIncomeExpensesNet": 24000000, "incomeBeforeTax": 117000000, "incomeBeforeTaxRatio": 0.3738019169, "incomeTaxExpense": 8000000, "netIncome": 13000000, "netIncomeRatio": 0.0415335463, "eps": 0.28, "epsdiluted": 0.28, "weightedAverageShsOut": 46000113, "weightedAverageShsOutDil": 46000000, "link": "https://www.sec.gov/Archives/edgar/data/1567683/000156768314000006/0001567683-14-000006-index.htm", "finalLink": "https://www.sec.gov/Archives/edgar/data/1567683/000156768314000006/yieldco1231201310k.htm", "calculatedOtherExpenses": 51000000, "calculatedOperatingExpenses": 58000000, "calculatedNetInterest": -35000000, "calculatedOtherIncome": 24000000, "calculatedIncomeNonControlling": 96000000, "calculatedEbitda": 180000000}, {"date": "2012-12-31", "symbol": "CWEN", "reportedCurrency": "USD", "cik": "0001567683", "fillingDate": "2012-12-31", "acceptedDate": "2012-12-30 19:00:00", "calendarYear": "2012", "period": "FY", "revenue": 175000000, "costOfRevenue": 106000000, "grossProfit": 69000000, "grossProfitRatio": 0.3942857143, "researchAndDevelopmentExpenses": 0, "generalAndAdministrativeExpenses": 13000000, "sellingAndMarketingExpenses": 0, "sellingGeneralAndAdministrativeExpenses": 13000000, "otherExpenses": 1000000, "operatingExpenses": 38000000, "costAndExpenses": 144000000, "interestIncome": 0, "interestExpense": 28000000, "depreciationAndAmortization": 25000000, "ebitda": 76000000, "ebitdaratio": 0.4342857143, "operatingIncome": 31000000, "operatingIncomeRatio": 0.1771428571, "totalOtherIncomeExpensesNet": 20000000, "incomeBeforeTax": 23000000, "incomeBeforeTaxRatio": 0.1314285714, "incomeTaxExpense": 10000000, "netIncome": 13000000, "netIncomeRatio": 0.0742857143, "eps": 0.18, "epsdiluted": 0.18, "weightedAverageShsOut": 65250000, "weightedAverageShsOutDil": 65250000, "link": "", "finalLink": "", "calculatedOtherExpenses": 25000000, "calculatedOperatingExpenses": 38000000, "calculatedNetInterest": -28000000, "calculatedOtherIncome": 20000000, "calculatedIncomeNonControlling": 0, "calculatedEbitda": 56000000}, {"date": "2011-12-31", "symbol": "CWEN", "reportedCurrency": "USD", "cik": "0001567683", "fillingDate": "2011-12-31", "acceptedDate": "2011-12-30 19:00:00", "calendarYear": "2011", "period": "FY", "revenue": 164000000, "costOfRevenue": 103000000, "grossProfit": 61000000, "grossProfitRatio": 0.3719512195, "researchAndDevelopmentExpenses": 0, "generalAndAdministrativeExpenses": 11000000, "sellingAndMarketingExpenses": 0, "sellingGeneralAndAdministrativeExpenses": 11000000, "otherExpenses": 2000000, "operatingExpenses": 33000000, "costAndExpenses": 136000000, "interestIncome": 0, "interestExpense": 19000000, "depreciationAndAmortization": 23000000, "ebitda": 66000000, "ebitdaratio": 0.4024390244, "operatingIncome": 28000000, "operatingIncomeRatio": 0.1707317073, "totalOtherIncomeExpensesNet": 15000000, "incomeBeforeTax": 24000000, "incomeBeforeTaxRatio": 0.1463414634, "incomeTaxExpense": 9000000, "netIncome": 15000000, "netIncomeRatio": 0.0914634146, "eps": 0.23, "epsdiluted": 0.23, "weightedAverageShsOut": 65250000, "weightedAverageShsOutDil": 65250000, "link": "", "finalLink": "", "calculatedOtherExpenses": 22000000, "calculatedOperatingExpenses": 33000000, "calculatedNetInterest": -19000000, "calculatedOtherIncome": 15000000, "calculatedIncomeNonControlling": 0, "calculatedEbitda": 51000000}, {"date": "2010-12-31", "symbol": "CWEN", "reportedCurrency": "USD", "cik": "0001567683", "fillingDate": "2010-12-31", "acceptedDate": "2010-12-30 19:00:00", "calendarYear": "2010", "period": "FY", "revenue": 143000000, "costOfRevenue": 97000000, "grossProfit": 46000000, "grossProfitRatio": 0.3216783217, "researchAndDevelopmentExpenses": 0, "generalAndAdministrativeExpenses": 10000000, "sellingAndMarketingExpenses": 0, "sellingGeneralAndAdministrativeExpenses": 10000000, "otherExpenses": 3000000, "operatingExpenses": 26000000, "costAndExpenses": 123000000, "interestIncome": 0, "interestExpense": 13000000, "depreciationAndAmortization": 16000000, "ebitda": 40000000, "ebitdaratio": 0.2797202797, "operatingIncome": 20000000, "operatingIncomeRatio": 0.1398601399, "totalOtherIncomeExpensesNet": 4000000, "incomeBeforeTax": 11000000, "incomeBeforeTaxRatio": 0.0769230769, "incomeTaxExpense": 4000000, "netIncome": 7000000, "netIncomeRatio": 0.048951049, "eps": 0.11, "epsdiluted": 0.11, "weightedAverageShsOut": 65250000, "weightedAverageShsOutDil": 65250000, "link": "", "finalLink": "", "calculatedOtherExpenses": 16000000, "calculatedOperatingExpenses": 26000000, "calculatedNetInterest": -13000000, "calculatedOtherIncome": 4000000, "calculatedIncomeNonControlling": 0, "calculatedEbitda": 36000000}]}