{"originalCurrency": "USD", "convertedCurrency": "USD", "report": [{"date": "2023-12-31", "symbol": "CWST", "reportedCurrency": "USD", "cik": "0000911177", "fillingDate": "2024-02-16", "acceptedDate": "2024-02-16 16:37:47", "calendarYear": "2023", "period": "FY", "revenue": 1264542000, "costOfRevenue": 1002743000, "grossProfit": 261799000, "grossProfitRatio": 0.2070306878, "researchAndDevelopmentExpenses": 0, "generalAndAdministrativeExpenses": 155847000, "sellingAndMarketingExpenses": 0, "sellingGeneralAndAdministrativeExpenses": 155847000, "otherExpenses": 1646000, "operatingExpenses": 155847000, "costAndExpenses": 1158590000, "interestIncome": 10741000, "interestExpense": 41860000, "depreciationAndAmortization": 195908000, "ebitda": 301860000, "ebitdaratio": 0.2387109325, "operatingIncome": 105952000, "operatingIncomeRatio": 0.0837868572, "totalOtherIncomeExpensesNet": -68907000, "incomeBeforeTax": 37045000, "incomeBeforeTaxRatio": 0.0292951915, "incomeTaxExpense": 11646000, "netIncome": 25399000, "netIncomeRatio": 0.0200855329, "eps": 0.46, "epsdiluted": 0.46, "weightedAverageShsOut": 55174000, "weightedAverageShsOutDil": 55274000, "link": "https://www.sec.gov/Archives/edgar/data/911177/000091117724000005/0000911177-24-000005-index.htm", "finalLink": "https://www.sec.gov/Archives/edgar/data/911177/000091117724000005/cwst-20231231.htm", "calculatedOtherExpenses": 0, "calculatedOperatingExpenses": 155847000, "calculatedNetInterest": -31119000, "calculatedOtherIncome": -37788000, "calculatedIncomeNonControlling": 0, "calculatedEbitda": 301860000}, {"date": "2022-12-31", "symbol": "CWST", "reportedCurrency": "USD", "cik": "0000911177", "fillingDate": "2023-02-17", "acceptedDate": "2023-02-17 16:54:53", "calendarYear": "2022", "period": "FY", "revenue": 1085089000, "costOfRevenue": 723117000, "grossProfit": 361972000, "grossProfitRatio": 0.3335873832, "researchAndDevelopmentExpenses": 0, "generalAndAdministrativeExpenses": 133419000, "sellingAndMarketingExpenses": 0, "sellingGeneralAndAdministrativeExpenses": 133419000, "otherExpenses": 127110000, "operatingExpenses": 260529000, "costAndExpenses": 983646000, "interestIncome": 709000, "interestExpense": 23013000, "depreciationAndAmortization": 134985000, "ebitda": 230379000, "ebitdaratio": 0.21231346, "operatingIncome": 95394000, "operatingIncomeRatio": 0.087913526, "totalOtherIncomeExpensesNet": -20428000, "incomeBeforeTax": 74966000, "incomeBeforeTaxRatio": 0.0690874205, "incomeTaxExpense": 21887000, "netIncome": 53079000, "netIncomeRatio": 0.0489167248, "eps": 1.03, "epsdiluted": 1.03, "weightedAverageShsOut": 51623000, "weightedAverageShsOutDil": 51767000, "link": "https://www.sec.gov/Archives/edgar/data/911177/000091117723000012/0000911177-23-000012-index.htm", "finalLink": "https://www.sec.gov/Archives/edgar/data/911177/000091117723000012/cwst-20221231.htm", "calculatedOtherExpenses": 133159000, "calculatedOperatingExpenses": 266578000, "calculatedNetInterest": -22304000, "calculatedOtherIncome": 1876000, "calculatedIncomeNonControlling": 0, "calculatedEbitda": 230379000}, {"date": "2021-12-31", "symbol": "CWST", "reportedCurrency": "USD", "cik": "0000911177", "fillingDate": "2022-02-18", "acceptedDate": "2022-02-18 16:40:37", "calendarYear": "2021", "period": "FY", "revenue": 889211000, "costOfRevenue": 582403000, "grossProfit": 306808000, "grossProfitRatio": 0.3450339683, "researchAndDevelopmentExpenses": 0, "generalAndAdministrativeExpenses": 118834000, "sellingAndMarketingExpenses": 0, "sellingGeneralAndAdministrativeExpenses": 118834000, "otherExpenses": 104514000, "operatingExpenses": 223348000, "costAndExpenses": 805751000, "interestIncome": 302000, "interestExpense": 20927000, "depreciationAndAmortization": 110703000, "ebitda": 188363000, "ebitdaratio": 0.2118316125, "operatingIncome": 77660000, "operatingIncomeRatio": 0.0873358517, "totalOtherIncomeExpensesNet": -19614000, "incomeBeforeTax": 58046000, "incomeBeforeTaxRatio": 0.0652780949, "incomeTaxExpense": 16946000, "netIncome": 41100000, "netIncomeRatio": 0.0462207508, "eps": 0.8, "epsdiluted": 0.8, "weightedAverageShsOut": 51312000, "weightedAverageShsOutDil": 51515000, "link": "https://www.sec.gov/Archives/edgar/data/911177/000091117722000009/0000911177-22-000009-index.htm", "finalLink": "https://www.sec.gov/Archives/edgar/data/911177/000091117722000009/cwst-20211231.htm", "calculatedOtherExpenses": 110314000, "calculatedOperatingExpenses": 229148000, "calculatedNetInterest": -20625000, "calculatedOtherIncome": 1011000, "calculatedIncomeNonControlling": 0, "calculatedEbitda": 188363000}, {"date": "2020-12-31", "symbol": "CWST", "reportedCurrency": "USD", "cik": "0000911177", "fillingDate": "2021-02-19", "acceptedDate": "2021-02-19 17:00:25", "calendarYear": "2020", "period": "FY", "revenue": 774584000, "costOfRevenue": 515646000, "grossProfit": 258938000, "grossProfitRatio": 0.3342929882, "researchAndDevelopmentExpenses": 0, "generalAndAdministrativeExpenses": 102410000, "sellingAndMarketingExpenses": 0, "sellingGeneralAndAdministrativeExpenses": 102410000, "otherExpenses": 90782000, "operatingExpenses": 193192000, "costAndExpenses": 708838000, "interestIncome": 303000, "interestExpense": 22068000, "depreciationAndAmortization": 106085000, "ebitda": 165382000, "ebitdaratio": 0.2135107361, "operatingIncome": 59297000, "operatingIncomeRatio": 0.0765533499, "totalOtherIncomeExpensesNet": -20995000, "incomeBeforeTax": 38302000, "incomeBeforeTaxRatio": 0.0494484782, "incomeTaxExpense": -52804000, "netIncome": 91106000, "netIncomeRatio": 0.117619264, "eps": 1.87, "epsdiluted": 1.86, "weightedAverageShsOut": 48793000, "weightedAverageShsOutDil": 49045000, "link": "https://www.sec.gov/Archives/edgar/data/911177/000091117721000009/0000911177-21-000009-index.htm", "finalLink": "https://www.sec.gov/Archives/edgar/data/911177/000091117721000009/cwst-20201231.htm", "calculatedOtherExpenses": 97231000, "calculatedOperatingExpenses": 199641000, "calculatedNetInterest": -21765000, "calculatedOtherIncome": 770000, "calculatedIncomeNonControlling": 0, "calculatedEbitda": 165382000}, {"date": "2019-12-31", "symbol": "CWST", "reportedCurrency": "USD", "cik": "0000911177", "fillingDate": "2020-02-21", "acceptedDate": "2020-02-21 17:02:04", "calendarYear": "2019", "period": "FY", "revenue": 743290000, "costOfRevenue": 508656000, "grossProfit": 234634000, "grossProfitRatio": 0.3156695233, "researchAndDevelopmentExpenses": 0, "generalAndAdministrativeExpenses": 92782000, "sellingAndMarketingExpenses": 0, "sellingGeneralAndAdministrativeExpenses": 92782000, "otherExpenses": 79790000, "operatingExpenses": 172572000, "costAndExpenses": 681228000, "interestIncome": 367000, "interestExpense": 24735000, "depreciationAndAmortization": 97927000, "ebitda": 151002000, "ebitdaratio": 0.2031535471, "operatingIncome": 53075000, "operatingIncomeRatio": 0.0714055079, "totalOtherIncomeExpensesNet": -23296000, "incomeBeforeTax": 29779000, "incomeBeforeTaxRatio": 0.0400637705, "incomeTaxExpense": -1874000, "netIncome": 31653000, "netIncomeRatio": 0.0425849937, "eps": 0.67, "epsdiluted": 0.66, "weightedAverageShsOut": 47226000, "weightedAverageShsOutDil": 47966000, "link": "https://www.sec.gov/Archives/edgar/data/911177/000091117720000010/0000911177-20-000010-index.htm", "finalLink": "https://www.sec.gov/Archives/edgar/data/911177/000091117720000010/cwst-20191231.htm", "calculatedOtherExpenses": 88777000, "calculatedOperatingExpenses": 181559000, "calculatedNetInterest": -24368000, "calculatedOtherIncome": 1072000, "calculatedIncomeNonControlling": 0, "calculatedEbitda": 151002000}, {"date": "2018-12-31", "symbol": "CWST", "reportedCurrency": "USD", "cik": "0000911177", "fillingDate": "2019-02-22", "acceptedDate": "2019-02-22 16:43:22", "calendarYear": "2018", "period": "FY", "revenue": 660660000, "costOfRevenue": 453291000, "grossProfit": 207369000, "grossProfitRatio": 0.313881573, "researchAndDevelopmentExpenses": 311000, "generalAndAdministrativeExpenses": 84791000, "sellingAndMarketingExpenses": 0, "sellingGeneralAndAdministrativeExpenses": 84791000, "otherExpenses": -1355000, "operatingExpenses": 155610000, "costAndExpenses": 608901000, "interestIncome": 273000, "interestExpense": 26021000, "depreciationAndAmortization": 80232000, "ebitda": 130636000, "ebitdaratio": 0.1977355977, "operatingIncome": 39733000, "operatingIncomeRatio": 0.0601413738, "totalOtherIncomeExpensesNet": -19702000, "incomeBeforeTax": 6036000, "incomeBeforeTaxRatio": 0.0091363182, "incomeTaxExpense": -384000, "netIncome": 6420000, "netIncomeRatio": 0.0097175552, "eps": 0.15, "epsdiluted": 0.15, "weightedAverageShsOut": 42688000, "weightedAverageShsOutDil": 44168000, "link": "https://www.sec.gov/Archives/edgar/data/911177/000091117719000014/0000911177-19-000014-index.htm", "finalLink": "https://www.sec.gov/Archives/edgar/data/911177/000091117719000014/cwst-123118x10k.htm", "calculatedOtherExpenses": 82534000, "calculatedOperatingExpenses": 167636000, "calculatedNetInterest": -25748000, "calculatedOtherIncome": -7949000, "calculatedIncomeNonControlling": 0, "calculatedEbitda": 119965000}, {"date": "2017-12-31", "symbol": "CWST", "reportedCurrency": "USD", "cik": "0000911177", "fillingDate": "2018-03-02", "acceptedDate": "2018-03-02 16:49:54", "calendarYear": "2017", "period": "FY", "revenue": 599309000, "costOfRevenue": 405188000, "grossProfit": 194121000, "grossProfitRatio": 0.3239080341, "researchAndDevelopmentExpenses": 0, "generalAndAdministrativeExpenses": 79243000, "sellingAndMarketingExpenses": 0, "sellingGeneralAndAdministrativeExpenses": 79243000, "otherExpenses": 935000, "operatingExpenses": 141345000, "costAndExpenses": 546533000, "interestIncome": 273000, "interestExpense": 24887000, "depreciationAndAmortization": 71748000, "ebitda": 125459000, "ebitdaratio": 0.2093394226, "operatingIncome": -12583000, "operatingIncomeRatio": -0.0209958469, "totalOtherIncomeExpensesNet": -64941000, "incomeBeforeTax": -37052000, "incomeBeforeTaxRatio": -0.0618245346, "incomeTaxExpense": -15253000, "netIncome": -21799000, "netIncomeRatio": -0.0363735569, "eps": -0.52, "epsdiluted": -0.52, "weightedAverageShsOut": 41846000, "weightedAverageShsOutDil": 41846000, "link": "https://www.sec.gov/Archives/edgar/data/911177/000091117718000007/0000911177-18-000007-index.htm", "finalLink": "https://www.sec.gov/Archives/edgar/data/911177/000091117718000007/cwst-123117x10k.htm", "calculatedOtherExpenses": 127461000, "calculatedOperatingExpenses": 206704000, "calculatedNetInterest": -24614000, "calculatedOtherIncome": 145000, "calculatedIncomeNonControlling": 0, "calculatedEbitda": 59165000}, {"date": "2016-12-31", "symbol": "CWST", "reportedCurrency": "USD", "cik": "0000911177", "fillingDate": "2017-03-02", "acceptedDate": "2017-03-02 17:26:55", "calendarYear": "2016", "period": "FY", "revenue": 565030000, "costOfRevenue": 381973000, "grossProfit": 183057000, "grossProfitRatio": 0.3239774879, "researchAndDevelopmentExpenses": 0, "generalAndAdministrativeExpenses": 75356000, "sellingAndMarketingExpenses": 0, "sellingGeneralAndAdministrativeExpenses": 75356000, "otherExpenses": 1090000, "operatingExpenses": 138112000, "costAndExpenses": 520085000, "interestIncome": 290000, "interestExpense": 38652000, "depreciationAndAmortization": 71151000, "ebitda": 117186000, "ebitdaratio": 0.2073978373, "operatingIncome": 44945000, "operatingIncomeRatio": 0.079544449, "totalOtherIncomeExpensesNet": -12657000, "incomeBeforeTax": -6364000, "incomeBeforeTaxRatio": -0.0112631188, "incomeTaxExpense": 494000, "netIncome": -6849000, "netIncomeRatio": -0.0121214803, "eps": -0.17, "epsdiluted": -0.17, "weightedAverageShsOut": 40288235, "weightedAverageShsOutDil": 41233000, "link": "https://www.sec.gov/Archives/edgar/data/911177/000091117717000017/0000911177-17-000017-index.htm", "finalLink": "https://www.sec.gov/Archives/edgar/data/911177/000091117717000017/cwst-123116x10k.htm", "calculatedOtherExpenses": 62756000, "calculatedOperatingExpenses": 138112000, "calculatedNetInterest": -38362000, "calculatedOtherIncome": -12947000, "calculatedIncomeNonControlling": -9000, "calculatedEbitda": 116096000}, {"date": "2015-12-31", "symbol": "CWST", "reportedCurrency": "USD", "cik": "0000911177", "fillingDate": "2016-03-02", "acceptedDate": "2016-03-02 17:21:33", "calendarYear": "2015", "period": "FY", "revenue": 546500000, "costOfRevenue": 382615000, "grossProfit": 163885000, "grossProfitRatio": 0.2998810613, "researchAndDevelopmentExpenses": 0, "generalAndAdministrativeExpenses": 72892000, "sellingAndMarketingExpenses": 0, "sellingGeneralAndAdministrativeExpenses": 72892000, "otherExpenses": -821000, "operatingExpenses": 135596000, "costAndExpenses": 518211000, "interestIncome": 330000, "interestExpense": 40090000, "depreciationAndAmortization": 72132000, "ebitda": 99600000, "ebitdaratio": 0.1822506862, "operatingIncome": 31866000, "operatingIncomeRatio": 0.0583092406, "totalOtherIncomeExpensesNet": 1371000, "incomeBeforeTax": -10430000, "incomeBeforeTaxRatio": -0.0190850869, "incomeTaxExpense": 1351000, "netIncome": -12969000, "netIncomeRatio": -0.0237310156, "eps": -0.32, "epsdiluted": -0.32, "weightedAverageShsOut": 40642000, "weightedAverageShsOutDil": 40642000, "link": "https://www.sec.gov/Archives/edgar/data/911177/000119312516490223/0001193125-16-490223-index.htm", "finalLink": "https://www.sec.gov/Archives/edgar/data/911177/000119312516490223/d27133d10k.htm", "calculatedOtherExpenses": 59127000, "calculatedOperatingExpenses": 132019000, "calculatedNetInterest": -39760000, "calculatedOtherIncome": -2536000, "calculatedIncomeNonControlling": 1188000, "calculatedEbitda": 103998000}, {"date": "2014-04-30", "symbol": "CWST", "reportedCurrency": "USD", "cik": "0000911177", "fillingDate": "2014-06-27", "acceptedDate": "2014-06-26 17:41:56", "calendarYear": "2014", "period": "FY", "revenue": 497633000, "costOfRevenue": 354592000, "grossProfit": 143041000, "grossProfitRatio": 0.287442754, "researchAndDevelopmentExpenses": 1394000, "generalAndAdministrativeExpenses": 61865000, "sellingAndMarketingExpenses": 0, "sellingGeneralAndAdministrativeExpenses": 61865000, "otherExpenses": 1059000, "operatingExpenses": 123998000, "costAndExpenses": 478590000, "interestIncome": 312000, "interestExpense": 37863000, "depreciationAndAmortization": 70287000, "ebitda": 89453000, "ebitdaratio": 0.1797569695, "operatingIncome": 11916000, "operatingIncomeRatio": 0.0239453573, "totalOtherIncomeExpensesNet": -6691000, "incomeBeforeTax": -25511000, "incomeBeforeTaxRatio": -0.051264687, "incomeTaxExpense": 1799000, "netIncome": -23095000, "netIncomeRatio": -0.0464097035, "eps": -0.58, "epsdiluted": -0.58, "weightedAverageShsOut": 39820000, "weightedAverageShsOutDil": 39820000, "link": "https://www.sec.gov/Archives/edgar/data/911177/000119312514251471/0001193125-14-251471-index.htm", "finalLink": "https://www.sec.gov/Archives/edgar/data/911177/000119312514251471/d708462d10k.htm", "calculatedOtherExpenses": 67866000, "calculatedOperatingExpenses": 131125000, "calculatedNetInterest": -37551000, "calculatedOtherIncome": 124000, "calculatedIncomeNonControlling": -4215000, "calculatedEbitda": 82203000}, {"date": "2013-04-30", "symbol": "CWST", "reportedCurrency": "USD", "cik": "0000911177", "fillingDate": "2013-06-27", "acceptedDate": "2013-06-27 17:23:36", "calendarYear": "2013", "period": "FY", "revenue": 455335000, "costOfRevenue": 323014000, "grossProfit": 132321000, "grossProfitRatio": 0.2906014253, "researchAndDevelopmentExpenses": 0, "generalAndAdministrativeExpenses": 58205000, "sellingAndMarketingExpenses": 0, "sellingGeneralAndAdministrativeExpenses": 58205000, "otherExpenses": 1036000, "operatingExpenses": 114781000, "costAndExpenses": 437795000, "interestIncome": 141000, "interestExpense": 41429000, "depreciationAndAmortization": 65948000, "ebitda": 80083000, "ebitdaratio": 0.1758771015, "operatingIncome": 12421000, "operatingIncomeRatio": 0.0272788167, "totalOtherIncomeExpensesNet": -28620000, "incomeBeforeTax": -52509000, "incomeBeforeTaxRatio": -0.11531949, "incomeTaxExpense": -2526000, "netIncome": -54142000, "netIncomeRatio": -0.1189058605, "eps": -1.59, "epsdiluted": -1.59, "weightedAverageShsOut": 34015000, "weightedAverageShsOutDil": 34015000, "link": "https://www.sec.gov/Archives/edgar/data/911177/000119312513275023/0001193125-13-275023-index.htm", "finalLink": "https://www.sec.gov/Archives/edgar/data/911177/000119312513275023/d515103d10k.htm", "calculatedOtherExpenses": 61695000, "calculatedOperatingExpenses": 119900000, "calculatedNetInterest": -41288000, "calculatedOtherIncome": -23642000, "calculatedIncomeNonControlling": 4159000, "calculatedEbitda": 78369000}, {"date": "2012-04-30", "symbol": "CWST", "reportedCurrency": "USD", "cik": "0000911177", "fillingDate": "2012-06-28", "acceptedDate": "2012-06-28 17:10:56", "calendarYear": "2012", "period": "FY", "revenue": 480815000, "costOfRevenue": 330754000, "grossProfit": 150061000, "grossProfitRatio": 0.3120971683, "researchAndDevelopmentExpenses": 131000, "generalAndAdministrativeExpenses": 62134000, "sellingAndMarketingExpenses": 0, "sellingGeneralAndAdministrativeExpenses": 62134000, "otherExpenses": 58576000, "operatingExpenses": 120841000, "costAndExpenses": 451595000, "interestIncome": 42000, "interestExpense": 45499000, "depreciationAndAmortization": 67058000, "ebitda": 86284000, "ebitdaratio": 0.179453636, "operatingIncome": -11526000, "operatingIncomeRatio": -0.0239717979, "totalOtherIncomeExpensesNet": -60857000, "incomeBeforeTax": -77136000, "incomeBeforeTaxRatio": -0.1604276073, "incomeTaxExpense": 1181000, "netIncome": -77586000, "netIncomeRatio": -0.1613635182, "eps": -2.9, "epsdiluted": -2.9, "weightedAverageShsOut": 26749000, "weightedAverageShsOutDil": 26749000, "link": "https://www.sec.gov/Archives/edgar/data/911177/000110465912046685/0001104659-12-046685-index.htm", "finalLink": "https://www.sec.gov/Archives/edgar/data/911177/000110465912046685/a12-9613_110k.htm", "calculatedOtherExpenses": 99322000, "calculatedOperatingExpenses": 161587000, "calculatedNetInterest": -45457000, "calculatedOtherIncome": -20153000, "calculatedIncomeNonControlling": -731000, "calculatedEbitda": 55532000}, {"date": "2011-04-30", "symbol": "CWST", "reportedCurrency": "USD", "cik": "0000911177", "fillingDate": "2011-06-20", "acceptedDate": "2011-06-17 19:19:50", "calendarYear": "2011", "period": "FY", "revenue": 466064000, "costOfRevenue": 317504000, "grossProfit": 148560000, "grossProfitRatio": 0.3187545058, "researchAndDevelopmentExpenses": 0, "generalAndAdministrativeExpenses": 60264000, "sellingAndMarketingExpenses": 3746000, "sellingGeneralAndAdministrativeExpenses": 64010000, "otherExpenses": 51784000, "operatingExpenses": 115794000, "costAndExpenses": 433298000, "interestIncome": 54000, "interestExpense": 45912000, "depreciationAndAmortization": 65528000, "ebitda": 91871000, "ebitdaratio": 0.1971209963, "operatingIncome": 28563000, "operatingIncomeRatio": 0.0612855745, "totalOtherIncomeExpensesNet": 6423000, "incomeBeforeTax": -27921000, "incomeBeforeTaxRatio": -0.0599080813, "incomeTaxExpense": -24217000, "netIncome": 38428000, "netIncomeRatio": 0.0824521954, "eps": 1.47, "epsdiluted": 1.47, "weightedAverageShsOut": 26105000, "weightedAverageShsOutDil": 26105000, "link": "https://www.sec.gov/Archives/edgar/data/911177/000110465911035452/0001104659-11-035452-index.htm", "finalLink": "https://www.sec.gov/Archives/edgar/data/911177/000110465911035452/a11-14873_110k.htm", "calculatedOtherExpenses": 55987000, "calculatedOperatingExpenses": 119997000, "calculatedNetInterest": -45858000, "calculatedOtherIncome": -10626000, "calculatedIncomeNonControlling": -42132000, "calculatedEbitda": 94091000}, {"date": "2010-04-30", "symbol": "CWST", "reportedCurrency": "USD", "cik": "0000911177", "fillingDate": "2010-06-11", "acceptedDate": "2010-06-11 17:23:22", "calendarYear": "2010", "period": "FY", "revenue": 522328000, "costOfRevenue": 347460000, "grossProfit": 174868000, "grossProfitRatio": 0.3347858051, "researchAndDevelopmentExpenses": 0, "generalAndAdministrativeExpenses": 0, "sellingAndMarketingExpenses": 0, "sellingGeneralAndAdministrativeExpenses": 61868000, "otherExpenses": 68275000, "operatingExpenses": 130143000, "costAndExpenses": 477603000, "interestIncome": 110000, "interestExpense": 54270000, "depreciationAndAmortization": 75142000, "ebitda": 117176000, "ebitdaratio": 0.2243341349, "operatingIncome": 44390000, "operatingIncomeRatio": 0.0849849137, "totalOtherIncomeExpensesNet": -2688000, "incomeBeforeTax": -12233000, "incomeBeforeTaxRatio": -0.0234201498, "incomeTaxExpense": 3018000, "netIncome": -13858000, "netIncomeRatio": -0.0265312218, "eps": -0.54, "epsdiluted": -0.54, "weightedAverageShsOut": 25731000, "weightedAverageShsOutDil": 25731000, "link": "https://www.sec.gov/Archives/edgar/data/911177/000110465910033533/0001104659-10-033533-index.htm", "finalLink": "https://www.sec.gov/Archives/edgar/data/911177/000110465910033533/a10-11736_110k.htm", "calculatedOtherExpenses": 68610000, "calculatedOperatingExpenses": 130478000, "calculatedNetInterest": -54160000, "calculatedOtherIncome": -2463000, "calculatedIncomeNonControlling": -1393000, "calculatedEbitda": 119532000}, {"date": "2009-04-30", "symbol": "CWST", "reportedCurrency": "USD", "cik": "0000911177", "fillingDate": "2009-06-16", "acceptedDate": "2009-06-15 20:25:26", "calendarYear": "2009", "period": "FY", "revenue": 554241000, "costOfRevenue": 372178000, "grossProfit": 182063000, "grossProfitRatio": 0.3284906746, "researchAndDevelopmentExpenses": 355000, "generalAndAdministrativeExpenses": 0, "sellingAndMarketingExpenses": 0, "sellingGeneralAndAdministrativeExpenses": 72202000, "otherExpenses": 72677000, "operatingExpenses": 145234000, "costAndExpenses": 517412000, "interestIncome": 728000, "interestExpense": 39767000, "depreciationAndAmortization": 79093000, "ebitda": 114493000, "ebitdaratio": 0.2065762006, "operatingIncome": -18457000, "operatingIncomeRatio": -0.0333013978, "totalOtherIncomeExpensesNet": -56651000, "incomeBeforeTax": -58861000, "incomeBeforeTaxRatio": -0.106201093, "incomeTaxExpense": 9119000, "netIncome": -68025000, "netIncomeRatio": -0.1227354165, "eps": -2.66, "epsdiluted": -2.66, "weightedAverageShsOut": 25584000, "weightedAverageShsOutDil": 25584000, "link": "https://www.sec.gov/Archives/edgar/data/911177/000104746909006345/0001047469-09-006345-index.htm", "finalLink": "https://www.sec.gov/Archives/edgar/data/911177/000104746909006345/a2193397z10-k.htm", "calculatedOtherExpenses": 127963000, "calculatedOperatingExpenses": 200520000, "calculatedNetInterest": -39039000, "calculatedOtherIncome": -1365000, "calculatedIncomeNonControlling": 45000, "calculatedEbitda": 60636000}, {"date": "2008-04-30", "symbol": "CWST", "reportedCurrency": "USD", "cik": "0000911177", "fillingDate": "2008-06-20", "acceptedDate": "2008-06-20 16:40:14", "calendarYear": "2008", "period": "FY", "revenue": 579517000, "costOfRevenue": 383009000, "grossProfit": 196508000, "grossProfitRatio": 0.3390892761, "researchAndDevelopmentExpenses": 534000, "generalAndAdministrativeExpenses": 0, "sellingAndMarketingExpenses": 0, "sellingGeneralAndAdministrativeExpenses": 74184000, "otherExpenses": 79169000, "operatingExpenses": 153887000, "costAndExpenses": 536896000, "interestIncome": 0, "interestExpense": 41505000, "depreciationAndAmortization": 83779000, "ebitda": 125110000, "ebitdaratio": 0.215886678, "operatingIncome": 42621000, "operatingIncomeRatio": 0.0735457286, "totalOtherIncomeExpensesNet": -4787000, "incomeBeforeTax": -2271000, "incomeBeforeTaxRatio": -0.0039187806, "incomeTaxExpense": 1746000, "netIncome": -7835000, "netIncomeRatio": -0.0135198795, "eps": -0.31, "epsdiluted": -0.31, "weightedAverageShsOut": 25382000, "weightedAverageShsOutDil": 25382000, "link": "https://www.sec.gov/Archives/edgar/data/911177/000104746908007628/0001047469-08-007628-index.htm", "finalLink": "https://www.sec.gov/Archives/edgar/data/911177/000104746908007628/a2186393z10-k.htm", "calculatedOtherExpenses": 79169000, "calculatedOperatingExpenses": 153887000, "calculatedNetInterest": -41505000, "calculatedOtherIncome": -3387000, "calculatedIncomeNonControlling": 3818000, "calculatedEbitda": 126400000}, {"date": "2007-04-30", "symbol": "CWST", "reportedCurrency": "USD", "cik": "0000911177", "fillingDate": "2007-06-22", "acceptedDate": "2007-06-22 14:38:51", "calendarYear": "2007", "period": "FY", "revenue": 546990000, "costOfRevenue": 360652000, "grossProfit": 186338000, "grossProfitRatio": 0.3406607068, "researchAndDevelopmentExpenses": 752000, "generalAndAdministrativeExpenses": 0, "sellingAndMarketingExpenses": 0, "sellingGeneralAndAdministrativeExpenses": 74855000, "otherExpenses": 98632000, "operatingExpenses": 174239000, "costAndExpenses": 534891000, "interestIncome": 0, "interestExpense": 38859000, "depreciationAndAmortization": 78761000, "ebitda": 117180000, "ebitdaratio": 0.2142269511, "operatingIncome": 12099000, "operatingIncomeRatio": 0.0221192344, "totalOtherIncomeExpensesNet": -25269000, "incomeBeforeTax": -25137000, "incomeBeforeTaxRatio": -0.0459551363, "incomeTaxExpense": -8529000, "netIncome": -17883000, "netIncomeRatio": -0.0326934679, "eps": -0.71, "epsdiluted": -0.71, "weightedAverageShsOut": 25272000, "weightedAverageShsOutDil": 25272000, "link": "https://www.sec.gov/Archives/edgar/data/911177/000110465907049370/0001104659-07-049370-index.htm", "finalLink": "https://www.sec.gov/Archives/edgar/data/911177/000110465907049370/a07-16865_110k.htm", "calculatedOtherExpenses": 98632000, "calculatedOperatingExpenses": 174239000, "calculatedNetInterest": -38859000, "calculatedOtherIncome": 1623000, "calculatedIncomeNonControlling": 1275000, "calculatedEbitda": 90860000}, {"date": "2006-04-30", "symbol": "CWST", "reportedCurrency": "USD", "cik": "0000911177", "fillingDate": "2006-06-22", "acceptedDate": "2006-06-21 18:47:02", "calendarYear": "2006", "period": "FY", "revenue": 525928000, "costOfRevenue": 348520000, "grossProfit": 177408000, "grossProfitRatio": 0.3373237401, "researchAndDevelopmentExpenses": 0, "generalAndAdministrativeExpenses": 0, "sellingAndMarketingExpenses": 0, "sellingGeneralAndAdministrativeExpenses": 70473000, "otherExpenses": 64589000, "operatingExpenses": 135062000, "costAndExpenses": 483582000, "interestIncome": 0, "interestExpense": 29391000, "depreciationAndAmortization": 70873000, "ebitda": 111234000, "ebitdaratio": 0.2115004335, "operatingIncome": 42346000, "operatingIncomeRatio": 0.0805167247, "totalOtherIncomeExpensesNet": 7727000, "incomeBeforeTax": 18059000, "incomeBeforeTaxRatio": 0.0343373998, "incomeTaxExpense": 6955000, "netIncome": 11104000, "netIncomeRatio": 0.0211131562, "eps": 0.44, "epsdiluted": 0.44, "weightedAverageShsOut": 24980000, "weightedAverageShsOutDil": 25368000, "link": "https://www.sec.gov/Archives/edgar/data/911177/000110465906043029/0001104659-06-043029-index.htm", "finalLink": "https://www.sec.gov/Archives/edgar/data/911177/000110465906043029/a06-14010_110k.htm", "calculatedOtherExpenses": 64589000, "calculatedOperatingExpenses": 135062000, "calculatedNetInterest": -29391000, "calculatedOtherIncome": 5104000, "calculatedIncomeNonControlling": 0, "calculatedEbitda": 113219000}, {"date": "2005-04-30", "symbol": "CWST", "reportedCurrency": "USD", "cik": "0000911177", "fillingDate": "2005-06-28", "acceptedDate": "2005-06-28 16:33:06", "calendarYear": "2005", "period": "FY", "revenue": 481964000, "costOfRevenue": 310921000, "grossProfit": 171043000, "grossProfitRatio": 0.354887502, "researchAndDevelopmentExpenses": 0, "generalAndAdministrativeExpenses": 0, "sellingAndMarketingExpenses": 0, "sellingGeneralAndAdministrativeExpenses": 63973000, "otherExpenses": 65637000, "operatingExpenses": 129610000, "costAndExpenses": 440531000, "interestIncome": 0, "interestExpense": 29391000, "depreciationAndAmortization": 65637000, "ebitda": 106176000, "ebitdaratio": 0.2202986115, "operatingIncome": 41433000, "operatingIncomeRatio": 0.0859670017, "totalOtherIncomeExpensesNet": 894000, "incomeBeforeTax": 12936000, "incomeBeforeTaxRatio": 0.0268401789, "incomeTaxExpense": 5725000, "netIncome": 7269000, "netIncomeRatio": 0.0150820393, "eps": 0.29, "epsdiluted": 0.29, "weightedAverageShsOut": 24679000, "weightedAverageShsOutDil": 25193000, "link": "https://www.sec.gov/Archives/edgar/data/911177/000110465905030116/0001104659-05-030116-index.htm", "finalLink": "https://www.sec.gov/Archives/edgar/data/911177/000110465905030116/a05-11395_110k.htm", "calculatedOtherExpenses": 65637000, "calculatedOperatingExpenses": 129610000, "calculatedNetInterest": -29391000, "calculatedOtherIncome": 894000, "calculatedIncomeNonControlling": -58000, "calculatedEbitda": 107070000}, {"date": "2004-04-30", "symbol": "CWST", "reportedCurrency": "USD", "cik": "0000911177", "fillingDate": "2004-06-25", "acceptedDate": "2004-06-25 17:32:37", "calendarYear": "2004", "period": "FY", "revenue": 439686000, "costOfRevenue": 287309000, "grossProfit": 152377000, "grossProfitRatio": 0.3465586805, "researchAndDevelopmentExpenses": 0, "generalAndAdministrativeExpenses": 0, "sellingAndMarketingExpenses": 0, "sellingGeneralAndAdministrativeExpenses": 58198000, "otherExpenses": 61336000, "operatingExpenses": 119534000, "costAndExpenses": 406843000, "interestIncome": 0, "interestExpense": 26254000, "depreciationAndAmortization": 60921000, "ebitda": 99114000, "ebitdaratio": 0.2254199588, "operatingIncome": 32843000, "operatingIncomeRatio": 0.0746964879, "totalOtherIncomeExpensesNet": -5350000, "incomeBeforeTax": 3759000, "incomeBeforeTaxRatio": 0.0085492829, "incomeTaxExpense": -1623000, "netIncome": 8105000, "netIncomeRatio": 0.0184336094, "eps": 0.34, "epsdiluted": 0.33, "weightedAverageShsOut": 24002000, "weightedAverageShsOutDil": 24445000, "link": "https://www.sec.gov/Archives/edgar/data/911177/000110465904018050/0001104659-04-018050-index.htm", "finalLink": "https://www.sec.gov/Archives/edgar/data/911177/000110465904018050/a04-7191_110k.htm", "calculatedOtherExpenses": 61336000, "calculatedOperatingExpenses": 119534000, "calculatedNetInterest": -26254000, "calculatedOtherIncome": -2830000, "calculatedIncomeNonControlling": -2723000, "calculatedEbitda": 93764000}, {"date": "2003-04-30", "symbol": "CWST", "reportedCurrency": "USD", "cik": "0000911177", "fillingDate": "2003-07-24", "acceptedDate": "2003-07-24 11:38:08", "calendarYear": "2003", "period": "FY", "revenue": 420863000, "costOfRevenue": 278347000, "grossProfit": 142516000, "grossProfitRatio": 0.3386280096, "researchAndDevelopmentExpenses": 0, "generalAndAdministrativeExpenses": 0, "sellingAndMarketingExpenses": 0, "sellingGeneralAndAdministrativeExpenses": 55772000, "otherExpenses": 52794000, "operatingExpenses": 108566000, "costAndExpenses": 386913000, "interestIncome": 0, "interestExpense": 26254000, "depreciationAndAmortization": 47930000, "ebitda": 83072000, "ebitdaratio": 0.1973848972, "operatingIncome": 33950000, "operatingIncomeRatio": 0.0806675807, "totalOtherIncomeExpensesNet": -1192000, "incomeBeforeTax": 11520000, "incomeBeforeTaxRatio": 0.0273723278, "incomeTaxExpense": 5292000, "netIncome": -59808000, "netIncomeRatio": -0.1421080019, "eps": -2.52, "epsdiluted": -2.5, "weightedAverageShsOut": 23716000, "weightedAverageShsOutDil": 23904000, "link": "https://www.sec.gov/Archives/edgar/data/911177/000104746903024983/0001047469-03-024983-index.htm", "finalLink": "https://www.sec.gov/Archives/edgar/data/911177/000104746903024983/a2112018z10-k.htm", "calculatedOtherExpenses": 52794000, "calculatedOperatingExpenses": 108566000, "calculatedNetInterest": -26254000, "calculatedOtherIncome": 3824000, "calculatedIncomeNonControlling": 66036000, "calculatedEbitda": 81880000}, {"date": "2002-04-30", "symbol": "CWST", "reportedCurrency": "USD", "cik": "0000911177", "fillingDate": "2002-07-12", "acceptedDate": "2002-07-12 09:19:33", "calendarYear": "2002", "period": "FY", "revenue": 420821000, "costOfRevenue": 275706000, "grossProfit": 145115000, "grossProfitRatio": 0.3448378289, "researchAndDevelopmentExpenses": 0, "generalAndAdministrativeExpenses": 0, "sellingAndMarketingExpenses": 0, "sellingGeneralAndAdministrativeExpenses": 53105000, "otherExpenses": 50696000, "operatingExpenses": 103801000, "costAndExpenses": 379507000, "interestIncome": 0, "interestExpense": 30571000, "depreciationAndAmortization": 50696000, "ebitda": 85193000, "ebitdaratio": 0.2024447449, "operatingIncome": 41752000, "operatingIncomeRatio": 0.099215581, "totalOtherIncomeExpensesNet": 6817000, "incomeBeforeTax": 17714000, "incomeBeforeTaxRatio": 0.0420939069, "incomeTaxExpense": 5887000, "netIncome": 7481000, "netIncomeRatio": 0.0177771547, "eps": 0.32, "epsdiluted": 0.31, "weightedAverageShsOut": 23496000, "weightedAverageShsOutDil": 24169000, "link": "https://www.sec.gov/Archives/edgar/data/911177/000091205702027105/0000912057-02-027105-index.htm", "finalLink": "https://www.sec.gov/Archives/edgar/data/911177/000091205702027105/a2083863z10-k.htm", "calculatedOtherExpenses": 50258000, "calculatedOperatingExpenses": 103363000, "calculatedNetInterest": -30571000, "calculatedOtherIncome": 6533000, "calculatedIncomeNonControlling": 4346000, "calculatedEbitda": 92448000}, {"date": "2001-04-30", "symbol": "CWST", "reportedCurrency": "USD", "cik": "0000911177", "fillingDate": "2001-07-30", "acceptedDate": "2001-07-30 00:00:00", "calendarYear": "2001", "period": "FY", "revenue": 479816000, "costOfRevenue": 323703000, "grossProfit": 156113000, "grossProfitRatio": 0.3253601381, "researchAndDevelopmentExpenses": 0, "generalAndAdministrativeExpenses": 0, "sellingAndMarketingExpenses": 0, "sellingGeneralAndAdministrativeExpenses": 62612000, "otherExpenses": 52883000, "operatingExpenses": 115495000, "costAndExpenses": 439198000, "interestIncome": 0, "interestExpense": 30571000, "depreciationAndAmortization": 52883000, "ebitda": 189418000, "ebitdaratio": 0.3947721627, "operatingIncome": 36467000, "operatingIncomeRatio": 0.0760020508, "totalOtherIncomeExpensesNet": -95917000, "incomeBeforeTax": -94972000, "incomeBeforeTaxRatio": -0.1979342081, "incomeTaxExpense": -12731000, "netIncome": -101535000, "netIncomeRatio": -0.2116123681, "eps": -4.38, "epsdiluted": -4.38, "weightedAverageShsOut": 23189000, "weightedAverageShsOutDil": 23189000, "link": "https://www.sec.gov/Archives/edgar/data/911177/000107261301500742/0001072613-01-500742-index.htm", "finalLink": "https://www.sec.gov/Archives/edgar/data/911177/000107261301500742/form10k_10761.txt", "calculatedOtherExpenses": 57034000, "calculatedOperatingExpenses": 119646000, "calculatedNetInterest": -30571000, "calculatedOtherIncome": -100868000, "calculatedIncomeNonControlling": 19294000, "calculatedEbitda": 89350000}, {"date": "2000-04-30", "symbol": "CWST", "reportedCurrency": "USD", "cik": "0000911177", "fillingDate": "2000-08-04", "acceptedDate": "2000-08-04 00:00:00", "calendarYear": "2000", "period": "FY", "revenue": 337347000, "costOfRevenue": 210730000, "grossProfit": 126617000, "grossProfitRatio": 0.3753316318, "researchAndDevelopmentExpenses": 0, "generalAndAdministrativeExpenses": 0, "sellingAndMarketingExpenses": 0, "sellingGeneralAndAdministrativeExpenses": 42116000, "otherExpenses": 40211000, "operatingExpenses": 82327000, "costAndExpenses": 293057000, "interestIncome": 0, "interestExpense": 0, "depreciationAndAmortization": 40211000, "ebitda": 87654000, "ebitdaratio": 0.2598333467, "operatingIncome": 44290000, "operatingIncomeRatio": 0.1312891474, "totalOtherIncomeExpensesNet": -3153000, "incomeBeforeTax": 25601000, "incomeBeforeTaxRatio": 0.0758892179, "incomeTaxExpense": 12258000, "netIncome": 11050000, "netIncomeRatio": 0.0327555899, "eps": 0.59, "epsdiluted": 0.57, "weightedAverageShsOut": 18731000, "weightedAverageShsOutDil": 19272000, "link": "https://www.sec.gov/Archives/edgar/data/911177/000107261300000765/0001072613-00-000765-index.htm", "finalLink": "https://www.sec.gov/Archives/edgar/data/911177/000107261300000765/0001072613-00-000765-0001.txt", "calculatedOtherExpenses": 40211000, "calculatedOperatingExpenses": 82327000, "calculatedNetInterest": 0, "calculatedOtherIncome": -18689000, "calculatedIncomeNonControlling": 2293000, "calculatedEbitda": 84501000}, {"date": "1999-04-30", "symbol": "CWST", "reportedCurrency": "USD", "cik": "0000911177", "fillingDate": "1999-07-29", "acceptedDate": "1999-07-29 00:00:00", "calendarYear": "1999", "period": "FY", "revenue": 173400000, "costOfRevenue": 99900000, "grossProfit": 73500000, "grossProfitRatio": 0.4238754325, "researchAndDevelopmentExpenses": 0, "generalAndAdministrativeExpenses": 0, "sellingAndMarketingExpenses": 0, "sellingGeneralAndAdministrativeExpenses": 25600000, "otherExpenses": 24800000, "operatingExpenses": 50400000, "costAndExpenses": 150300000, "interestIncome": 0, "interestExpense": 0, "depreciationAndAmortization": 24800000, "ebitda": 49500000, "ebitdaratio": 0.285467128, "operatingIncome": 23100000, "operatingIncomeRatio": 0.1332179931, "totalOtherIncomeExpensesNet": -1600000, "incomeBeforeTax": 16600000, "incomeBeforeTaxRatio": 0.0957324106, "incomeTaxExpense": 7500000, "netIncome": 9100000, "netIncomeRatio": 0.0524798155, "eps": 0.6, "epsdiluted": 0.57, "weightedAverageShsOut": 15145000, "weightedAverageShsOutDil": 16019000, "link": "https://www.sec.gov/Archives/edgar/data/911177/000104746999029080/0001047469-99-029080-index.html", "finalLink": "https://www.sec.gov/Archives/edgar/data/911177/000104746999029080/", "calculatedOtherExpenses": 24800000, "calculatedOperatingExpenses": 50400000, "calculatedNetInterest": 0, "calculatedOtherIncome": -6500000, "calculatedIncomeNonControlling": 0, "calculatedEbitda": 47900000}, {"date": "1998-04-30", "symbol": "CWST", "reportedCurrency": "USD", "cik": "0000911177", "fillingDate": "1998-06-25", "acceptedDate": "1998-06-25 00:00:00", "calendarYear": "1998", "period": "FY", "revenue": 118100000, "costOfRevenue": 69900000, "grossProfit": 48200000, "grossProfitRatio": 0.4081287045, "researchAndDevelopmentExpenses": 0, "generalAndAdministrativeExpenses": 0, "sellingAndMarketingExpenses": 0, "sellingGeneralAndAdministrativeExpenses": 17100000, "otherExpenses": 18300000, "operatingExpenses": 35400000, "costAndExpenses": 105300000, "interestIncome": 0, "interestExpense": 0, "depreciationAndAmortization": 18300000, "ebitda": 32200000, "ebitdaratio": 0.2726502964, "operatingIncome": 12800000, "operatingIncomeRatio": 0.1083827265, "totalOtherIncomeExpensesNet": -1100000, "incomeBeforeTax": 5100000, "incomeBeforeTaxRatio": 0.0431837426, "incomeTaxExpense": 2400000, "netIncome": 2700000, "netIncomeRatio": 0.0228619814, "eps": 0.28, "epsdiluted": 0.28, "weightedAverageShsOut": 9547000, "weightedAverageShsOutDil": 9547000, "link": "https://www.sec.gov/Archives/edgar/data/911177/000102986998000840/0001029869-98-000840-index.html", "finalLink": "https://www.sec.gov/Archives/edgar/data/911177/", "calculatedOtherExpenses": 18300000, "calculatedOperatingExpenses": 35400000, "calculatedNetInterest": 0, "calculatedOtherIncome": -7700000, "calculatedIncomeNonControlling": 0, "calculatedEbitda": 31100000}, {"date": "1997-04-30", "symbol": "CWST", "reportedCurrency": "USD", "cik": "0000911177", "fillingDate": "1997-04-30", "acceptedDate": "1997-04-30 00:00:00", "calendarYear": "1997", "period": "FY", "revenue": 73200000, "costOfRevenue": 43500000, "grossProfit": 29700000, "grossProfitRatio": 0.4057377049, "researchAndDevelopmentExpenses": 0, "generalAndAdministrativeExpenses": 0, "sellingAndMarketingExpenses": 0, "sellingGeneralAndAdministrativeExpenses": 11300000, "otherExpenses": 13100000, "operatingExpenses": 24400000, "costAndExpenses": 67900000, "interestIncome": 0, "interestExpense": 0, "depreciationAndAmortization": 13100000, "ebitda": 19300000, "ebitdaratio": 0.2636612022, "operatingIncome": 5300000, "operatingIncomeRatio": 0.0724043716, "totalOtherIncomeExpensesNet": -900000, "incomeBeforeTax": 500000, "incomeBeforeTaxRatio": 0.0068306011, "incomeTaxExpense": 500000, "netIncome": 0, "netIncomeRatio": 0, "eps": 0, "epsdiluted": 0, "weightedAverageShsOut": 7333000, "weightedAverageShsOutDil": 7333000, "link": null, "finalLink": null, "calculatedOtherExpenses": 13100000, "calculatedOperatingExpenses": 24400000, "calculatedNetInterest": 0, "calculatedOtherIncome": -4800000, "calculatedIncomeNonControlling": 0, "calculatedEbitda": 18400000}]}