{"originalCurrency": "USD", "convertedCurrency": "USD", "report": [{"date": "2023-12-31", "symbol": "CWT", "reportedCurrency": "USD", "cik": "0001035201", "fillingDate": "2024-02-29", "acceptedDate": "2024-02-29 16:38:03", "calendarYear": "2023", "period": "FY", "revenue": 794632000, "costOfRevenue": 554180000, "grossProfit": 240452000, "grossProfitRatio": 0.3025954152, "researchAndDevelopmentExpenses": 0, "generalAndAdministrativeExpenses": 26000, "sellingAndMarketingExpenses": 142209000, "sellingGeneralAndAdministrativeExpenses": 142235000, "otherExpenses": -36271000, "operatingExpenses": 178506000, "costAndExpenses": 732686000, "interestIncome": 303000, "interestExpense": 52809000, "depreciationAndAmortization": 123124000, "ebitda": 185070000, "ebitdaratio": 0.2329002607, "operatingIncome": 61946000, "operatingIncomeRatio": 0.077955582, "totalOtherIncomeExpensesNet": -17351000, "incomeBeforeTax": 44595000, "incomeBeforeTaxRatio": 0.0561203173, "incomeTaxExpense": -6781000, "netIncome": 51911000, "netIncomeRatio": 0.0653270948, "eps": 0.91, "epsdiluted": 0.91, "weightedAverageShsOut": 56952000, "weightedAverageShsOutDil": 56983000, "link": "https://www.sec.gov/Archives/edgar/data/1035201/000103520124000004/0001035201-24-000004-index.htm", "finalLink": "https://www.sec.gov/Archives/edgar/data/1035201/000103520124000004/cwt-20231231.htm", "calculatedOtherExpenses": 36271000, "calculatedOperatingExpenses": 178506000, "calculatedNetInterest": -52506000, "calculatedOtherIncome": 35155000, "calculatedIncomeNonControlling": -535000, "calculatedEbitda": 185070000}, {"date": "2022-12-31", "symbol": "CWT", "reportedCurrency": "USD", "cik": "0001035201", "fillingDate": "2023-03-01", "acceptedDate": "2023-03-01 16:24:14", "calendarYear": "2022", "period": "FY", "revenue": 846431000, "costOfRevenue": 316979000, "grossProfit": 529452000, "grossProfitRatio": 0.6255111167, "researchAndDevelopmentExpenses": 0, "generalAndAdministrativeExpenses": 132718000, "sellingAndMarketingExpenses": 0, "sellingGeneralAndAdministrativeExpenses": 132718000, "otherExpenses": 265812000, "operatingExpenses": 398530000, "costAndExpenses": 715509000, "interestIncome": 177000, "interestExpense": 44342000, "depreciationAndAmortization": 128768000, "ebitda": 256428000, "ebitdaratio": 0.3029520422, "operatingIncome": 127660000, "operatingIncomeRatio": 0.1508215082, "totalOtherIncomeExpensesNet": -26022000, "incomeBeforeTax": 101638000, "incomeBeforeTaxRatio": 0.1200783053, "incomeTaxExpense": 6375000, "netIncome": 96011000, "netIncomeRatio": 0.1134303918, "eps": 1.77, "epsdiluted": 1.77, "weightedAverageShsOut": 54320000, "weightedAverageShsOutDil": 54363000, "link": "https://www.sec.gov/Archives/edgar/data/1035201/000103520123000003/0001035201-23-000003-index.htm", "finalLink": "https://www.sec.gov/Archives/edgar/data/1035201/000103520123000003/cwt-20221231.htm", "calculatedOtherExpenses": 269074000, "calculatedOperatingExpenses": 401792000, "calculatedNetInterest": -44165000, "calculatedOtherIncome": 18143000, "calculatedIncomeNonControlling": -748000, "calculatedEbitda": 256428000}, {"date": "2021-12-31", "symbol": "CWT", "reportedCurrency": "USD", "cik": "0001035201", "fillingDate": "2022-02-24", "acceptedDate": "2022-02-24 16:33:14", "calendarYear": "2021", "period": "FY", "revenue": 790909000, "costOfRevenue": 307066000, "grossProfit": 483843000, "grossProfitRatio": 0.6117555876, "researchAndDevelopmentExpenses": 0, "generalAndAdministrativeExpenses": 126686000, "sellingAndMarketingExpenses": 0, "sellingGeneralAndAdministrativeExpenses": 126686000, "otherExpenses": 227582000, "operatingExpenses": 354268000, "costAndExpenses": 661334000, "interestIncome": 171000, "interestExpense": 43214000, "depreciationAndAmortization": 127644000, "ebitda": 253814000, "ebitdaratio": 0.3209142898, "operatingIncome": 126170000, "operatingIncomeRatio": 0.1595253057, "totalOtherIncomeExpensesNet": -21099000, "incomeBeforeTax": 105071000, "incomeBeforeTaxRatio": 0.1328484061, "incomeTaxExpense": 4092000, "netIncome": 101125000, "netIncomeRatio": 0.1278592101, "eps": 1.96, "epsdiluted": 1.96, "weightedAverageShsOut": 51633000, "weightedAverageShsOutDil": 51633000, "link": "https://www.sec.gov/Archives/edgar/data/1035201/000103520122000002/0001035201-22-000002-index.htm", "finalLink": "https://www.sec.gov/Archives/edgar/data/1035201/000103520122000002/cwt-20211231.htm", "calculatedOtherExpenses": 230987000, "calculatedOperatingExpenses": 357673000, "calculatedNetInterest": -43043000, "calculatedOtherIncome": 21944000, "calculatedIncomeNonControlling": -146000, "calculatedEbitda": 253814000}, {"date": "2020-12-31", "symbol": "CWT", "reportedCurrency": "USD", "cik": "0001035201", "fillingDate": "2021-02-25", "acceptedDate": "2021-02-25 16:14:04", "calendarYear": "2020", "period": "FY", "revenue": 794307000, "costOfRevenue": 304755000, "grossProfit": 489552000, "grossProfitRatio": 0.6163259294, "researchAndDevelopmentExpenses": 0, "generalAndAdministrativeExpenses": 117058000, "sellingAndMarketingExpenses": 0, "sellingGeneralAndAdministrativeExpenses": 117058000, "otherExpenses": 224393000, "operatingExpenses": 341451000, "costAndExpenses": 646206000, "interestIncome": 52000, "interestExpense": 41862000, "depreciationAndAmortization": 107574000, "ebitda": 244240000, "ebitdaratio": 0.3074881626, "operatingIncome": 136666000, "operatingIncomeRatio": 0.1720568999, "totalOtherIncomeExpensesNet": -27817000, "incomeBeforeTax": 108849000, "incomeBeforeTaxRatio": 0.1370364355, "incomeTaxExpense": 12018000, "netIncome": 96831000, "netIncomeRatio": 0.1219062655, "eps": 1.97, "epsdiluted": 1.97, "weightedAverageShsOut": 49274000, "weightedAverageShsOutDil": 49274000, "link": "https://www.sec.gov/Archives/edgar/data/1035201/000103520121000003/0001035201-21-000003-index.htm", "finalLink": "https://www.sec.gov/Archives/edgar/data/1035201/000103520121000003/cwt-20201231.htm", "calculatedOtherExpenses": 235828000, "calculatedOperatingExpenses": 352886000, "calculatedNetInterest": -41810000, "calculatedOtherIncome": 13993000, "calculatedIncomeNonControlling": 0, "calculatedEbitda": 244240000}, {"date": "2019-12-31", "symbol": "CWT", "reportedCurrency": "USD", "cik": "0001035201", "fillingDate": "2020-02-27", "acceptedDate": "2020-02-27 15:26:55", "calendarYear": "2019", "period": "FY", "revenue": 714557000, "costOfRevenue": 282175000, "grossProfit": 432382000, "grossProfitRatio": 0.6051049811, "researchAndDevelopmentExpenses": 0, "generalAndAdministrativeExpenses": 108617000, "sellingAndMarketingExpenses": 0, "sellingGeneralAndAdministrativeExpenses": 108617000, "otherExpenses": 208073000, "operatingExpenses": 316690000, "costAndExpenses": 598865000, "interestIncome": 92000, "interestExpense": 41221000, "depreciationAndAmortization": 105131000, "ebitda": 204543000, "ebitdaratio": 0.2862514817, "operatingIncome": 99412000, "operatingIncomeRatio": 0.1391239607, "totalOtherIncomeExpensesNet": -18625000, "incomeBeforeTax": 80787000, "incomeBeforeTaxRatio": 0.1130588602, "incomeTaxExpense": 17671000, "netIncome": 63116000, "netIncomeRatio": 0.0883288527, "eps": 1.31, "epsdiluted": 1.31, "weightedAverageShsOut": 48168000, "weightedAverageShsOutDil": 48168000, "link": "https://www.sec.gov/Archives/edgar/data/1035201/000103520120000002/0001035201-20-000002-index.htm", "finalLink": "https://www.sec.gov/Archives/edgar/data/1035201/000103520120000002/cwt-12312019x10k.htm", "calculatedOtherExpenses": 224353000, "calculatedOperatingExpenses": 332970000, "calculatedNetInterest": -41129000, "calculatedOtherIncome": 22504000, "calculatedIncomeNonControlling": 0, "calculatedEbitda": 204543000}, {"date": "2018-12-31", "symbol": "CWT", "reportedCurrency": "USD", "cik": "0001035201", "fillingDate": "2019-02-28", "acceptedDate": "2019-02-28 14:18:12", "calendarYear": "2018", "period": "FY", "revenue": 698196000, "costOfRevenue": 277341000, "grossProfit": 420855000, "grossProfitRatio": 0.6027748655, "researchAndDevelopmentExpenses": 0, "generalAndAdministrativeExpenses": 100781000, "sellingAndMarketingExpenses": 0, "sellingGeneralAndAdministrativeExpenses": 100781000, "otherExpenses": -13773000, "operatingExpenses": 291726000, "costAndExpenses": 569067000, "interestIncome": 0, "interestExpense": 37854000, "depreciationAndAmortization": 83781000, "ebitda": 199137000, "ebitdaratio": 0.2852164722, "operatingIncome": 110540000, "operatingIncomeRatio": 0.1583223049, "totalOtherIncomeExpensesNet": -9819000, "incomeBeforeTax": 81456000, "incomeBeforeTaxRatio": 0.1166663802, "incomeTaxExpense": 15872000, "netIncome": 65584000, "netIncomeRatio": 0.0939335086, "eps": 1.36, "epsdiluted": 1.36, "weightedAverageShsOut": 48060000, "weightedAverageShsOutDil": 48060000, "link": "https://www.sec.gov/Archives/edgar/data/1035201/000103520119000003/0001035201-19-000003-index.htm", "finalLink": "https://www.sec.gov/Archives/edgar/data/1035201/000103520119000003/cwt-12312018x10k.htm", "calculatedOtherExpenses": 209534000, "calculatedOperatingExpenses": 310315000, "calculatedNetInterest": -37854000, "calculatedOtherIncome": 8770000, "calculatedIncomeNonControlling": 0, "calculatedEbitda": 194321000}, {"date": "2017-12-31", "symbol": "CWT", "reportedCurrency": "USD", "cik": "0001035201", "fillingDate": "2018-03-01", "acceptedDate": "2018-03-01 15:22:21", "calendarYear": "2017", "period": "FY", "revenue": 666890000, "costOfRevenue": 264397000, "grossProfit": 402493000, "grossProfitRatio": 0.603537315, "researchAndDevelopmentExpenses": 0, "generalAndAdministrativeExpenses": 102914000, "sellingAndMarketingExpenses": 0, "sellingGeneralAndAdministrativeExpenses": 102914000, "otherExpenses": 6508000, "operatingExpenses": 278942000, "costAndExpenses": 543339000, "interestIncome": 0, "interestExpense": 33928000, "depreciationAndAmortization": 78592000, "ebitda": 208651000, "ebitdaratio": 0.312871688, "operatingIncome": 94623000, "operatingIncomeRatio": 0.1418869679, "totalOtherIncomeExpensesNet": 10921000, "incomeBeforeTax": 100544000, "incomeBeforeTaxRatio": 0.1507654936, "incomeTaxExpense": 33363000, "netIncome": 67181000, "netIncomeRatio": 0.1007377529, "eps": 1.52, "epsdiluted": 1.52, "weightedAverageShsOut": 48009000, "weightedAverageShsOutDil": 48009000, "link": "https://www.sec.gov/Archives/edgar/data/1035201/000103520118000003/0001035201-18-000003-index.htm", "finalLink": "https://www.sec.gov/Archives/edgar/data/1035201/000103520118000003/cwt-12312017x10k.htm", "calculatedOtherExpenses": 204956000, "calculatedOperatingExpenses": 307870000, "calculatedNetInterest": -33928000, "calculatedOtherIncome": 39849000, "calculatedIncomeNonControlling": 0, "calculatedEbitda": 173215000}, {"date": "2016-12-31", "symbol": "CWT", "reportedCurrency": "USD", "cik": "0001035201", "fillingDate": "2017-02-23", "acceptedDate": "2017-02-23 17:02:33", "calendarYear": "2016", "period": "FY", "revenue": 609370000, "costOfRevenue": 242986000, "grossProfit": 366384000, "grossProfitRatio": 0.6012504718, "researchAndDevelopmentExpenses": 0, "generalAndAdministrativeExpenses": 98474000, "sellingAndMarketingExpenses": 0, "sellingGeneralAndAdministrativeExpenses": 98474000, "otherExpenses": 4994000, "operatingExpenses": 265386000, "costAndExpenses": 508372000, "interestIncome": 0, "interestExpense": 30501000, "depreciationAndAmortization": 63599000, "ebitda": 169591000, "ebitdaratio": 0.278305463, "operatingIncome": 76194000, "operatingIncomeRatio": 0.1250373336, "totalOtherIncomeExpensesNet": 4994000, "incomeBeforeTax": 75491000, "incomeBeforeTaxRatio": 0.1238836831, "incomeTaxExpense": 26816000, "netIncome": 48675000, "netIncomeRatio": 0.0798775785, "eps": 1.02, "epsdiluted": 1.01, "weightedAverageShsOut": 47953000, "weightedAverageShsOutDil": 47956000, "link": "https://www.sec.gov/Archives/edgar/data/1035201/000103520117000003/0001035201-17-000003-index.htm", "finalLink": "https://www.sec.gov/Archives/edgar/data/1035201/000103520117000003/cwt-12312016x10k.htm", "calculatedOtherExpenses": 191716000, "calculatedOperatingExpenses": 290190000, "calculatedNetInterest": -30501000, "calculatedOtherIncome": 29798000, "calculatedIncomeNonControlling": 0, "calculatedEbitda": 139793000}, {"date": "2015-12-31", "symbol": "CWT", "reportedCurrency": "USD", "cik": "0001035201", "fillingDate": "2016-02-25", "acceptedDate": "2016-02-25 16:11:52", "calendarYear": "2015", "period": "FY", "revenue": 588368000, "costOfRevenue": 229389000, "grossProfit": 358979000, "grossProfitRatio": 0.6101266554, "researchAndDevelopmentExpenses": 0, "generalAndAdministrativeExpenses": 113110000, "sellingAndMarketingExpenses": 0, "sellingGeneralAndAdministrativeExpenses": 113110000, "otherExpenses": 1895000, "operatingExpenses": 263298000, "costAndExpenses": 492687000, "interestIncome": 39000, "interestExpense": 27270000, "depreciationAndAmortization": 61381000, "ebitda": 158957000, "ebitdaratio": 0.2701659506, "operatingIncome": 71153000, "operatingIncomeRatio": 0.1209328176, "totalOtherIncomeExpensesNet": 1895000, "incomeBeforeTax": 70306000, "incomeBeforeTaxRatio": 0.1194932423, "incomeTaxExpense": 25289000, "netIncome": 45017000, "netIncomeRatio": 0.076511639, "eps": 0.94, "epsdiluted": 0.94, "weightedAverageShsOut": 47865000, "weightedAverageShsOutDil": 47880000, "link": "https://www.sec.gov/Archives/edgar/data/1035201/000103520116000009/0001035201-16-000009-index.htm", "finalLink": "https://www.sec.gov/Archives/edgar/data/1035201/000103520116000009/cwt-12312015x10k.htm", "calculatedOtherExpenses": 174716000, "calculatedOperatingExpenses": 287826000, "calculatedNetInterest": -27231000, "calculatedOtherIncome": 26384000, "calculatedIncomeNonControlling": 0, "calculatedEbitda": 132534000}, {"date": "2014-12-31", "symbol": "CWT", "reportedCurrency": "USD", "cik": "0001035201", "fillingDate": "2015-02-26", "acceptedDate": "2015-02-26 17:20:37", "calendarYear": "2014", "period": "FY", "revenue": 597499000, "costOfRevenue": 243795000, "grossProfit": 353704000, "grossProfitRatio": 0.5919742125, "researchAndDevelopmentExpenses": 0, "generalAndAdministrativeExpenses": 97373000, "sellingAndMarketingExpenses": 0, "sellingGeneralAndAdministrativeExpenses": 97373000, "otherExpenses": 3084000, "operatingExpenses": 245130000, "costAndExpenses": 488925000, "interestIncome": 0, "interestExpense": 26948000, "depreciationAndAmortization": 61217000, "ebitda": 172875000, "ebitdaratio": 0.2893310282, "operatingIncome": 81847000, "operatingIncomeRatio": 0.136982656, "totalOtherIncomeExpensesNet": 3084000, "incomeBeforeTax": 84710000, "incomeBeforeTaxRatio": 0.1417742959, "incomeTaxExpense": 27972000, "netIncome": 56738000, "netIncomeRatio": 0.0949591547, "eps": 1.19, "epsdiluted": 1.19, "weightedAverageShsOut": 47791000, "weightedAverageShsOutDil": 47829000, "link": "https://www.sec.gov/Archives/edgar/data/1035201/000104746915001307/0001047469-15-001307-index.htm", "finalLink": "https://www.sec.gov/Archives/edgar/data/1035201/000104746915001307/a2223126z10-k.htm", "calculatedOtherExpenses": 174484000, "calculatedOperatingExpenses": 271857000, "calculatedNetInterest": -26948000, "calculatedOtherIncome": 29811000, "calculatedIncomeNonControlling": 0, "calculatedEbitda": 143064000}, {"date": "2013-12-31", "symbol": "CWT", "reportedCurrency": "USD", "cik": "0001035201", "fillingDate": "2014-02-27", "acceptedDate": "2014-02-27 16:22:01", "calendarYear": "2013", "period": "FY", "revenue": 584103000, "costOfRevenue": 243429000, "grossProfit": 340674000, "grossProfitRatio": 0.5832430239, "researchAndDevelopmentExpenses": 0, "generalAndAdministrativeExpenses": 98055000, "sellingAndMarketingExpenses": 0, "sellingGeneralAndAdministrativeExpenses": 98055000, "otherExpenses": 3530000, "operatingExpenses": 247622000, "costAndExpenses": 491051000, "interestIncome": 0, "interestExpense": 28859000, "depreciationAndAmortization": 58320000, "ebitda": 154902000, "ebitdaratio": 0.265196378, "operatingIncome": 74005000, "operatingIncomeRatio": 0.1266985446, "totalOtherIncomeExpensesNet": 3530000, "incomeBeforeTax": 67723000, "incomeBeforeTaxRatio": 0.1159435921, "incomeTaxExpense": 20469000, "netIncome": 47254000, "netIncomeRatio": 0.0809001152, "eps": 1.02, "epsdiluted": 1.02, "weightedAverageShsOut": 46384000, "weightedAverageShsOutDil": 46417000, "link": "https://www.sec.gov/Archives/edgar/data/1035201/000104746914001487/0001047469-14-001487-index.htm", "finalLink": "https://www.sec.gov/Archives/edgar/data/1035201/000104746914001487/a2218379z10-k.htm", "calculatedOtherExpenses": 168614000, "calculatedOperatingExpenses": 266669000, "calculatedNetInterest": -28859000, "calculatedOtherIncome": 22577000, "calculatedIncomeNonControlling": 0, "calculatedEbitda": 132325000}, {"date": "2012-12-31", "symbol": "CWT", "reportedCurrency": "USD", "cik": "0001035201", "fillingDate": "2013-02-28", "acceptedDate": "2013-02-28 17:30:14", "calendarYear": "2012", "period": "FY", "revenue": 559966000, "costOfRevenue": 221841000, "grossProfit": 338125000, "grossProfitRatio": 0.603831304, "researchAndDevelopmentExpenses": 0, "generalAndAdministrativeExpenses": 93927000, "sellingAndMarketingExpenses": 0, "sellingGeneralAndAdministrativeExpenses": 93927000, "otherExpenses": 5133000, "operatingExpenses": 244926000, "costAndExpenses": 466767000, "interestIncome": 0, "interestExpense": 28136000, "depreciationAndAmortization": 54668000, "ebitda": 153000000, "ebitdaratio": 0.2732308747, "operatingIncome": 73843000, "operatingIncomeRatio": 0.1318705064, "totalOtherIncomeExpensesNet": 5217000, "incomeBeforeTax": 70280000, "incomeBeforeTaxRatio": 0.1255076201, "incomeTaxExpense": 21452000, "netIncome": 48828000, "netIncomeRatio": 0.0871981513, "eps": 1.17, "epsdiluted": 1.17, "weightedAverageShsOut": 41892000, "weightedAverageShsOutDil": 41892000, "link": "https://www.sec.gov/Archives/edgar/data/1035201/000104746913001968/0001047469-13-001968-index.htm", "finalLink": "https://www.sec.gov/Archives/edgar/data/1035201/000104746913001968/a2213055z10-k.htm", "calculatedOtherExpenses": 170355000, "calculatedOperatingExpenses": 264282000, "calculatedNetInterest": -28136000, "calculatedOtherIncome": 24573000, "calculatedIncomeNonControlling": 0, "calculatedEbitda": 128511000}, {"date": "2011-12-31", "symbol": "CWT", "reportedCurrency": "USD", "cik": "0001035201", "fillingDate": "2012-02-29", "acceptedDate": "2012-02-29 17:11:14", "calendarYear": "2011", "period": "FY", "revenue": 501814000, "costOfRevenue": 181753000, "grossProfit": 320061000, "grossProfitRatio": 0.6378080325, "researchAndDevelopmentExpenses": 0, "generalAndAdministrativeExpenses": 85758000, "sellingAndMarketingExpenses": 0, "sellingGeneralAndAdministrativeExpenses": 85758000, "otherExpenses": 167136000, "operatingExpenses": 252894000, "costAndExpenses": 434647000, "interestIncome": 0, "interestExpense": 29714000, "depreciationAndAmortization": 51981000, "ebitda": 118889000, "ebitdaratio": 0.2369184598, "operatingIncome": 67167000, "operatingIncomeRatio": 0.133848398, "totalOtherIncomeExpensesNet": 259000, "incomeBeforeTax": 37712000, "incomeBeforeTaxRatio": 0.0751513509, "incomeTaxExpense": 29455000, "netIncome": 37712000, "netIncomeRatio": 0.0751513509, "eps": 0.9, "epsdiluted": 0.9, "weightedAverageShsOut": 41762000, "weightedAverageShsOutDil": 41772000, "link": "https://www.sec.gov/Archives/edgar/data/1035201/000104746912001921/0001047469-12-001921-index.htm", "finalLink": "https://www.sec.gov/Archives/edgar/data/1035201/000104746912001921/a2207625z10-k.htm", "calculatedOtherExpenses": 167136000, "calculatedOperatingExpenses": 252894000, "calculatedNetInterest": -29714000, "calculatedOtherIncome": 259000, "calculatedIncomeNonControlling": -29455000, "calculatedEbitda": 119148000}, {"date": "2010-12-31", "symbol": "CWT", "reportedCurrency": "USD", "cik": "0001035201", "fillingDate": "2011-03-01", "acceptedDate": "2011-02-28 20:13:47", "calendarYear": "2010", "period": "FY", "revenue": 460399000, "costOfRevenue": 164107000, "grossProfit": 296292000, "grossProfitRatio": 0.6435548296, "researchAndDevelopmentExpenses": 0, "generalAndAdministrativeExpenses": 75276000, "sellingAndMarketingExpenses": 0, "sellingGeneralAndAdministrativeExpenses": 75276000, "otherExpenses": 102685000, "operatingExpenses": 234479000, "costAndExpenses": 398586000, "interestIncome": 0, "interestExpense": 26373000, "depreciationAndAmortization": 42828000, "ebitda": 102425000, "ebitdaratio": 0.2224700749, "operatingIncome": 61813000, "operatingIncomeRatio": 0.1342596313, "totalOtherIncomeExpensesNet": 2216000, "incomeBeforeTax": 37656000, "incomeBeforeTaxRatio": 0.0817899257, "incomeTaxExpense": 24157000, "netIncome": 37656000, "netIncomeRatio": 0.0817899257, "eps": 0.9, "epsdiluted": 0.9, "weightedAverageShsOut": 41612000, "weightedAverageShsOutDil": 41638000, "link": "https://www.sec.gov/Archives/edgar/data/1035201/000095012311020033/0000950123-11-020033-index.htm", "finalLink": "https://www.sec.gov/Archives/edgar/data/1035201/000095012311020033/f57499e10vk.htm", "calculatedOtherExpenses": 159203000, "calculatedOperatingExpenses": 234479000, "calculatedNetInterest": -26373000, "calculatedOtherIncome": 2216000, "calculatedIncomeNonControlling": -24157000, "calculatedEbitda": 104641000}, {"date": "2009-12-31", "symbol": "CWT", "reportedCurrency": "USD", "cik": "0001035201", "fillingDate": "2010-03-01", "acceptedDate": "2010-02-26 21:36:36", "calendarYear": "2009", "period": "FY", "revenue": 449372000, "costOfRevenue": 216061000, "grossProfit": 233311000, "grossProfitRatio": 0.5191934522, "researchAndDevelopmentExpenses": 0, "generalAndAdministrativeExpenses": 75243000, "sellingAndMarketingExpenses": 0, "sellingGeneralAndAdministrativeExpenses": 75243000, "otherExpenses": 99949000, "operatingExpenses": 175192000, "costAndExpenses": 391253000, "interestIncome": 106000, "interestExpense": 21313000, "depreciationAndAmortization": 39778000, "ebitda": 94149000, "ebitdaratio": 0.2095123862, "operatingIncome": 58119000, "operatingIncomeRatio": 0.1293338259, "totalOtherIncomeExpensesNet": 3748000, "incomeBeforeTax": 40554000, "incomeBeforeTaxRatio": 0.0902459432, "incomeTaxExpense": 17565000, "netIncome": 40554000, "netIncomeRatio": 0.0902459432, "eps": 0.98, "epsdiluted": 0.98, "weightedAverageShsOut": 41490000, "weightedAverageShsOutDil": 41532000, "link": "https://www.sec.gov/Archives/edgar/data/1035201/000095012310018557/0000950123-10-018557-index.htm", "finalLink": "https://www.sec.gov/Archives/edgar/data/1035201/000095012310018557/f54772e10vk.htm", "calculatedOtherExpenses": 99949000, "calculatedOperatingExpenses": 175192000, "calculatedNetInterest": -21207000, "calculatedOtherIncome": 3642000, "calculatedIncomeNonControlling": -17565000, "calculatedEbitda": 97897000}, {"date": "2008-12-31", "symbol": "CWT", "reportedCurrency": "USD", "cik": "0001035201", "fillingDate": "2009-03-02", "acceptedDate": "2009-03-02 16:00:27", "calendarYear": "2008", "period": "FY", "revenue": 410312000, "costOfRevenue": 137665000, "grossProfit": 272647000, "grossProfitRatio": 0.6644870245, "researchAndDevelopmentExpenses": 0, "generalAndAdministrativeExpenses": 59429000, "sellingAndMarketingExpenses": 0, "sellingGeneralAndAdministrativeExpenses": 59429000, "otherExpenses": 131242000, "operatingExpenses": 190671000, "costAndExpenses": 328336000, "interestIncome": 0, "interestExpense": 17180000, "depreciationAndAmortization": 39485000, "ebitda": 122321000, "ebitdaratio": 0.2981170426, "operatingIncome": 81976000, "operatingIncomeRatio": 0.1997894285, "totalOtherIncomeExpensesNet": -860000, "incomeBeforeTax": 63936000, "incomeBeforeTaxRatio": 0.155822886, "incomeTaxExpense": 24131000, "netIncome": 39805000, "netIncomeRatio": 0.0970115424, "eps": 0.95, "epsdiluted": 0.95, "weightedAverageShsOut": 41420000, "weightedAverageShsOutDil": 41468000, "link": "https://www.sec.gov/Archives/edgar/data/1035201/000095013409004228/0000950134-09-004228-index.htm", "finalLink": "https://www.sec.gov/Archives/edgar/data/1035201/000095013409004228/f51244e10vk.htm", "calculatedOtherExpenses": 131242000, "calculatedOperatingExpenses": 190671000, "calculatedNetInterest": -17180000, "calculatedOtherIncome": -860000, "calculatedIncomeNonControlling": 0, "calculatedEbitda": 121461000}, {"date": "2007-12-31", "symbol": "CWT", "reportedCurrency": "USD", "cik": "0001035201", "fillingDate": "2008-02-28", "acceptedDate": "2008-02-28 17:06:02", "calendarYear": "2007", "period": "FY", "revenue": 367082000, "costOfRevenue": 130722000, "grossProfit": 236360000, "grossProfitRatio": 0.6438888314, "researchAndDevelopmentExpenses": 0, "generalAndAdministrativeExpenses": 54262000, "sellingAndMarketingExpenses": 0, "sellingGeneralAndAdministrativeExpenses": 54262000, "otherExpenses": 120041000, "operatingExpenses": 174303000, "costAndExpenses": 305025000, "interestIncome": 0, "interestExpense": 17134000, "depreciationAndAmortization": 34236000, "ebitda": 92170000, "ebitdaratio": 0.2510883127, "operatingIncome": 62057000, "operatingIncomeRatio": 0.1690548706, "totalOtherIncomeExpensesNet": 4123000, "incomeBeforeTax": 49046000, "incomeBeforeTaxRatio": 0.133610474, "incomeTaxExpense": 17887000, "netIncome": 31159000, "netIncomeRatio": 0.0848829417, "eps": 0.75, "epsdiluted": 0.75, "weightedAverageShsOut": 41330000, "weightedAverageShsOutDil": 41378000, "link": "https://www.sec.gov/Archives/edgar/data/1035201/000095013408003723/0000950134-08-003723-index.htm", "finalLink": "https://www.sec.gov/Archives/edgar/data/1035201/000095013408003723/f37770e10vk.htm", "calculatedOtherExpenses": 120041000, "calculatedOperatingExpenses": 174303000, "calculatedNetInterest": -17134000, "calculatedOtherIncome": 4123000, "calculatedIncomeNonControlling": 0, "calculatedEbitda": 96293000}, {"date": "2006-12-31", "symbol": "CWT", "reportedCurrency": "USD", "cik": "0001035201", "fillingDate": "2007-03-14", "acceptedDate": "2007-03-14 17:20:20", "calendarYear": "2006", "period": "FY", "revenue": 334717000, "costOfRevenue": 116164000, "grossProfit": 218553000, "grossProfitRatio": 0.6529486103, "researchAndDevelopmentExpenses": 0, "generalAndAdministrativeExpenses": 52793000, "sellingAndMarketingExpenses": 0, "sellingGeneralAndAdministrativeExpenses": 52793000, "otherExpenses": 110157000, "operatingExpenses": 162950000, "costAndExpenses": 279114000, "interestIncome": 0, "interestExpense": 16969000, "depreciationAndAmortization": 30652000, "ebitda": 84012000, "ebitdaratio": 0.2509941234, "operatingIncome": 55603000, "operatingIncomeRatio": 0.1661194382, "totalOtherIncomeExpensesNet": 2243000, "incomeBeforeTax": 40877000, "incomeBeforeTaxRatio": 0.122124063, "incomeTaxExpense": 15297000, "netIncome": 25580000, "netIncomeRatio": 0.0764227691, "eps": 0.67, "epsdiluted": 0.67, "weightedAverageShsOut": 37810000, "weightedAverageShsOutDil": 37850000, "link": "https://www.sec.gov/Archives/edgar/data/1035201/000089161807000159/0000891618-07-000159-index.htm", "finalLink": "https://www.sec.gov/Archives/edgar/data/1035201/000089161807000159/f28120e10vk.htm", "calculatedOtherExpenses": 110157000, "calculatedOperatingExpenses": 162950000, "calculatedNetInterest": -16969000, "calculatedOtherIncome": 2243000, "calculatedIncomeNonControlling": 0, "calculatedEbitda": 86255000}, {"date": "2005-12-31", "symbol": "CWT", "reportedCurrency": "USD", "cik": "0001035201", "fillingDate": "2006-03-13", "acceptedDate": "2006-03-13 14:40:43", "calendarYear": "2005", "period": "FY", "revenue": 320728000, "costOfRevenue": 20541000, "grossProfit": 300187000, "grossProfitRatio": 0.9359550772, "researchAndDevelopmentExpenses": 0, "generalAndAdministrativeExpenses": 0, "sellingAndMarketingExpenses": 0, "sellingGeneralAndAdministrativeExpenses": 48655000, "otherExpenses": 191716000, "operatingExpenses": 240371000, "costAndExpenses": 260912000, "interestIncome": 0, "interestExpense": 17700000, "depreciationAndAmortization": 28731000, "ebitda": 83434000, "ebitdaratio": 0.2601394328, "operatingIncome": 59816000, "operatingIncomeRatio": 0.1865007109, "totalOtherIncomeExpensesNet": 5113000, "incomeBeforeTax": 47229000, "incomeBeforeTaxRatio": 0.1472556185, "incomeTaxExpense": 20006000, "netIncome": 27223000, "netIncomeRatio": 0.0848787758, "eps": 0.74, "epsdiluted": 0.74, "weightedAverageShsOut": 36758000, "weightedAverageShsOutDil": 36804000, "link": "https://www.sec.gov/Archives/edgar/data/1035201/000095000506000209/0000950005-06-000209-index.htm", "finalLink": "https://www.sec.gov/Archives/edgar/data/1035201/000095000506000209/p19723_10k.txt", "calculatedOtherExpenses": 191716000, "calculatedOperatingExpenses": 240371000, "calculatedNetInterest": -17700000, "calculatedOtherIncome": 5113000, "calculatedIncomeNonControlling": 0, "calculatedEbitda": 88547000}, {"date": "2004-12-31", "symbol": "CWT", "reportedCurrency": "USD", "cik": "0001035201", "fillingDate": "2005-03-15", "acceptedDate": "2005-03-15 17:24:20", "calendarYear": "2004", "period": "FY", "revenue": 315567000, "costOfRevenue": 21801000, "grossProfit": 293766000, "grossProfitRatio": 0.9309148295, "researchAndDevelopmentExpenses": 0, "generalAndAdministrativeExpenses": 0, "sellingAndMarketingExpenses": 0, "sellingGeneralAndAdministrativeExpenses": 47078000, "otherExpenses": 188121000, "operatingExpenses": 235199000, "costAndExpenses": 257000000, "interestIncome": 0, "interestExpense": 17840000, "depreciationAndAmortization": 26114000, "ebitda": 82298000, "ebitdaratio": 0.2607940628, "operatingIncome": 58567000, "operatingIncomeRatio": 0.1855929169, "totalOtherIncomeExpensesNet": 2383000, "incomeBeforeTax": 43110000, "incomeBeforeTaxRatio": 0.1366112426, "incomeTaxExpense": 17084000, "netIncome": 26026000, "netIncomeRatio": 0.0824737694, "eps": 0.7, "epsdiluted": 0.7, "weightedAverageShsOut": 34836000, "weightedAverageShsOutDil": 35442466, "link": "https://www.sec.gov/Archives/edgar/data/1035201/000095000505000264/0000950005-05-000264-index.htm", "finalLink": "https://www.sec.gov/Archives/edgar/data/1035201/000095000505000264/p19230_10k.txt", "calculatedOtherExpenses": 188121000, "calculatedOperatingExpenses": 235199000, "calculatedNetInterest": -17840000, "calculatedOtherIncome": 2383000, "calculatedIncomeNonControlling": 0, "calculatedEbitda": 84681000}, {"date": "2003-12-31", "symbol": "CWT", "reportedCurrency": "USD", "cik": "0001035201", "fillingDate": "2004-03-15", "acceptedDate": "2004-03-15 14:28:57", "calendarYear": "2003", "period": "FY", "revenue": 277128000, "costOfRevenue": 21921000, "grossProfit": 255207000, "grossProfitRatio": 0.9208993678, "researchAndDevelopmentExpenses": 0, "generalAndAdministrativeExpenses": 0, "sellingAndMarketingExpenses": 0, "sellingGeneralAndAdministrativeExpenses": 40969000, "otherExpenses": 171106000, "operatingExpenses": 212075000, "costAndExpenses": 233996000, "interestIncome": 0, "interestExpense": 17517000, "depreciationAndAmortization": 23256000, "ebitda": 59688000, "ebitdaratio": 0.2153806183, "operatingIncome": 43132000, "operatingIncomeRatio": 0.1556392714, "totalOtherIncomeExpensesNet": 6700000, "incomeBeforeTax": 32315000, "incomeBeforeTaxRatio": 0.1166067665, "incomeTaxExpense": 12898000, "netIncome": 19417000, "netIncomeRatio": 0.0700650963, "eps": 0.57, "epsdiluted": 0.57, "weightedAverageShsOut": 31056000, "weightedAverageShsOutDil": 31841322, "link": "https://www.sec.gov/Archives/edgar/data/1035201/000095000504000266/0000950005-04-000266-index.htm", "finalLink": "https://www.sec.gov/Archives/edgar/data/1035201/000095000504000266/p18271_10k.txt", "calculatedOtherExpenses": 171106000, "calculatedOperatingExpenses": 212075000, "calculatedNetInterest": -17517000, "calculatedOtherIncome": 6700000, "calculatedIncomeNonControlling": 0, "calculatedEbitda": 66388000}, {"date": "2002-12-31", "symbol": "CWT", "reportedCurrency": "USD", "cik": "0001035201", "fillingDate": "2003-03-25", "acceptedDate": "2003-03-25 17:38:21", "calendarYear": "2002", "period": "FY", "revenue": 263151000, "costOfRevenue": 22897000, "grossProfit": 240254000, "grossProfitRatio": 0.9129891203, "researchAndDevelopmentExpenses": 0, "generalAndAdministrativeExpenses": 0, "sellingAndMarketingExpenses": 0, "sellingGeneralAndAdministrativeExpenses": 37646000, "otherExpenses": 159743000, "operatingExpenses": 197389000, "costAndExpenses": 220286000, "interestIncome": 0, "interestExpense": 16841000, "depreciationAndAmortization": 21238000, "ebitda": 58486000, "ebitdaratio": 0.222252623, "operatingIncome": 42865000, "operatingIncomeRatio": 0.1628912678, "totalOtherIncomeExpensesNet": 5617000, "incomeBeforeTax": 31641000, "incomeBeforeTaxRatio": 0.1202389503, "incomeTaxExpense": 12568000, "netIncome": 19073000, "netIncomeRatio": 0.072479299, "eps": 0.63, "epsdiluted": 0.63, "weightedAverageShsOut": 30364000, "weightedAverageShsOutDil": 30370000, "link": "https://www.sec.gov/Archives/edgar/data/1035201/000095000503000382/0000950005-03-000382-index.htm", "finalLink": "https://www.sec.gov/Archives/edgar/data/1035201/000095000503000382/p16836_10k.txt", "calculatedOtherExpenses": 159743000, "calculatedOperatingExpenses": 197389000, "calculatedNetInterest": -16841000, "calculatedOtherIncome": 5617000, "calculatedIncomeNonControlling": 0, "calculatedEbitda": 64103000}, {"date": "2001-12-31", "symbol": "CWT", "reportedCurrency": "USD", "cik": "0001035201", "fillingDate": "2002-03-26", "acceptedDate": "2002-03-26 00:00:00", "calendarYear": "2001", "period": "FY", "revenue": 246820000, "costOfRevenue": 21130000, "grossProfit": 225690000, "grossProfitRatio": 0.9143910542, "researchAndDevelopmentExpenses": 0, "generalAndAdministrativeExpenses": 0, "sellingAndMarketingExpenses": 0, "sellingGeneralAndAdministrativeExpenses": 36521000, "otherExpenses": 154290000, "operatingExpenses": 190811000, "costAndExpenses": 211941000, "interestIncome": 0, "interestExpense": 16029000, "depreciationAndAmortization": 19226000, "ebitda": 48262000, "ebitdaratio": 0.1955352078, "operatingIncome": 34879000, "operatingIncomeRatio": 0.1413135078, "totalOtherIncomeExpensesNet": 5843000, "incomeBeforeTax": 24693000, "incomeBeforeTaxRatio": 0.1000445669, "incomeTaxExpense": 9728000, "netIncome": 14965000, "netIncomeRatio": 0.0606312292, "eps": 0.49, "epsdiluted": 0.49, "weightedAverageShsOut": 30364000, "weightedAverageShsOutDil": 30372000, "link": "https://www.sec.gov/Archives/edgar/data/1035201/000095000502000335/0000950005-02-000335-index.htm", "finalLink": "https://www.sec.gov/Archives/edgar/data/1035201/000095000502000335/p15162_10k405.txt", "calculatedOtherExpenses": 154290000, "calculatedOperatingExpenses": 190811000, "calculatedNetInterest": -16029000, "calculatedOtherIncome": 5843000, "calculatedIncomeNonControlling": 0, "calculatedEbitda": 54105000}, {"date": "2000-12-31", "symbol": "CWT", "reportedCurrency": "USD", "cik": "0001035201", "fillingDate": "2001-03-27", "acceptedDate": "2001-03-27 00:00:00", "calendarYear": "2000", "period": "FY", "revenue": 244806000, "costOfRevenue": 15136000, "grossProfit": 229670000, "grossProfitRatio": 0.93817145, "researchAndDevelopmentExpenses": 0, "generalAndAdministrativeExpenses": 0, "sellingAndMarketingExpenses": 0, "sellingGeneralAndAdministrativeExpenses": 32974000, "otherExpenses": 151929000, "operatingExpenses": 184903000, "costAndExpenses": 200039000, "interestIncome": 0, "interestExpense": 14646000, "depreciationAndAmortization": 18368000, "ebitda": 61722000, "ebitdaratio": 0.2521261734, "operatingIncome": 44767000, "operatingIncomeRatio": 0.18286725, "totalOtherIncomeExpensesNet": 1413000, "incomeBeforeTax": 31534000, "incomeBeforeTaxRatio": 0.1288122023, "incomeTaxExpense": 11571000, "netIncome": 19963000, "netIncomeRatio": 0.0815462039, "eps": 0.66, "epsdiluted": 0.66, "weightedAverageShsOut": 30252000, "weightedAverageShsOutDil": 30258000, "link": "https://www.sec.gov/Archives/edgar/data/1035201/000095000501000399/0000950005-01-000399-index.htm", "finalLink": "https://www.sec.gov/Archives/edgar/data/1035201/000095000501000399/0000950005-01-000399-0001.txt", "calculatedOtherExpenses": 151929000, "calculatedOperatingExpenses": 184903000, "calculatedNetInterest": -14646000, "calculatedOtherIncome": 1413000, "calculatedIncomeNonControlling": 0, "calculatedEbitda": 63135000}, {"date": "1999-12-31", "symbol": "CWT", "reportedCurrency": "USD", "cik": "0001035201", "fillingDate": "2000-03-24", "acceptedDate": "2000-03-24 00:00:00", "calendarYear": "1999", "period": "FY", "revenue": 206400000, "costOfRevenue": 13000000, "grossProfit": 193400000, "grossProfitRatio": 0.9370155039, "researchAndDevelopmentExpenses": 0, "generalAndAdministrativeExpenses": 0, "sellingAndMarketingExpenses": 0, "sellingGeneralAndAdministrativeExpenses": 28000000, "otherExpenses": 122600000, "operatingExpenses": 150600000, "costAndExpenses": 163600000, "interestIncome": 0, "interestExpense": 0, "depreciationAndAmortization": 13300000, "ebitda": 56100000, "ebitdaratio": 0.2718023256, "operatingIncome": 42800000, "operatingIncomeRatio": 0.2073643411, "totalOtherIncomeExpensesNet": 2500000, "incomeBeforeTax": 32100000, "incomeBeforeTaxRatio": 0.1555232558, "incomeTaxExpense": 12200000, "netIncome": 19900000, "netIncomeRatio": 0.0964147287, "eps": 0.73, "epsdiluted": 0.72, "weightedAverageShsOut": 30180000, "weightedAverageShsOutDil": 30284000, "link": "https://www.sec.gov/Archives/edgar/data/1035201/000095000500000471/0000950005-00-000471-index.html", "finalLink": "https://www.sec.gov/Archives/edgar/data/1035201/000095000500000471/", "calculatedOtherExpenses": 122600000, "calculatedOperatingExpenses": 150600000, "calculatedNetInterest": 0, "calculatedOtherIncome": -10700000, "calculatedIncomeNonControlling": 0, "calculatedEbitda": 56100000}, {"date": "1998-12-31", "symbol": "CWT", "reportedCurrency": "USD", "cik": "0001035201", "fillingDate": "1999-03-16", "acceptedDate": "1999-03-16 00:00:00", "calendarYear": "1998", "period": "FY", "revenue": 186300000, "costOfRevenue": 11100000, "grossProfit": 175200000, "grossProfitRatio": 0.9404186795, "researchAndDevelopmentExpenses": 0, "generalAndAdministrativeExpenses": 0, "sellingAndMarketingExpenses": 0, "sellingGeneralAndAdministrativeExpenses": 24400000, "otherExpenses": 110200000, "operatingExpenses": 134600000, "costAndExpenses": 145700000, "interestIncome": 0, "interestExpense": 12400000, "depreciationAndAmortization": 13800000, "ebitda": 54400000, "ebitdaratio": 0.2920021471, "operatingIncome": 40600000, "operatingIncomeRatio": 0.217928073, "totalOtherIncomeExpensesNet": 800000, "incomeBeforeTax": 29000000, "incomeBeforeTaxRatio": 0.1556629093, "incomeTaxExpense": 10600000, "netIncome": 18400000, "netIncomeRatio": 0.0987654321, "eps": 0.78, "epsdiluted": 0.66, "weightedAverageShsOut": 25357143, "weightedAverageShsOutDil": 30015267, "link": "https://www.sec.gov/Archives/edgar/data/1035201/000095014999000416/0000950149-99-000416-index.html", "finalLink": "https://www.sec.gov/Archives/edgar/data/1035201/", "calculatedOtherExpenses": 110200000, "calculatedOperatingExpenses": 134600000, "calculatedNetInterest": -12400000, "calculatedOtherIncome": 800000, "calculatedIncomeNonControlling": 0, "calculatedEbitda": 54400000}, {"date": "1997-12-31", "symbol": "CWT", "reportedCurrency": "USD", "cik": "0001035201", "fillingDate": "1998-03-26", "acceptedDate": "1998-03-26 00:00:00", "calendarYear": "1997", "period": "FY", "revenue": 195300000, "costOfRevenue": 12500000, "grossProfit": 182800000, "grossProfitRatio": 0.9359959037, "researchAndDevelopmentExpenses": 0, "generalAndAdministrativeExpenses": 0, "sellingAndMarketingExpenses": 0, "sellingGeneralAndAdministrativeExpenses": 23500000, "otherExpenses": 111100000, "operatingExpenses": 134600000, "costAndExpenses": 147100000, "interestIncome": 0, "interestExpense": 0, "depreciationAndAmortization": 12800000, "ebitda": 61000000, "ebitdaratio": 0.3123399898, "operatingIncome": 48200000, "operatingIncomeRatio": 0.2467997952, "totalOtherIncomeExpensesNet": 900000, "incomeBeforeTax": 37300000, "incomeBeforeTaxRatio": 0.1909882232, "incomeTaxExpense": 14000000, "netIncome": 23300000, "netIncomeRatio": 0.1193036354, "eps": 0.92, "epsdiluted": 0.92, "weightedAverageShsOut": 25573770, "weightedAverageShsOutDil": 25573770, "link": "https://www.sec.gov/Archives/edgar/data/1035201/000001642298000010/0000016422-98-000010-index.html", "finalLink": "https://www.sec.gov/Archives/edgar/data/1035201/", "calculatedOtherExpenses": 111100000, "calculatedOperatingExpenses": 134600000, "calculatedNetInterest": 0, "calculatedOtherIncome": -10900000, "calculatedIncomeNonControlling": 0, "calculatedEbitda": 61000000}, {"date": "1996-12-31", "symbol": "CWT", "reportedCurrency": "USD", "cik": "0001035201", "fillingDate": "1996-12-31", "acceptedDate": "1996-12-30 19:00:00", "calendarYear": "1996", "period": "FY", "revenue": 182800000, "costOfRevenue": 12100000, "grossProfit": 170700000, "grossProfitRatio": 0.9338074398, "researchAndDevelopmentExpenses": 0, "generalAndAdministrativeExpenses": 0, "sellingAndMarketingExpenses": 0, "sellingGeneralAndAdministrativeExpenses": 21700000, "otherExpenses": 106500000, "operatingExpenses": 128200000, "costAndExpenses": 140300000, "interestIncome": 0, "interestExpense": 11900000, "depreciationAndAmortization": 12100000, "ebitda": 54600000, "ebitdaratio": 0.2986870897, "operatingIncome": 42500000, "operatingIncomeRatio": 0.2324945295, "totalOtherIncomeExpensesNet": 600000, "incomeBeforeTax": 31300000, "incomeBeforeTaxRatio": 0.1712253829, "incomeTaxExpense": 12200000, "netIncome": 19100000, "netIncomeRatio": 0.1044857768, "eps": 0.75, "epsdiluted": 0.75, "weightedAverageShsOut": 25200000, "weightedAverageShsOutDil": 25200000, "link": "", "finalLink": "", "calculatedOtherExpenses": 106500000, "calculatedOperatingExpenses": 128200000, "calculatedNetInterest": -11900000, "calculatedOtherIncome": 700000, "calculatedIncomeNonControlling": 0, "calculatedEbitda": 54600000}, {"date": "1995-12-31", "symbol": "CWT", "reportedCurrency": "USD", "cik": "0001035201", "fillingDate": "1995-12-31", "acceptedDate": "1995-12-30 19:00:00", "calendarYear": "1995", "period": "FY", "revenue": 165100000, "costOfRevenue": 12700000, "grossProfit": 152400000, "grossProfitRatio": 0.9230769231, "researchAndDevelopmentExpenses": 0, "generalAndAdministrativeExpenses": 0, "sellingAndMarketingExpenses": 0, "sellingGeneralAndAdministrativeExpenses": 20000000, "otherExpenses": 97200000, "operatingExpenses": 117200000, "costAndExpenses": 129900000, "interestIncome": 0, "interestExpense": 11500000, "depreciationAndAmortization": 10600000, "ebitda": 45800000, "ebitdaratio": 0.2774076317, "operatingIncome": 35200000, "operatingIncomeRatio": 0.2132041187, "totalOtherIncomeExpensesNet": 800000, "incomeBeforeTax": 24600000, "incomeBeforeTaxRatio": 0.1490006057, "incomeTaxExpense": 9900000, "netIncome": 14700000, "netIncomeRatio": 0.0890369473, "eps": 0.58, "epsdiluted": 0.58, "weightedAverageShsOut": 25000000, "weightedAverageShsOutDil": 25000000, "link": "", "finalLink": "", "calculatedOtherExpenses": 97200000, "calculatedOperatingExpenses": 117200000, "calculatedNetInterest": -11500000, "calculatedOtherIncome": 900000, "calculatedIncomeNonControlling": 0, "calculatedEbitda": 45800000}, {"date": "1994-12-31", "symbol": "CWT", "reportedCurrency": "USD", "cik": "0001035201", "fillingDate": "1994-12-31", "acceptedDate": "1994-12-30 19:00:00", "calendarYear": "1994", "period": "FY", "revenue": 157300000, "costOfRevenue": 12600000, "grossProfit": 144700000, "grossProfitRatio": 0.9198982835, "researchAndDevelopmentExpenses": 0, "generalAndAdministrativeExpenses": 0, "sellingAndMarketingExpenses": 0, "sellingGeneralAndAdministrativeExpenses": 18200000, "otherExpenses": 91400000, "operatingExpenses": 109600000, "costAndExpenses": 122200000, "interestIncome": 0, "interestExpense": 11400000, "depreciationAndAmortization": 10700000, "ebitda": 45800000, "ebitdaratio": 0.2911633821, "operatingIncome": 35100000, "operatingIncomeRatio": 0.2231404959, "totalOtherIncomeExpensesNet": 300000, "incomeBeforeTax": 24000000, "incomeBeforeTaxRatio": 0.152574698, "incomeTaxExpense": 9600000, "netIncome": 14400000, "netIncomeRatio": 0.0915448188, "eps": 0.61, "epsdiluted": 0.61, "weightedAverageShsOut": 23278689, "weightedAverageShsOutDil": 23278689, "link": "", "finalLink": "", "calculatedOtherExpenses": 91400000, "calculatedOperatingExpenses": 109600000, "calculatedNetInterest": -11400000, "calculatedOtherIncome": 300000, "calculatedIncomeNonControlling": 0, "calculatedEbitda": 45800000}, {"date": "1993-12-31", "symbol": "CWT", "reportedCurrency": "USD", "cik": "0001035201", "fillingDate": "1993-12-31", "acceptedDate": "1993-12-30 19:00:00", "calendarYear": "1993", "period": "FY", "revenue": 151700000, "costOfRevenue": 0, "grossProfit": 151700000, "grossProfitRatio": 1, "researchAndDevelopmentExpenses": 0, "generalAndAdministrativeExpenses": 0, "sellingAndMarketingExpenses": 0, "sellingGeneralAndAdministrativeExpenses": 0, "otherExpenses": 0, "operatingExpenses": 0, "costAndExpenses": 0, "interestIncome": 0, "interestExpense": 0, "depreciationAndAmortization": 0, "ebitda": 151700000, "ebitdaratio": 1, "operatingIncome": 151700000, "operatingIncomeRatio": 1, "totalOtherIncomeExpensesNet": 0, "incomeBeforeTax": 0, "incomeBeforeTaxRatio": 0, "incomeTaxExpense": -15500000, "netIncome": 15500000, "netIncomeRatio": 0.1021753461, "eps": 0.68, "epsdiluted": 0.68, "weightedAverageShsOut": 22666667, "weightedAverageShsOutDil": 22666667, "link": "", "finalLink": "", "calculatedOtherExpenses": 0, "calculatedOperatingExpenses": 0, "calculatedNetInterest": 0, "calculatedOtherIncome": -151700000, "calculatedIncomeNonControlling": 0, "calculatedEbitda": 151700000}, {"date": "1992-12-31", "symbol": "CWT", "reportedCurrency": "USD", "cik": "0001035201", "fillingDate": "1992-12-31", "acceptedDate": "1992-12-30 19:00:00", "calendarYear": "1992", "period": "FY", "revenue": 139800000, "costOfRevenue": 0, "grossProfit": 139800000, "grossProfitRatio": 1, "researchAndDevelopmentExpenses": 0, "generalAndAdministrativeExpenses": 0, "sellingAndMarketingExpenses": 0, "sellingGeneralAndAdministrativeExpenses": 0, "otherExpenses": 0, "operatingExpenses": 0, "costAndExpenses": 0, "interestIncome": 0, "interestExpense": 0, "depreciationAndAmortization": 0, "ebitda": 139800000, "ebitdaratio": 1, "operatingIncome": 139800000, "operatingIncomeRatio": 1, "totalOtherIncomeExpensesNet": 0, "incomeBeforeTax": 0, "incomeBeforeTaxRatio": 0, "incomeTaxExpense": -12500000, "netIncome": 12500000, "netIncomeRatio": 0.0894134478, "eps": 0.55, "epsdiluted": 0.55, "weightedAverageShsOut": 22568807, "weightedAverageShsOutDil": 22568807, "link": "", "finalLink": "", "calculatedOtherExpenses": 0, "calculatedOperatingExpenses": 0, "calculatedNetInterest": 0, "calculatedOtherIncome": -139800000, "calculatedIncomeNonControlling": 0, "calculatedEbitda": 139800000}, {"date": "1991-12-31", "symbol": "CWT", "reportedCurrency": "USD", "cik": "0001035201", "fillingDate": "1991-12-31", "acceptedDate": "1991-12-30 19:00:00", "calendarYear": "1991", "period": "FY", "revenue": 127200000, "costOfRevenue": 0, "grossProfit": 127200000, "grossProfitRatio": 1, "researchAndDevelopmentExpenses": 0, "generalAndAdministrativeExpenses": 0, "sellingAndMarketingExpenses": 0, "sellingGeneralAndAdministrativeExpenses": 0, "otherExpenses": 0, "operatingExpenses": 0, "costAndExpenses": 0, "interestIncome": 0, "interestExpense": 0, "depreciationAndAmortization": 0, "ebitda": 127200000, "ebitdaratio": 1, "operatingIncome": 127200000, "operatingIncomeRatio": 1, "totalOtherIncomeExpensesNet": 0, "incomeBeforeTax": 0, "incomeBeforeTaxRatio": 0, "incomeTaxExpense": -13900000, "netIncome": 13900000, "netIncomeRatio": 0.1092767296, "eps": 0.61, "epsdiluted": 0.61, "weightedAverageShsOut": 22644628, "weightedAverageShsOutDil": 22644628, "link": "", "finalLink": "", "calculatedOtherExpenses": 0, "calculatedOperatingExpenses": 0, "calculatedNetInterest": 0, "calculatedOtherIncome": -127200000, "calculatedIncomeNonControlling": 0, "calculatedEbitda": 127200000}, {"date": "1990-12-31", "symbol": "CWT", "reportedCurrency": "USD", "cik": "0001035201", "fillingDate": "1990-12-31", "acceptedDate": "1990-12-30 19:00:00", "calendarYear": "1990", "period": "FY", "revenue": 124400000, "costOfRevenue": 0, "grossProfit": 124400000, "grossProfitRatio": 1, "researchAndDevelopmentExpenses": 0, "generalAndAdministrativeExpenses": 0, "sellingAndMarketingExpenses": 0, "sellingGeneralAndAdministrativeExpenses": 0, "otherExpenses": 0, "operatingExpenses": 0, "costAndExpenses": 0, "interestIncome": 0, "interestExpense": 0, "depreciationAndAmortization": 0, "ebitda": 124400000, "ebitdaratio": 1, "operatingIncome": 124400000, "operatingIncomeRatio": 1, "totalOtherIncomeExpensesNet": 0, "incomeBeforeTax": 0, "incomeBeforeTaxRatio": 0, "incomeTaxExpense": -14400000, "netIncome": 14400000, "netIncomeRatio": 0.115755627, "eps": 0.63, "epsdiluted": 0.63, "weightedAverageShsOut": 22720000, "weightedAverageShsOutDil": 22720000, "link": "", "finalLink": "", "calculatedOtherExpenses": 0, "calculatedOperatingExpenses": 0, "calculatedNetInterest": 0, "calculatedOtherIncome": -124400000, "calculatedIncomeNonControlling": 0, "calculatedEbitda": 124400000}, {"date": "1989-12-31", "symbol": "CWT", "reportedCurrency": "USD", "cik": "0001035201", "fillingDate": "1989-12-31", "acceptedDate": "1989-12-30 19:00:00", "calendarYear": "1989", "period": "FY", "revenue": 117500000, "costOfRevenue": 0, "grossProfit": 117500000, "grossProfitRatio": 1, "researchAndDevelopmentExpenses": 0, "generalAndAdministrativeExpenses": 0, "sellingAndMarketingExpenses": 0, "sellingGeneralAndAdministrativeExpenses": 0, "otherExpenses": 0, "operatingExpenses": 0, "costAndExpenses": 0, "interestIncome": 0, "interestExpense": 0, "depreciationAndAmortization": 0, "ebitda": 117500000, "ebitdaratio": 1, "operatingIncome": 117500000, "operatingIncomeRatio": 1, "totalOtherIncomeExpensesNet": 0, "incomeBeforeTax": 0, "incomeBeforeTaxRatio": 0, "incomeTaxExpense": -13800000, "netIncome": 13800000, "netIncomeRatio": 0.1174468085, "eps": 0.6, "epsdiluted": 0.6, "weightedAverageShsOut": 22833333, "weightedAverageShsOutDil": 22833333, "link": "", "finalLink": "", "calculatedOtherExpenses": 0, "calculatedOperatingExpenses": 0, "calculatedNetInterest": 0, "calculatedOtherIncome": -117500000, "calculatedIncomeNonControlling": 0, "calculatedEbitda": 117500000}, {"date": "1988-12-31", "symbol": "CWT", "reportedCurrency": "USD", "cik": "0001035201", "fillingDate": "1988-12-31", "acceptedDate": "1988-12-30 19:00:00", "calendarYear": "1988", "period": "FY", "revenue": 113800000, "costOfRevenue": 0, "grossProfit": 113800000, "grossProfitRatio": 1, "researchAndDevelopmentExpenses": 0, "generalAndAdministrativeExpenses": 0, "sellingAndMarketingExpenses": 0, "sellingGeneralAndAdministrativeExpenses": 0, "otherExpenses": 0, "operatingExpenses": 0, "costAndExpenses": 0, "interestIncome": 0, "interestExpense": 0, "depreciationAndAmortization": 0, "ebitda": 113800000, "ebitdaratio": 1, "operatingIncome": 113800000, "operatingIncomeRatio": 1, "totalOtherIncomeExpensesNet": 0, "incomeBeforeTax": 0, "incomeBeforeTaxRatio": 0, "incomeTaxExpense": -14100000, "netIncome": 14100000, "netIncomeRatio": 0.1239015817, "eps": 0.61, "epsdiluted": 0.61, "weightedAverageShsOut": 22786885, "weightedAverageShsOutDil": 22786885, "link": "", "finalLink": "", "calculatedOtherExpenses": 0, "calculatedOperatingExpenses": 0, "calculatedNetInterest": 0, "calculatedOtherIncome": -113800000, "calculatedIncomeNonControlling": 0, "calculatedEbitda": 113800000}, {"date": "1987-12-31", "symbol": "CWT", "reportedCurrency": "USD", "cik": "0001035201", "fillingDate": "1987-12-31", "acceptedDate": "1987-12-30 19:00:00", "calendarYear": "1987", "period": "FY", "revenue": 112800000, "costOfRevenue": 0, "grossProfit": 112800000, "grossProfitRatio": 1, "researchAndDevelopmentExpenses": 0, "generalAndAdministrativeExpenses": 0, "sellingAndMarketingExpenses": 0, "sellingGeneralAndAdministrativeExpenses": 0, "otherExpenses": 0, "operatingExpenses": 0, "costAndExpenses": 0, "interestIncome": 0, "interestExpense": 0, "depreciationAndAmortization": 0, "ebitda": 112800000, "ebitdaratio": 1, "operatingIncome": 112800000, "operatingIncomeRatio": 1, "totalOtherIncomeExpensesNet": 0, "incomeBeforeTax": 0, "incomeBeforeTaxRatio": 0, "incomeTaxExpense": -15000000, "netIncome": 15000000, "netIncomeRatio": 0.1329787234, "eps": 0.66, "epsdiluted": 0.66, "weightedAverageShsOut": 22121212, "weightedAverageShsOutDil": 22121212, "link": "", "finalLink": "", "calculatedOtherExpenses": 0, "calculatedOperatingExpenses": 0, "calculatedNetInterest": 0, "calculatedOtherIncome": -112800000, "calculatedIncomeNonControlling": 0, "calculatedEbitda": 112800000}, {"date": "1986-12-31", "symbol": "CWT", "reportedCurrency": "USD", "cik": "0001035201", "fillingDate": "1986-12-31", "acceptedDate": "1986-12-30 19:00:00", "calendarYear": "1986", "period": "FY", "revenue": 109500000, "costOfRevenue": 0, "grossProfit": 109500000, "grossProfitRatio": 1, "researchAndDevelopmentExpenses": 0, "generalAndAdministrativeExpenses": 0, "sellingAndMarketingExpenses": 0, "sellingGeneralAndAdministrativeExpenses": 0, "otherExpenses": 0, "operatingExpenses": 0, "costAndExpenses": 0, "interestIncome": 0, "interestExpense": 0, "depreciationAndAmortization": 0, "ebitda": 109500000, "ebitdaratio": 1, "operatingIncome": 109500000, "operatingIncomeRatio": 1, "totalOtherIncomeExpensesNet": 0, "incomeBeforeTax": 0, "incomeBeforeTaxRatio": 0, "incomeTaxExpense": -13700000, "netIncome": 13700000, "netIncomeRatio": 0.1251141553, "eps": 0.61, "epsdiluted": 0.61, "weightedAverageShsOut": 21983471, "weightedAverageShsOutDil": 21983471, "link": "", "finalLink": "", "calculatedOtherExpenses": 0, "calculatedOperatingExpenses": 0, "calculatedNetInterest": 0, "calculatedOtherIncome": -109500000, "calculatedIncomeNonControlling": 0, "calculatedEbitda": 109500000}, {"date": "1985-12-31", "symbol": "CWT", "reportedCurrency": "USD", "cik": "0001035201", "fillingDate": "1985-12-31", "acceptedDate": "1985-12-30 19:00:00", "calendarYear": "1985", "period": "FY", "revenue": 104600000, "costOfRevenue": 0, "grossProfit": 104600000, "grossProfitRatio": 1, "researchAndDevelopmentExpenses": 0, "generalAndAdministrativeExpenses": 0, "sellingAndMarketingExpenses": 0, "sellingGeneralAndAdministrativeExpenses": 0, "otherExpenses": 0, "operatingExpenses": 0, "costAndExpenses": 0, "interestIncome": 0, "interestExpense": 0, "depreciationAndAmortization": 0, "ebitda": 104600000, "ebitdaratio": 1, "operatingIncome": 104600000, "operatingIncomeRatio": 1, "totalOtherIncomeExpensesNet": 0, "incomeBeforeTax": 0, "incomeBeforeTaxRatio": 0, "incomeTaxExpense": -12500000, "netIncome": 12500000, "netIncomeRatio": 0.1195028681, "eps": 0.56, "epsdiluted": 0.56, "weightedAverageShsOut": 22522523, "weightedAverageShsOutDil": 22522523, "link": "", "finalLink": "", "calculatedOtherExpenses": 0, "calculatedOperatingExpenses": 0, "calculatedNetInterest": 0, "calculatedOtherIncome": -104600000, "calculatedIncomeNonControlling": 0, "calculatedEbitda": 104600000}]}