{"originalCurrency": "USD", "convertedCurrency": "USD", "report": [{"date": "2023-12-31", "symbol": "CX", "reportedCurrency": "USD", "cik": "0001076378", "fillingDate": "2024-04-29", "acceptedDate": "2024-04-26 21:29:39", "calendarYear": "2023", "period": "FY", "revenue": 17388000000, "costOfRevenue": 11743000000, "grossProfit": 5645000000, "grossProfitRatio": 0.3246491833, "researchAndDevelopmentExpenses": 55000000, "generalAndAdministrativeExpenses": 1390000000, "sellingAndMarketingExpenses": 2086000000, "sellingGeneralAndAdministrativeExpenses": 3476000000, "otherExpenses": 0, "operatingExpenses": 3531000000, "costAndExpenses": 15274000000, "interestIncome": 40000000, "interestExpense": 575000000, "depreciationAndAmortization": 1233000000, "ebitda": 3347000000, "ebitdaratio": 0.1924890729, "operatingIncome": 2114000000, "operatingIncomeRatio": 0.1215780998, "totalOtherIncomeExpensesNet": -763000000, "incomeBeforeTax": 1351000000, "incomeBeforeTaxRatio": 0.0776972625, "incomeTaxExpense": 1250000000, "netIncome": 182000000, "netIncomeRatio": 0.0104669887, "eps": 0.13, "epsdiluted": 0.12, "weightedAverageShsOut": 1450358600, "weightedAverageShsOutDil": 1470332900, "link": "https://www.sec.gov/Archives/edgar/data/1076378/000119312524119054/0001193125-24-119054-index.htm", "finalLink": "https://www.sec.gov/Archives/edgar/data/1076378/000119312524119054/d702816d20f.htm", "calculatedOtherExpenses": 0, "calculatedOperatingExpenses": 3531000000, "calculatedNetInterest": -535000000, "calculatedOtherIncome": -228000000, "calculatedIncomeNonControlling": -81000000, "calculatedEbitda": 3347000000}, {"date": "2022-12-31", "symbol": "CX", "reportedCurrency": "USD", "cik": "0001076378", "fillingDate": "2023-05-01", "acceptedDate": "2023-04-28 21:37:44", "calendarYear": "2022", "period": "FY", "revenue": 15577000000, "costOfRevenue": 10755000000, "grossProfit": 4822000000, "grossProfitRatio": 0.3095589651, "researchAndDevelopmentExpenses": 42000000, "generalAndAdministrativeExpenses": 1074000000, "sellingAndMarketingExpenses": 2187000000, "sellingGeneralAndAdministrativeExpenses": 3261000000, "otherExpenses": -401000000, "operatingExpenses": 3261000000, "costAndExpenses": 14016000000, "interestIncome": 27000000, "interestExpense": 26000000, "depreciationAndAmortization": 1120000000, "ebitda": 1195000000, "ebitdaratio": 0.0767156705, "operatingIncome": 75000000, "operatingIncomeRatio": 0.004814791, "totalOtherIncomeExpensesNet": 695000000, "incomeBeforeTax": 770000000, "incomeBeforeTaxRatio": 0.0494318547, "incomeTaxExpense": 209000000, "netIncome": 561000000, "netIncomeRatio": 0.036014637, "eps": 0.39, "epsdiluted": 0.38, "weightedAverageShsOut": 1451830700, "weightedAverageShsOutDil": 1478274766, "link": "https://www.sec.gov/Archives/edgar/data/1076378/000119312523128248/0001193125-23-128248-index.htm", "finalLink": "https://www.sec.gov/Archives/edgar/data/1076378/000119312523128248/d401501d20f.htm", "calculatedOtherExpenses": 1444000000, "calculatedOperatingExpenses": 4747000000, "calculatedNetInterest": 1000000, "calculatedOtherIncome": 694000000, "calculatedIncomeNonControlling": 0, "calculatedEbitda": 1195000000}, {"date": "2021-12-31", "symbol": "CX", "reportedCurrency": "USD", "cik": "0001076378", "fillingDate": "2022-04-29", "acceptedDate": "2022-04-29 16:15:34", "calendarYear": "2021", "period": "FY", "revenue": 14548000000, "costOfRevenue": 9875000000, "grossProfit": 4673000000, "grossProfitRatio": 0.3212125378, "researchAndDevelopmentExpenses": 44000000, "generalAndAdministrativeExpenses": 1060000000, "sellingAndMarketingExpenses": 1911206000, "sellingGeneralAndAdministrativeExpenses": 1060000000, "otherExpenses": 1279000000, "operatingExpenses": 2339000000, "costAndExpenses": 12214000000, "interestIncome": 22000000, "interestExpense": 693000000, "depreciationAndAmortization": 1127000000, "ebitda": 3511000000, "ebitdaratio": 0.2413390157, "operatingIncome": 2384000000, "operatingIncomeRatio": 0.1638713225, "totalOtherIncomeExpensesNet": -1452000000, "incomeBeforeTax": 932000000, "incomeBeforeTaxRatio": 0.0640637888, "incomeTaxExpense": 144000000, "netIncome": 753000000, "netIncomeRatio": 0.0517596921, "eps": 0.51, "epsdiluted": 0.51, "weightedAverageShsOut": 1470788466, "weightedAverageShsOutDil": 1470788466, "link": "https://www.sec.gov/Archives/edgar/data/1076378/000119312522133730/0001193125-22-133730-index.htm", "finalLink": "https://www.sec.gov/Archives/edgar/data/1076378/000119312522133730/d305933d20f.htm", "calculatedOtherExpenses": 1185000000, "calculatedOperatingExpenses": 2289000000, "calculatedNetInterest": -671000000, "calculatedOtherIncome": -781000000, "calculatedIncomeNonControlling": 35000000, "calculatedEbitda": 3511000000}, {"date": "2020-12-31", "symbol": "CX", "reportedCurrency": "USD", "cik": "0001076378", "fillingDate": "2021-04-23", "acceptedDate": "2021-04-23 17:14:51", "calendarYear": "2020", "period": "FY", "revenue": 12970000000, "costOfRevenue": 8791000000, "grossProfit": 4179000000, "grossProfitRatio": 0.3222050887, "researchAndDevelopmentExpenses": 31000000, "generalAndAdministrativeExpenses": 1076000000, "sellingAndMarketingExpenses": 1760000000, "sellingGeneralAndAdministrativeExpenses": 2836000000, "otherExpenses": 4000000, "operatingExpenses": 2836000000, "costAndExpenses": 11627000000, "interestIncome": 20000000, "interestExpense": 777000000, "depreciationAndAmortization": 1117000000, "ebitda": 2410000000, "ebitdaratio": 0.1858134156, "operatingIncome": 1293000000, "operatingIncomeRatio": 0.099691596, "totalOtherIncomeExpensesNet": -2567000000, "incomeBeforeTax": -1274000000, "incomeBeforeTaxRatio": -0.0982266769, "incomeTaxExpense": 52000000, "netIncome": -1326000000, "netIncomeRatio": -0.1022359291, "eps": -0.9, "epsdiluted": -0.9, "weightedAverageShsOut": 1470842933, "weightedAverageShsOutDil": 1470842933, "link": "https://www.sec.gov/Archives/edgar/data/1076378/000119312521129260/0001193125-21-129260-index.htm", "finalLink": "https://www.sec.gov/Archives/edgar/data/1076378/000119312521129260/d45023d20f.htm", "calculatedOtherExpenses": 19000000, "calculatedOperatingExpenses": 2886000000, "calculatedNetInterest": -757000000, "calculatedOtherIncome": -1810000000, "calculatedIncomeNonControlling": 0, "calculatedEbitda": 2410000000}, {"date": "2019-12-31", "symbol": "CX", "reportedCurrency": "USD", "cik": "0001076378", "fillingDate": "2020-04-29", "acceptedDate": "2020-04-29 17:27:21", "calendarYear": "2019", "period": "FY", "revenue": 13130000000, "costOfRevenue": 8825000000, "grossProfit": 4305000000, "grossProfitRatio": 0.3278750952, "researchAndDevelopmentExpenses": 38000000, "generalAndAdministrativeExpenses": 1112000000, "sellingAndMarketingExpenses": 1860000000, "sellingGeneralAndAdministrativeExpenses": 2972000000, "otherExpenses": 0, "operatingExpenses": 2972000000, "costAndExpenses": 11797000000, "interestIncome": 21000000, "interestExpense": 711000000, "depreciationAndAmortization": 1045000000, "ebitda": 2389000000, "ebitdaratio": 0.1819497334, "operatingIncome": 1344000000, "operatingIncomeRatio": 0.1023610053, "totalOtherIncomeExpensesNet": -1091000000, "incomeBeforeTax": 253000000, "incomeBeforeTaxRatio": 0.01926885, "incomeTaxExpense": 162000000, "netIncome": 91000000, "netIncomeRatio": 0.0069306931, "eps": 0.0601, "epsdiluted": 0.0601, "weightedAverageShsOut": 1513120066, "weightedAverageShsOutDil": 1513120066, "link": "https://www.sec.gov/Archives/edgar/data/1076378/000119312520126557/0001193125-20-126557-index.htm", "finalLink": "https://www.sec.gov/Archives/edgar/data/1076378/000119312520126557/d863784d20f.htm", "calculatedOtherExpenses": -49000000, "calculatedOperatingExpenses": 2961000000, "calculatedNetInterest": -690000000, "calculatedOtherIncome": -401000000, "calculatedIncomeNonControlling": 0, "calculatedEbitda": 2389000000}, {"date": "2018-12-31", "symbol": "CX", "reportedCurrency": "USD", "cik": "0001076378", "fillingDate": "2019-04-25", "acceptedDate": "2019-04-24 21:37:18", "calendarYear": "2018", "period": "FY", "revenue": 14086932894, "costOfRevenue": 9309623005, "grossProfit": 4777309889, "grossProfitRatio": 0.3391305918, "researchAndDevelopmentExpenses": 0, "generalAndAdministrativeExpenses": 1139095074, "sellingAndMarketingExpenses": 1949136329, "sellingGeneralAndAdministrativeExpenses": 3088231403, "otherExpenses": 9.5367431640625e-07, "operatingExpenses": 3088231403, "costAndExpenses": 12397854408, "interestIncome": 18063105, "interestExpense": 640960407, "depreciationAndAmortization": 817673553, "ebitda": 2502681480, "ebitdaratio": 0.1776597858, "operatingIncome": 1392080320, "operatingIncomeRatio": 0.0988206823, "totalOtherIncomeExpensesNet": -221591059.424057, "incomeBeforeTax": 789230521, "incomeBeforeTaxRatio": 0.0560257174, "incomeTaxExpense": 227289842, "netIncome": 532581772, "netIncomeRatio": 0.0378067941, "eps": 0.35, "epsdiluted": 0.33, "weightedAverageShsOut": 1542577767, "weightedAverageShsOutDil": 1600491333, "link": "https://www.sec.gov/Archives/edgar/data/1076378/000119312519117579/0001193125-19-117579-index.htm", "finalLink": "https://www.sec.gov/Archives/edgar/data/1076378/000119312519117579/d705069d20f.htm", "calculatedOtherExpenses": 296998166, "calculatedOperatingExpenses": 3385229569, "calculatedNetInterest": -622897302, "calculatedOtherIncome": 20047503, "calculatedIncomeNonControlling": 29358907, "calculatedEbitda": 2209753873}, {"date": "2017-12-31", "symbol": "CX", "reportedCurrency": "MXN", "cik": "0001076378", "fillingDate": "2018-04-30", "acceptedDate": "2018-04-30 16:41:00", "calendarYear": "2017", "period": "FY", "revenue": 13143126272, "costOfRevenue": 8632077393, "grossProfit": 4511048879, "grossProfitRatio": 0.3432249517, "researchAndDevelopmentExpenses": 0, "generalAndAdministrativeExpenses": 1073370672, "sellingAndMarketingExpenses": 1779276985, "sellingGeneralAndAdministrativeExpenses": 2852647657, "otherExpenses": 0, "operatingExpenses": 2852647657, "costAndExpenses": 11484725050, "interestIncome": 17209775, "interestExpense": 982739307, "depreciationAndAmortization": 814256619, "ebitda": 2467820773, "ebitdaratio": 0.187765127, "operatingIncome": 1464154786, "operatingIncomeRatio": 0.1114008004, "totalOtherIncomeExpensesNet": 54582484, "incomeBeforeTax": 695468431, "incomeBeforeTaxRatio": 0.0529149928, "incomeTaxExpense": 26476578, "netIncome": 775000000, "netIncomeRatio": 0.0589661838, "eps": 0.52, "epsdiluted": 0.52, "weightedAverageShsOut": 1516763500, "weightedAverageShsOutDil": 1614620233, "link": "https://www.sec.gov/Archives/edgar/data/1076378/000119312518143360/0001193125-18-143360-index.htm", "finalLink": "https://www.sec.gov/Archives/edgar/data/1076378/000119312518143360/d541425d20f.htm", "calculatedOtherExpenses": 194246436, "calculatedOperatingExpenses": 3046894093, "calculatedNetInterest": -965529532, "calculatedOtherIncome": 196843177, "calculatedIncomeNonControlling": -106008147, "calculatedEbitda": 2278411405}, {"date": "2016-12-31", "symbol": "CX", "reportedCurrency": "MXN", "cik": "0001076378", "fillingDate": "2017-04-28", "acceptedDate": "2017-04-28 17:01:50", "calendarYear": "2016", "period": "FY", "revenue": 12110442891, "costOfRevenue": 7813489458, "grossProfit": 4296953432, "grossProfitRatio": 0.3548138967, "researchAndDevelopmentExpenses": 0, "generalAndAdministrativeExpenses": 1007944628, "sellingAndMarketingExpenses": 1586946868, "sellingGeneralAndAdministrativeExpenses": 2594891497, "otherExpenses": 0, "operatingExpenses": 2594891497, "costAndExpenses": 10408380956, "interestIncome": 20127036, "interestExpense": 1036180400, "depreciationAndAmortization": 779355548, "ebitda": 2484940922, "ebitdaratio": 0.2051899294, "operatingIncome": 1622615645, "operatingIncomeRatio": 0.1339848312, "totalOtherIncomeExpensesNet": 197795196, "incomeBeforeTax": 833992972, "incomeBeforeTaxRatio": 0.0688656047, "incomeTaxExpense": 149432388, "netIncome": 677320642, "netIncomeRatio": 0.0559286435, "eps": 0.46, "epsdiluted": 0.46, "weightedAverageShsOut": 1487960344, "weightedAverageShsOutDil": 1647249067, "link": "https://www.sec.gov/Archives/edgar/data/1076378/000119312517148657/0001193125-17-148657-index.htm", "finalLink": "https://www.sec.gov/Archives/edgar/data/1076378/000119312517148657/d368848d20f.htm", "calculatedOtherExpenses": 79446290, "calculatedOperatingExpenses": 2674337787, "calculatedNetInterest": -1016053364, "calculatedOtherIncome": 227430691, "calculatedIncomeNonControlling": 7239942, "calculatedEbitda": 2401971193}, {"date": "2015-12-31", "symbol": "CX", "reportedCurrency": "MXN", "cik": "0001076378", "fillingDate": "2016-04-22", "acceptedDate": "2016-04-22 17:06:21", "calendarYear": "2015", "period": "FY", "revenue": 13071519233, "costOfRevenue": 8707069467, "grossProfit": 4364449766, "grossProfitRatio": 0.333890016, "researchAndDevelopmentExpenses": 0, "generalAndAdministrativeExpenses": 1600890805, "sellingAndMarketingExpenses": 1214608656, "sellingGeneralAndAdministrativeExpenses": 2815499462, "otherExpenses": 0, "operatingExpenses": 2815499462, "costAndExpenses": 11522568929, "interestIncome": 18645308, "interestExpense": 1145296749, "depreciationAndAmortization": 890342425, "ebitda": 2448325859, "ebitdaratio": 0.1873023186, "operatingIncome": 1373499110, "operatingIncomeRatio": 0.1050757059, "totalOtherIncomeExpensesNet": -170645104.506374, "incomeBeforeTax": 199307923, "incomeBeforeTaxRatio": 0.0152474949, "incomeTaxExpense": 131791061, "netIncome": 69543525, "netIncomeRatio": 0.0053202328, "eps": 0.0482, "epsdiluted": 0.0482, "weightedAverageShsOut": 1457189205, "weightedAverageShsOutDil": 1632234772, "link": "https://www.sec.gov/Archives/edgar/data/1076378/000119312516552174/0001193125-16-552174-index.htm", "finalLink": "https://www.sec.gov/Archives/edgar/data/1076378/000119312516552174/d159066d20f.htm", "calculatedOtherExpenses": 175451194, "calculatedOperatingExpenses": 2990950656, "calculatedNetInterest": -1126651441, "calculatedOtherIncome": -47539746, "calculatedIncomeNonControlling": -2026663, "calculatedEbitda": 2263841535}, {"date": "2014-12-31", "symbol": "CX", "reportedCurrency": "MXN", "cik": "0001076378", "fillingDate": "2015-04-27", "acceptedDate": "2015-04-24 21:38:51", "calendarYear": "2014", "period": "FY", "revenue": 14256090077, "costOfRevenue": 9689414179, "grossProfit": 4566675898, "grossProfitRatio": 0.3203315827, "researchAndDevelopmentExpenses": 0, "generalAndAdministrativeExpenses": 1714819822, "sellingAndMarketingExpenses": 1346102676, "sellingGeneralAndAdministrativeExpenses": 3060922498, "otherExpenses": 0, "operatingExpenses": 3060922498, "costAndExpenses": 12750336678, "interestIncome": 21992701, "interestExpense": 1459663756, "depreciationAndAmortization": 981322494, "ebitda": 2469834701, "ebitdaratio": 0.1732476919, "operatingIncome": 1157671380, "operatingIncomeRatio": 0.0812053918, "totalOtherIncomeExpensesNet": -121163495.373387, "incomeBeforeTax": -112475020.635128, "incomeBeforeTaxRatio": -0.0078896121, "incomeTaxExpense": 273076045, "netIncome": -460421282.418871, "netIncomeRatio": -0.0322964628, "eps": -0.33, "epsdiluted": -0.28, "weightedAverageShsOut": 1399596471, "weightedAverageShsOutDil": 1625598634, "link": "https://www.sec.gov/Archives/edgar/data/1076378/000119312515147499/0001193125-15-147499-index.htm", "finalLink": "https://www.sec.gov/Archives/edgar/data/1076378/000119312515147499/d912321d20f.htm", "calculatedOtherExpenses": 348082020, "calculatedOperatingExpenses": 3409004518, "calculatedNetInterest": -1437671055, "calculatedOtherIncome": 167524654.36487198, "calculatedIncomeNonControlling": 74870216.78374296, "calculatedEbitda": 2138993874}, {"date": "2013-12-31", "symbol": "CX", "reportedCurrency": "MXN", "cik": "0001076378", "fillingDate": "2014-04-28", "acceptedDate": "2014-04-28 17:23:02", "calendarYear": "2013", "period": "FY", "revenue": 15019294082, "costOfRevenue": 10345497266, "grossProfit": 4673796816, "grossProfitRatio": 0.3111861843, "researchAndDevelopmentExpenses": 0, "generalAndAdministrativeExpenses": 1853183811, "sellingAndMarketingExpenses": 1323450505, "sellingGeneralAndAdministrativeExpenses": 3176634316, "otherExpenses": 0, "operatingExpenses": 3176634316, "costAndExpenses": 13522131583, "interestIncome": 32547010, "interestExpense": 1530400366, "depreciationAndAmortization": 1109899127, "ebitda": 2591939548, "ebitdaratio": 0.1725739928, "operatingIncome": 1120799305, "operatingIncomeRatio": 0.074623967, "totalOtherIncomeExpensesNet": -195128541.502428, "incomeBeforeTax": -261066943.21391, "incomeBeforeTaxRatio": -0.0173821048, "incomeTaxExpense": 476690890, "netIncome": -831637536.836077, "netIncomeRatio": -0.0553712799, "eps": -0.61, "epsdiluted": -0.5, "weightedAverageShsOut": 1368474183, "weightedAverageShsOutDil": 1646866594, "link": "https://www.sec.gov/Archives/edgar/data/1076378/000119312514163484/0001193125-14-163484-index.htm", "finalLink": "https://www.sec.gov/Archives/edgar/data/1076378/000119312514163484/d710878d20f.htm", "calculatedOtherExpenses": 376363195, "calculatedOperatingExpenses": 3552997511, "calculatedNetInterest": -1497853356, "calculatedOtherIncome": 115987107.7860899, "calculatedIncomeNonControlling": 93879703.62216699, "calculatedEbitda": 2230698432}, {"date": "2012-12-31", "symbol": "CX", "reportedCurrency": "MXN", "cik": "0001076378", "fillingDate": "2013-04-24", "acceptedDate": "2013-04-23 20:47:16", "calendarYear": "2012", "period": "FY", "revenue": 15348710398, "costOfRevenue": 10805309527, "grossProfit": 4543400870, "grossProfitRatio": 0.2960118963, "researchAndDevelopmentExpenses": 0, "generalAndAdministrativeExpenses": 1834108418, "sellingAndMarketingExpenses": 1369446846, "sellingGeneralAndAdministrativeExpenses": 3203555264, "otherExpenses": 41126900000, "operatingExpenses": 3203555264, "costAndExpenses": 14008864792, "interestIncome": 48296760, "interestExpense": 1428259836, "depreciationAndAmortization": 1338599238, "ebitda": 2708435574, "ebitdaratio": 0.1764601393, "operatingIncome": 896450188, "operatingIncomeRatio": 0.0584055706, "totalOtherIncomeExpensesNet": -283860313.305757, "incomeBeforeTax": -398993557.83537, "incomeBeforeTaxRatio": -0.0259952496, "incomeTaxExpense": 474944108, "netIncome": -925506142.257328, "netIncomeRatio": -0.0602986256, "eps": -0.71, "epsdiluted": 0, "weightedAverageShsOut": 1306755136, "weightedAverageShsOutDil": 1574085949491883, "link": "https://www.sec.gov/Archives/edgar/data/1076378/000119312513168182/0001193125-13-168182-index.htm", "finalLink": "https://www.sec.gov/Archives/edgar/data/1076378/000119312513168182/d523521d20f.htm", "calculatedOtherExpenses": 443395418, "calculatedOperatingExpenses": 3646950682, "calculatedNetInterest": -1379963076, "calculatedOtherIncome": 84519330.16462994, "calculatedIncomeNonControlling": 51568476.42195797, "calculatedEbitda": 2235049426}, {"date": "2011-12-31", "symbol": "CX", "reportedCurrency": "MXN", "cik": "0001076378", "fillingDate": "2012-04-30", "acceptedDate": "2012-04-30 11:47:36", "calendarYear": "2011", "period": "FY", "revenue": 13570889867, "costOfRevenue": 9701557932, "grossProfit": 3869331935, "grossProfitRatio": 0.2851199865, "researchAndDevelopmentExpenses": 0, "generalAndAdministrativeExpenses": 3000534362, "sellingAndMarketingExpenses": -8500000, "sellingGeneralAndAdministrativeExpenses": 2992034362, "otherExpenses": 0, "operatingExpenses": 3008626448, "costAndExpenses": 12710184380, "interestIncome": 35123506, "interestExpense": 1666391329, "depreciationAndAmortization": 1259561997, "ebitda": 831328156, "ebitdaratio": 0.0612581905, "operatingIncome": 860705486, "operatingIncomeRatio": 0.0634229218, "totalOtherIncomeExpensesNet": -333996537.92836, "incomeBeforeTax": -1139682380.066512, "incomeBeforeTaxRatio": -0.0839799299, "incomeTaxExpense": 236814319, "netIncome": -1373839092.678652, "netIncomeRatio": -0.1012342673, "eps": -1.08, "epsdiluted": -1.08, "weightedAverageShsOut": 1268036210, "weightedAverageShsOutDil": 1268036210, "link": "https://www.sec.gov/Archives/edgar/data/1076378/000119312512194570/0001193125-12-194570-index.htm", "finalLink": "https://www.sec.gov/Archives/edgar/data/1076378/000119312512194570/d329470d20f.htm", "calculatedOtherExpenses": 16592087, "calculatedOperatingExpenses": 3008626449, "calculatedNetInterest": -1631267823, "calculatedOtherIncome": -369120043.0665121, "calculatedIncomeNonControlling": -2657606.3878600597, "calculatedEbitda": 2120267483}, {"date": "2010-12-31", "symbol": "CX", "reportedCurrency": "MXN", "cik": "0001076378", "fillingDate": "2011-06-16", "acceptedDate": "2011-06-16 17:11:57", "calendarYear": "2010", "period": "FY", "revenue": 14455545103, "costOfRevenue": 10404732557, "grossProfit": 4050812546, "grossProfitRatio": 0.2802255133, "researchAndDevelopmentExpenses": 0, "generalAndAdministrativeExpenses": 2097943494, "sellingAndMarketingExpenses": 1073583314, "sellingGeneralAndAdministrativeExpenses": 3171526809, "otherExpenses": 0, "operatingExpenses": 3171526809, "costAndExpenses": 13576259366, "interestIncome": 35599597, "interestExpense": 1321969574, "depreciationAndAmortization": 1498102436, "ebitda": 2370495312, "ebitdaratio": 0.1639851902, "operatingIncome": 879285737, "operatingIncomeRatio": 0.0608268821, "totalOtherIncomeExpensesNet": -564403645.917805, "incomeBeforeTax": -971487884.783807, "incomeBeforeTaxRatio": -0.0672052059, "incomeTaxExpense": 365645982, "netIncome": -1339323364.364722, "netIncomeRatio": -0.0926511837, "eps": -1.06, "epsdiluted": -1.06, "weightedAverageShsOut": 1264244510, "weightedAverageShsOutDil": 1264244510, "link": "https://www.sec.gov/Archives/edgar/data/1076378/000119312511166756/0001193125-11-166756-index.htm", "finalLink": "https://www.sec.gov/Archives/edgar/data/1076378/000119312511166756/d20f.htm", "calculatedOtherExpenses": 0, "calculatedOperatingExpenses": 3171526809, "calculatedNetInterest": -1286369977, "calculatedOtherIncome": -564403644.783807, "calculatedIncomeNonControlling": 2189497.580914974, "calculatedEbitda": 2377388173}, {"date": "2009-12-31", "symbol": "CX", "reportedCurrency": "MXN", "cik": "0001076378", "fillingDate": "2010-06-30", "acceptedDate": "2010-06-30 10:06:13", "calendarYear": "2009", "period": "FY", "revenue": 14544194000, "costOfRevenue": 10269985000, "grossProfit": 4274209000, "grossProfitRatio": 0.2938773369, "researchAndDevelopmentExpenses": 0, "generalAndAdministrativeExpenses": 2186716600, "sellingAndMarketingExpenses": 1045398960, "sellingGeneralAndAdministrativeExpenses": 3109444000, "otherExpenses": 0, "operatingExpenses": 3109444000, "costAndExpenses": 13379429000, "interestIncome": 28335000, "interestExpense": 993610000, "depreciationAndAmortization": 1552506878, "ebitda": 1193099000, "ebitdaratio": 0.0820326654, "operatingIncome": 1164764000, "operatingIncomeRatio": 0.0800844653, "totalOtherIncomeExpensesNet": -551945000, "incomeBeforeTax": -352456000, "incomeBeforeTaxRatio": -0.0242334501, "incomeTaxExpense": -776921000, "netIncome": 103619000, "netIncomeRatio": 0.0071244237, "eps": 0.0877, "epsdiluted": 0.0877, "weightedAverageShsOut": 1181747970, "weightedAverageShsOutDil": 1181747970, "link": "https://www.sec.gov/Archives/edgar/data/1076378/000119312510150801/0001193125-10-150801-index.htm", "finalLink": "https://www.sec.gov/Archives/edgar/data/1076378/000119312510150801/d20f.htm", "calculatedOtherExpenses": 1000, "calculatedOperatingExpenses": 3109445000, "calculatedNetInterest": -965275000, "calculatedOtherIncome": -551945000, "calculatedIncomeNonControlling": 320846000, "calculatedEbitda": 2717270878}, {"date": "2008-12-31", "symbol": "CX", "reportedCurrency": "MXN", "cik": "0001076378", "fillingDate": "2009-06-30", "acceptedDate": "2009-06-30 16:56:07", "calendarYear": "2008", "period": "FY", "revenue": 17679630706, "costOfRevenue": 12083018319, "grossProfit": 5596612387, "grossProfitRatio": 0.3165570865, "researchAndDevelopmentExpenses": 0, "generalAndAdministrativeExpenses": 15320000000, "sellingAndMarketingExpenses": -11750430357.662111, "sellingGeneralAndAdministrativeExpenses": 3569569642, "otherExpenses": 0, "operatingExpenses": 3569569642, "costAndExpenses": 15652587961, "interestIncome": 42090724, "interestExpense": 743166618, "depreciationAndAmortization": 1516719976, "ebitda": 3665673160, "ebitdaratio": 0.2073387856, "operatingIncome": 2027042744, "operatingIncomeRatio": 0.1146541338, "totalOtherIncomeExpensesNet": -2869947659.203257, "incomeBeforeTax": -1543980808.374527, "incomeBeforeTaxRatio": -0.0873310554, "incomeTaxExpense": -1712852573.422507, "netIncome": 165600465, "netIncomeRatio": 0.0093667378, "eps": 0.16, "epsdiluted": 0.16, "weightedAverageShsOut": 1048543320, "weightedAverageShsOutDil": 1049014883, "link": "https://www.sec.gov/Archives/edgar/data/1076378/000119312509141803/0001193125-09-141803-index.htm", "finalLink": "https://www.sec.gov/Archives/edgar/data/1076378/000119312509141803/d20f.htm", "calculatedOtherExpenses": 1, "calculatedOperatingExpenses": 3569569643, "calculatedNetInterest": -701075894, "calculatedOtherIncome": -2869947658.374527, "calculatedIncomeNonControlling": 3271300.04798007, "calculatedEbitda": 3543762720}, {"date": "2007-12-31", "symbol": "CX", "reportedCurrency": "MXN", "cik": "0001076378", "fillingDate": "2008-06-30", "acceptedDate": "2008-06-30 13:12:45", "calendarYear": "2007", "period": "FY", "revenue": 21673000000, "costOfRevenue": 14441000000, "grossProfit": 7232000000, "grossProfitRatio": 0.3336870761, "researchAndDevelopmentExpenses": 0, "generalAndAdministrativeExpenses": 17666000000, "sellingAndMarketingExpenses": -13405000000, "sellingGeneralAndAdministrativeExpenses": 4261000000, "otherExpenses": 0, "operatingExpenses": 4261000000, "costAndExpenses": 18702000000, "interestIncome": 862266830, "interestExpense": 8808219390, "depreciationAndAmortization": 1617000000, "ebitda": 4060000000, "ebitdaratio": 0.1873298574, "operatingIncome": 2971000000, "operatingIncomeRatio": 0.1370830065, "totalOtherIncomeExpensesNet": 664000000, "incomeBeforeTax": 2907000000, "incomeBeforeTaxRatio": 0.1341300235, "incomeTaxExpense": 439000000, "netIncome": 2391000000, "netIncomeRatio": 0.1103215983, "eps": 2.18, "epsdiluted": 2.18, "weightedAverageShsOut": 1096231966, "weightedAverageShsOutDil": 1096807092, "link": "https://www.sec.gov/Archives/edgar/data/1076378/000134100408001531/0001341004-08-001531-index.htm", "finalLink": "https://www.sec.gov/Archives/edgar/data/1076378/000134100408001531/cx_20-f.htm", "calculatedOtherExpenses": 0, "calculatedOperatingExpenses": 4261000000, "calculatedNetInterest": -7945952560, "calculatedOtherIncome": 7881952560, "calculatedIncomeNonControlling": 77000000, "calculatedEbitda": 4588000000}, {"date": "2006-12-31", "symbol": "CX", "reportedCurrency": "MXN", "cik": "0001076378", "fillingDate": "2006-12-31", "acceptedDate": "2006-12-31 00:00:00", "calendarYear": "2006", "period": "FY", "revenue": 18249000000, "costOfRevenue": 11649000000, "grossProfit": 6600000000, "grossProfitRatio": 0.3616636528, "researchAndDevelopmentExpenses": 0, "generalAndAdministrativeExpenses": 0, "sellingAndMarketingExpenses": 0, "sellingGeneralAndAdministrativeExpenses": 3670000000, "otherExpenses": 0, "operatingExpenses": 3655000000, "costAndExpenses": 15304000000, "interestIncome": 496570000, "interestExpense": 5332730000, "depreciationAndAmortization": 1192000000, "ebitda": 3767000000, "ebitdaratio": 0.2064222697, "operatingIncome": 2945000000, "operatingIncomeRatio": 0.1613787057, "totalOtherIncomeExpensesNet": 492000000, "incomeBeforeTax": 2867000000, "incomeBeforeTaxRatio": 0.1571044989, "incomeTaxExpense": 486000000, "netIncome": 2378000000, "netIncomeRatio": 0.1303085101, "eps": 2.42, "epsdiluted": 2.42, "weightedAverageShsOut": 1059603788, "weightedAverageShsOutDil": 1060335305, "link": null, "finalLink": null, "calculatedOtherExpenses": -15000000, "calculatedOperatingExpenses": 3655000000, "calculatedNetInterest": -4836160000, "calculatedOtherIncome": 4758160000, "calculatedIncomeNonControlling": 3000000, "calculatedEbitda": 4137000000}, {"date": "2005-12-31", "symbol": "CX", "reportedCurrency": "MXN", "cik": "0001076378", "fillingDate": "2006-06-08", "acceptedDate": "2006-06-08 14:47:00", "calendarYear": "2005", "period": "FY", "revenue": 15340000000, "costOfRevenue": 9283000000, "grossProfit": 6057000000, "grossProfitRatio": 0.3948500652, "researchAndDevelopmentExpenses": 0, "generalAndAdministrativeExpenses": 0, "sellingAndMarketingExpenses": 0, "sellingGeneralAndAdministrativeExpenses": 3568000000, "otherExpenses": 0, "operatingExpenses": 3567000000, "costAndExpenses": 12850000000, "interestIncome": 0, "interestExpense": 5594105000, "depreciationAndAmortization": 1092000000, "ebitda": 3128000000, "ebitdaratio": 0.2039113429, "operatingIncome": 2490000000, "operatingIncomeRatio": 0.1623207301, "totalOtherIncomeExpensesNet": 541000000, "incomeBeforeTax": 2417000000, "incomeBeforeTaxRatio": 0.1575619296, "incomeTaxExpense": 336000000, "netIncome": 2114000000, "netIncomeRatio": 0.137809648, "eps": 2.35, "epsdiluted": 2.33, "weightedAverageShsOut": 946921137, "weightedAverageShsOutDil": 949867940, "link": "https://www.sec.gov/Archives/edgar/data/1076378/000134100406001657/0001341004-06-001657-index.htm", "finalLink": "https://www.sec.gov/Archives/edgar/data/1076378/000134100406001657/nyc1086305.txt", "calculatedOtherExpenses": -1000000, "calculatedOperatingExpenses": 3567000000, "calculatedNetInterest": -5594105000, "calculatedOtherIncome": 5521105000, "calculatedIncomeNonControlling": -33000000, "calculatedEbitda": 3582000000}, {"date": "2004-12-31", "symbol": "CX", "reportedCurrency": "MXN", "cik": "0001076378", "fillingDate": "2005-05-27", "acceptedDate": "2005-05-27 15:51:40", "calendarYear": "2004", "period": "FY", "revenue": 8147855000, "costOfRevenue": 4585498000, "grossProfit": 3562357000, "grossProfitRatio": 0.4372140889, "researchAndDevelopmentExpenses": 0, "generalAndAdministrativeExpenses": 0, "sellingAndMarketingExpenses": 0, "sellingGeneralAndAdministrativeExpenses": 1711021000, "otherExpenses": 0, "operatingExpenses": 1711021000, "costAndExpenses": 6296519000, "interestIncome": 261047890, "interestExpense": 4148906718, "depreciationAndAmortization": 857230000, "ebitda": 2739907000, "ebitdaratio": 0.3362734118, "operatingIncome": 1851336000, "operatingIncomeRatio": 0.2272175929, "totalOtherIncomeExpensesNet": 8714000, "incomeBeforeTax": 1490379000, "incomeBeforeTaxRatio": 0.1829167308, "incomeTaxExpense": 183413000, "netIncome": 1306966000, "netIncomeRatio": 0.1604061437, "eps": 1.46, "epsdiluted": 1.44, "weightedAverageShsOut": 911226579, "weightedAverageShsOutDil": 915961873, "link": "https://www.sec.gov/Archives/edgar/data/1076378/000095017205001754/0000950172-05-001754-index.htm", "finalLink": "https://www.sec.gov/Archives/edgar/data/1076378/000095017205001754/ny526470-20.txt", "calculatedOtherExpenses": 0, "calculatedOperatingExpenses": 1711021000, "calculatedNetInterest": -3887858828, "calculatedOtherIncome": 3526901828, "calculatedIncomeNonControlling": 0, "calculatedEbitda": 2708566000}, {"date": "2003-12-31", "symbol": "CX", "reportedCurrency": "MXN", "cik": "0001076378", "fillingDate": "2004-05-11", "acceptedDate": "2004-05-11 13:04:05", "calendarYear": "2003", "period": "FY", "revenue": 7172683000, "costOfRevenue": 4134827000, "grossProfit": 3037856000, "grossProfitRatio": 0.4235313341, "researchAndDevelopmentExpenses": 0, "generalAndAdministrativeExpenses": 0, "sellingAndMarketingExpenses": 0, "sellingGeneralAndAdministrativeExpenses": 1580957000, "otherExpenses": 0, "operatingExpenses": 1580957000, "costAndExpenses": 5715784000, "interestIncome": 187331799, "interestExpense": 4272308528, "depreciationAndAmortization": 825786000, "ebitda": 2660355000, "ebitdaratio": 0.3709009585, "operatingIncome": 1456899000, "operatingIncomeRatio": 0.2031177176, "totalOtherIncomeExpensesNet": -342861000, "incomeBeforeTax": 719212000, "incomeBeforeTaxRatio": 0.1002709865, "incomeTaxExpense": 89712000, "netIncome": 629500000, "netIncomeRatio": 0.0877635328, "eps": 0.71, "epsdiluted": 0.69, "weightedAverageShsOut": 862782649, "weightedAverageShsOutDil": 882671234, "link": "https://www.sec.gov/Archives/edgar/data/1076378/000095017204001164/0000950172-04-001164-index.htm", "finalLink": "https://www.sec.gov/Archives/edgar/data/1076378/000095017204001164/nyc850565.txt", "calculatedOtherExpenses": 0, "calculatedOperatingExpenses": 1580957000, "calculatedNetInterest": -4084976729, "calculatedOtherIncome": 3347289729, "calculatedIncomeNonControlling": 0, "calculatedEbitda": 2282685000}, {"date": "2002-12-31", "symbol": "CX", "reportedCurrency": "MXN", "cik": "0001076378", "fillingDate": "2003-04-08", "acceptedDate": "2003-04-08 17:10:01", "calendarYear": "2002", "period": "FY", "revenue": 6538078000, "costOfRevenue": 3652698000, "grossProfit": 2885380000, "grossProfitRatio": 0.441319299, "researchAndDevelopmentExpenses": 0, "generalAndAdministrativeExpenses": 0, "sellingAndMarketingExpenses": 0, "sellingGeneralAndAdministrativeExpenses": 1575983000, "otherExpenses": 0, "operatingExpenses": 1575983000, "costAndExpenses": 5228681000, "interestIncome": 463075307, "interestExpense": 3452134935, "depreciationAndAmortization": 764652000, "ebitda": 2514731000, "ebitdaratio": 0.3846284795, "operatingIncome": 1309397000, "operatingIncomeRatio": 0.2002724654, "totalOtherIncomeExpensesNet": -410002000, "incomeBeforeTax": 574664000, "incomeBeforeTaxRatio": 0.087894944, "incomeTaxExpense": 54794000, "netIncome": 519870000, "netIncomeRatio": 0.0795141936, "eps": 1.17, "epsdiluted": 1.17, "weightedAverageShsOut": 441253328, "weightedAverageShsOutDil": 442107434, "link": "https://www.sec.gov/Archives/edgar/data/1076378/000095017203001154/0000950172-03-001154-index.htm", "finalLink": "https://www.sec.gov/Archives/edgar/data/1076378/000095017203001154/s481126.txt", "calculatedOtherExpenses": 0, "calculatedOperatingExpenses": 1575983000, "calculatedNetInterest": -2989059628, "calculatedOtherIncome": 2254326628, "calculatedIncomeNonControlling": 0, "calculatedEbitda": 2074049000}, {"date": "2001-12-31", "symbol": "CX", "reportedCurrency": "MXN", "cik": "0001076378", "fillingDate": "2002-04-08", "acceptedDate": "2002-04-08 00:00:00", "calendarYear": "2001", "period": "FY", "revenue": 6932769000, "costOfRevenue": 3899565000, "grossProfit": 3033204000, "grossProfitRatio": 0.4375169575, "researchAndDevelopmentExpenses": 0, "generalAndAdministrativeExpenses": 0, "sellingAndMarketingExpenses": 0, "sellingGeneralAndAdministrativeExpenses": 1377613000, "otherExpenses": 0, "operatingExpenses": 1377613000, "costAndExpenses": 5277178000, "interestIncome": 370950301, "interestExpense": 3749939562, "depreciationAndAmortization": 793818000, "ebitda": 2254050000, "ebitdaratio": 0.3251298291, "operatingIncome": 1655592000, "operatingIncomeRatio": 0.2388067452, "totalOtherIncomeExpensesNet": 215910000, "incomeBeforeTax": 1346458000, "incomeBeforeTaxRatio": 0.1942164812, "incomeTaxExpense": 167043000, "netIncome": 1179415000, "netIncomeRatio": 0.1701217796, "eps": 1.72, "epsdiluted": 1.72, "weightedAverageShsOut": 694077531, "weightedAverageShsOutDil": 694077531, "link": "https://www.sec.gov/Archives/edgar/data/1076378/999999999702022651/9999999997-02-022651-index.htm", "finalLink": "https://www.sec.gov/Archives/edgar/data/1076378/999999999702022651/9999999997-02-022651.paper", "calculatedOtherExpenses": -1000, "calculatedOperatingExpenses": 1377612000, "calculatedNetInterest": -3378989261, "calculatedOtherIncome": 3069855261, "calculatedIncomeNonControlling": 0, "calculatedEbitda": 2449410000}, {"date": "2000-12-31", "symbol": "CX", "reportedCurrency": "MXN", "cik": "0001076378", "fillingDate": "2002-01-25", "acceptedDate": "2002-01-25 00:00:00", "calendarYear": "2000", "period": "FY", "revenue": 5623737000, "costOfRevenue": 2653241000, "grossProfit": 2970496000, "grossProfitRatio": 0.5282067778, "researchAndDevelopmentExpenses": 0, "generalAndAdministrativeExpenses": 0, "sellingAndMarketingExpenses": 0, "sellingGeneralAndAdministrativeExpenses": 826572000, "otherExpenses": 0, "operatingExpenses": 1315807000, "costAndExpenses": 3969048000, "interestIncome": 162881856, "interestExpense": 4502263090, "depreciationAndAmortization": 489235000, "ebitda": 2112541000, "ebitdaratio": 0.3756471898, "operatingIncome": 1654689000, "operatingIncomeRatio": 0.2942329984, "totalOtherIncomeExpensesNet": 31383000, "incomeBeforeTax": 1157862000, "incomeBeforeTaxRatio": 0.2058883621, "incomeTaxExpense": 158026000, "netIncome": 999836000, "netIncomeRatio": 0.1777885417, "eps": 2.44, "epsdiluted": 2.43, "weightedAverageShsOut": 408935974, "weightedAverageShsOutDil": 410712686, "link": "https://www.sec.gov/Archives/edgar/data/1076378/999999999702007811/9999999997-02-007811-index.htm", "finalLink": "https://www.sec.gov/Archives/edgar/data/1076378/999999999702007811/9999999997-02-007811.paper", "calculatedOtherExpenses": 489235000, "calculatedOperatingExpenses": 1315807000, "calculatedNetInterest": -4339381234, "calculatedOtherIncome": 3842554234, "calculatedIncomeNonControlling": 0, "calculatedEbitda": 2143924000}, {"date": "1999-12-31", "symbol": "CX", "reportedCurrency": "MXN", "cik": "0001076378", "fillingDate": "1999-12-31", "acceptedDate": "1999-12-31 00:00:00", "calendarYear": "1999", "period": "FY", "revenue": 4853471000, "costOfRevenue": 2268264000, "grossProfit": 2585207000, "grossProfitRatio": 0.5326511686, "researchAndDevelopmentExpenses": 0, "generalAndAdministrativeExpenses": 0, "sellingAndMarketingExpenses": 0, "sellingGeneralAndAdministrativeExpenses": 705262000, "otherExpenses": 0, "operatingExpenses": 1141123000, "costAndExpenses": 3409387000, "interestIncome": 0, "interestExpense": 0, "depreciationAndAmortization": 435861000, "ebitda": 1771509000, "ebitdaratio": 0.3649983692, "operatingIncome": 1444084000, "operatingIncomeRatio": 0.2975363405, "totalOtherIncomeExpensesNet": 108436000, "incomeBeforeTax": 1046442000, "incomeBeforeTaxRatio": 0.2156069337, "incomeTaxExpense": 68744000, "netIncome": 977698000, "netIncomeRatio": 0.2014430497, "eps": 2.69, "epsdiluted": 2.68, "weightedAverageShsOut": 363097613, "weightedAverageShsOutDil": 364550219, "link": null, "finalLink": null, "calculatedOtherExpenses": 435861000, "calculatedOperatingExpenses": 1141123000, "calculatedNetInterest": 0, "calculatedOtherIncome": -397642000, "calculatedIncomeNonControlling": 0, "calculatedEbitda": 1879945000}, {"date": "1998-12-31", "symbol": "CX", "reportedCurrency": "MXN", "cik": "0001076378", "fillingDate": "1998-12-31", "acceptedDate": "1998-12-31 00:00:00", "calendarYear": "1998", "period": "FY", "revenue": 4315200000, "costOfRevenue": 2102100000, "grossProfit": 2213100000, "grossProfitRatio": 0.5128615128, "researchAndDevelopmentExpenses": 0, "generalAndAdministrativeExpenses": 0, "sellingAndMarketingExpenses": 0, "sellingGeneralAndAdministrativeExpenses": 642400000, "otherExpenses": 0, "operatingExpenses": 1035300000, "costAndExpenses": 3137400000, "interestIncome": 0, "interestExpense": 4801091400, "depreciationAndAmortization": 392900000, "ebitda": 1374200000, "ebitdaratio": 0.3184556915, "operatingIncome": 1177800000, "operatingIncomeRatio": 0.272942158, "totalOtherIncomeExpensesNet": 196500000, "incomeBeforeTax": 849400000, "incomeBeforeTaxRatio": 0.1968390805, "incomeTaxExpense": 46200000, "netIncome": 803200000, "netIncomeRatio": 0.1861327401, "eps": 2.16, "epsdiluted": 2.16, "weightedAverageShsOut": 372364734, "weightedAverageShsOutDil": 372364734, "link": null, "finalLink": null, "calculatedOtherExpenses": 392900000, "calculatedOperatingExpenses": 1035300000, "calculatedNetInterest": -4801091400, "calculatedOtherIncome": 4472691400, "calculatedIncomeNonControlling": 0, "calculatedEbitda": 1570700000}, {"date": "1997-12-31", "symbol": "CX", "reportedCurrency": "MXN", "cik": "0001076378", "fillingDate": "1997-12-31", "acceptedDate": "1997-12-31 00:00:00", "calendarYear": "1997", "period": "FY", "revenue": 3792258372, "costOfRevenue": 2323865045, "grossProfit": 1468393326, "grossProfitRatio": 0.3872081442, "researchAndDevelopmentExpenses": 0, "generalAndAdministrativeExpenses": 387683329, "sellingAndMarketingExpenses": 184604564, "sellingGeneralAndAdministrativeExpenses": 572287893, "otherExpenses": 0, "operatingExpenses": 572287893, "costAndExpenses": 2896152939, "interestIncome": 0, "interestExpense": 0, "depreciationAndAmortization": 137678119, "ebitda": 1033783552, "ebitdaratio": 0.2726036707, "operatingIncome": 896105432, "operatingIncomeRatio": 0.2362986234, "totalOtherIncomeExpensesNet": -137678119.573307, "incomeBeforeTax": 917284172, "incomeBeforeTaxRatio": 0.2418833535, "incomeTaxExpense": 66447531, "netIncome": 761592532, "netIncomeRatio": 0.200828229, "eps": 2.53, "epsdiluted": 2.49, "weightedAverageShsOut": 379147568, "weightedAverageShsOutDil": 384911636, "link": null, "finalLink": null, "calculatedOtherExpenses": 1, "calculatedOperatingExpenses": 572287894, "calculatedNetInterest": 0, "calculatedOtherIncome": 21178740, "calculatedIncomeNonControlling": 89244109, "calculatedEbitda": 1033783551}, {"date": "1996-12-31", "symbol": "CX", "reportedCurrency": "MXN", "cik": "0001076378", "fillingDate": "1996-12-31", "acceptedDate": "1996-12-31 00:00:00", "calendarYear": "1996", "period": "FY", "revenue": 3588339663, "costOfRevenue": 2175850238, "grossProfit": 1412489425, "grossProfitRatio": 0.3936331445, "researchAndDevelopmentExpenses": 0, "generalAndAdministrativeExpenses": 377100285, "sellingAndMarketingExpenses": 180009526, "sellingGeneralAndAdministrativeExpenses": 557109812, "otherExpenses": 0, "operatingExpenses": 557109812, "costAndExpenses": 2732960050, "interestIncome": 689201000, "interestExpense": 5604592000, "depreciationAndAmortization": 181861543, "ebitda": 1037241155, "ebitdaratio": 0.2890587997, "operatingIncome": 855379612, "operatingIncomeRatio": 0.2383775486, "totalOtherIncomeExpensesNet": -181861543.347094, "incomeBeforeTax": 1237715846, "incomeBeforeTaxRatio": 0.3449271703, "incomeTaxExpense": 105828262, "netIncome": 1041823436, "netIncomeRatio": 0.2903357914, "eps": 2.72, "epsdiluted": 2.38, "weightedAverageShsOut": 382817560, "weightedAverageShsOutDil": 438298365, "link": null, "finalLink": null, "calculatedOtherExpenses": 1, "calculatedOperatingExpenses": 557109813, "calculatedNetInterest": -4915391000, "calculatedOtherIncome": 5297727234, "calculatedIncomeNonControlling": 90064148, "calculatedEbitda": 1037241155}]}