{"originalCurrency": "USD", "convertedCurrency": "USD", "report": [{"date": "2023-12-31", "symbol": "CZR", "reportedCurrency": "USD", "cik": "0001590895", "fillingDate": "2024-02-20", "acceptedDate": "2024-02-20 17:03:33", "calendarYear": "2023", "period": "FY", "revenue": 11528000000, "costOfRevenue": 5395000000, "grossProfit": 6133000000, "grossProfitRatio": 0.5320090215, "researchAndDevelopmentExpenses": 0, "generalAndAdministrativeExpenses": 2012000000, "sellingAndMarketingExpenses": 0, "sellingGeneralAndAdministrativeExpenses": 2012000000, "otherExpenses": 10000000, "operatingExpenses": 3579000000, "costAndExpenses": 8974000000, "interestIncome": 12000000, "interestExpense": 2354000000, "depreciationAndAmortization": 1261000000, "ebitda": 3837000000, "ebitdaratio": 0.3328417765, "operatingIncome": 2472000000, "operatingIncomeRatio": 0.2144344205, "totalOtherIncomeExpensesNet": -272000000, "incomeBeforeTax": -60000000, "incomeBeforeTaxRatio": -0.0052047189, "incomeTaxExpense": -888000000, "netIncome": 786000000, "netIncomeRatio": 0.0681818182, "eps": 3.66, "epsdiluted": 3.64, "weightedAverageShsOut": 215000000, "weightedAverageShsOutDil": 216000000, "link": "https://www.sec.gov/Archives/edgar/data/1590895/000159089524000051/0001590895-24-000051-index.htm", "finalLink": "https://www.sec.gov/Archives/edgar/data/1590895/000159089524000051/czr-20231231.htm", "calculatedOtherExpenses": 1649000000, "calculatedOperatingExpenses": 3661000000, "calculatedNetInterest": -2342000000, "calculatedOtherIncome": -190000000, "calculatedIncomeNonControlling": 42000000, "calculatedEbitda": 3733000000}, {"date": "2022-12-31", "symbol": "CZR", "reportedCurrency": "USD", "cik": "0001590895", "fillingDate": "2023-02-22", "acceptedDate": "2023-02-21 21:52:34", "calendarYear": "2022", "period": "FY", "revenue": 10821000000, "costOfRevenue": 5401000000, "grossProfit": 5420000000, "grossProfitRatio": 0.5008779226, "researchAndDevelopmentExpenses": 0, "generalAndAdministrativeExpenses": 2354000000, "sellingAndMarketingExpenses": 0, "sellingGeneralAndAdministrativeExpenses": 2354000000, "otherExpenses": 1205000000, "operatingExpenses": 3559000000, "costAndExpenses": 8960000000, "interestIncome": 12000000, "interestExpense": 2265000000, "depreciationAndAmortization": 1373000000, "ebitda": 3112000000, "ebitdaratio": 0.2875889474, "operatingIncome": 1739000000, "operatingIncomeRatio": 0.1607060346, "totalOtherIncomeExpensesNet": -2304000000, "incomeBeforeTax": -565000000, "incomeBeforeTaxRatio": -0.052213289, "incomeTaxExpense": -41000000, "netIncome": -524000000, "netIncomeRatio": -0.04842436, "eps": -2.45, "epsdiluted": -2.45, "weightedAverageShsOut": 214000000, "weightedAverageShsOutDil": 214000000, "link": "https://www.sec.gov/Archives/edgar/data/1590895/000159089523000070/0001590895-23-000070-index.htm", "finalLink": "https://www.sec.gov/Archives/edgar/data/1590895/000159089523000070/czr-20221231.htm", "calculatedOtherExpenses": 1327000000, "calculatedOperatingExpenses": 3681000000, "calculatedNetInterest": -2253000000, "calculatedOtherIncome": -51000000, "calculatedIncomeNonControlling": 0, "calculatedEbitda": 3112000000}, {"date": "2021-12-31", "symbol": "CZR", "reportedCurrency": "USD", "cik": "0001590895", "fillingDate": "2022-02-24", "acceptedDate": "2022-02-23 20:49:16", "calendarYear": "2021", "period": "FY", "revenue": 9570000000, "costOfRevenue": 4647000000, "grossProfit": 4923000000, "grossProfitRatio": 0.5144200627, "researchAndDevelopmentExpenses": 0, "generalAndAdministrativeExpenses": 2091000000, "sellingAndMarketingExpenses": 0, "sellingGeneralAndAdministrativeExpenses": 2091000000, "otherExpenses": 1126000000, "operatingExpenses": 3217000000, "costAndExpenses": 7864000000, "interestIncome": 16000000, "interestExpense": 2295000000, "depreciationAndAmortization": 1174000000, "ebitda": 2634000000, "ebitdaratio": 0.2752351097, "operatingIncome": 1460000000, "operatingIncomeRatio": 0.1525600836, "totalOtherIncomeExpensesNet": -2729000000, "incomeBeforeTax": -1269000000, "incomeBeforeTaxRatio": -0.1326018809, "incomeTaxExpense": -283000000, "netIncome": -986000000, "netIncomeRatio": -0.103030303, "eps": -4.67, "epsdiluted": -4.67, "weightedAverageShsOut": 211000000, "weightedAverageShsOutDil": 211000000, "link": "https://www.sec.gov/Archives/edgar/data/1590895/000159089522000061/0001590895-22-000061-index.htm", "finalLink": "https://www.sec.gov/Archives/edgar/data/1590895/000159089522000061/czr-20211231.htm", "calculatedOtherExpenses": 1372000000, "calculatedOperatingExpenses": 3463000000, "calculatedNetInterest": -2279000000, "calculatedOtherIncome": -450000000, "calculatedIncomeNonControlling": 0, "calculatedEbitda": 2634000000}, {"date": "2020-12-31", "symbol": "CZR", "reportedCurrency": "USD", "cik": "0001590895", "fillingDate": "2021-03-01", "acceptedDate": "2021-02-26 21:50:50", "calendarYear": "2020", "period": "FY", "revenue": 3474000000, "costOfRevenue": 1768000000, "grossProfit": 1706000000, "grossProfitRatio": 0.4910765688, "researchAndDevelopmentExpenses": 0, "generalAndAdministrativeExpenses": 1077000000, "sellingAndMarketingExpenses": 0, "sellingGeneralAndAdministrativeExpenses": 1077000000, "otherExpenses": 583000000, "operatingExpenses": 1660000000, "costAndExpenses": 3428000000, "interestIncome": 1202000000, "interestExpense": 1174000000, "depreciationAndAmortization": 583000000, "ebitda": 805000000, "ebitdaratio": 0.2317213587, "operatingIncome": 222000000, "operatingIncomeRatio": 0.0639032815, "totalOtherIncomeExpensesNet": -1854000000, "incomeBeforeTax": -1632000000, "incomeBeforeTaxRatio": -0.469775475, "incomeTaxExpense": 126000000, "netIncome": -1758000000, "netIncomeRatio": -0.506044905, "eps": -13.52, "epsdiluted": -13.52, "weightedAverageShsOut": 130000000, "weightedAverageShsOutDil": 130000000, "link": "https://www.sec.gov/Archives/edgar/data/1590895/000159089521000085/0001590895-21-000085-index.htm", "finalLink": "https://www.sec.gov/Archives/edgar/data/1590895/000159089521000085/czr-20201231.htm", "calculatedOtherExpenses": 407000000, "calculatedOperatingExpenses": 1484000000, "calculatedNetInterest": 28000000, "calculatedOtherIncome": -1882000000, "calculatedIncomeNonControlling": 0, "calculatedEbitda": 805000000}, {"date": "2019-12-31", "symbol": "CZR", "reportedCurrency": "USD", "cik": "0001590895", "fillingDate": "2020-02-28", "acceptedDate": "2020-02-27 21:03:27", "calendarYear": "2019", "period": "FY", "revenue": 2528249000, "costOfRevenue": 1186149000, "grossProfit": 1342100000, "grossProfitRatio": 0.5308417011, "researchAndDevelopmentExpenses": 0, "generalAndAdministrativeExpenses": 542747000, "sellingAndMarketingExpenses": 129373000, "sellingGeneralAndAdministrativeExpenses": 672120000, "otherExpenses": 221525000, "operatingExpenses": 893645000, "costAndExpenses": 2079794000, "interestIncome": 286000000, "interestExpense": 286248000, "depreciationAndAmortization": 257566000, "ebitda": 667539000, "ebitdaratio": 0.2640321424, "operatingIncome": 409973000, "operatingIncomeRatio": 0.162156892, "totalOtherIncomeExpensesNet": -284995000, "incomeBeforeTax": 124978000, "incomeBeforeTaxRatio": 0.049432631, "incomeTaxExpense": 43977000, "netIncome": 81001000, "netIncomeRatio": 0.0320383791, "eps": 1.04, "epsdiluted": 1.03, "weightedAverageShsOut": 77677265, "weightedAverageShsOutDil": 78593819, "link": "https://www.sec.gov/Archives/edgar/data/1590895/000156459020007599/0001564590-20-007599-index.htm", "finalLink": "https://www.sec.gov/Archives/edgar/data/1590895/000156459020007599/eri-10k_20191231.htm", "calculatedOtherExpenses": 260007000, "calculatedOperatingExpenses": 932127000, "calculatedNetInterest": -248000, "calculatedOtherIncome": -284747000, "calculatedIncomeNonControlling": 0, "calculatedEbitda": 667539000}, {"date": "2018-12-31", "symbol": "CZR", "reportedCurrency": "USD", "cik": "0001590895", "fillingDate": "2019-03-01", "acceptedDate": "2019-03-01 06:08:38", "calendarYear": "2018", "period": "FY", "revenue": 2056007000, "costOfRevenue": 1055592000, "grossProfit": 1000415000, "grossProfitRatio": 0.4865815146, "researchAndDevelopmentExpenses": 0, "generalAndAdministrativeExpenses": 396230000, "sellingAndMarketingExpenses": 106161000, "sellingGeneralAndAdministrativeExpenses": 502391000, "otherExpenses": -20842000, "operatingExpenses": 659820000, "costAndExpenses": 1715412000, "interestIncome": 0, "interestExpense": 171732000, "depreciationAndAmortization": 157429000, "ebitda": 497811000, "ebitdaratio": 0.2421251484, "operatingIncome": 310103000, "operatingIncomeRatio": 0.1508277939, "totalOtherIncomeExpensesNet": -33241000, "incomeBeforeTax": 135622000, "incomeBeforeTaxRatio": 0.0659637832, "incomeTaxExpense": 40387000, "netIncome": 95235000, "netIncomeRatio": 0.0463203676, "eps": 1.24, "epsdiluted": 1.22, "weightedAverageShsOut": 77000000, "weightedAverageShsOutDil": 78000000, "link": "https://www.sec.gov/Archives/edgar/data/1590895/000156459019005640/0001564590-19-005640-index.htm", "finalLink": "https://www.sec.gov/Archives/edgar/data/1590895/000156459019005640/eri-10k_20181231.htm", "calculatedOtherExpenses": 187921000, "calculatedOperatingExpenses": 690312000, "calculatedNetInterest": -171732000, "calculatedOtherIncome": -2749000, "calculatedIncomeNonControlling": 0, "calculatedEbitda": 467532000}, {"date": "2017-12-31", "symbol": "CZR", "reportedCurrency": "USD", "cik": "0001590895", "fillingDate": "2018-02-27", "acceptedDate": "2018-02-27 17:25:59", "calendarYear": "2017", "period": "FY", "revenue": 1473504000, "costOfRevenue": 806906000, "grossProfit": 666598000, "grossProfitRatio": 0.4523896779, "researchAndDevelopmentExpenses": 0, "generalAndAdministrativeExpenses": 271834000, "sellingAndMarketingExpenses": 82525000, "sellingGeneralAndAdministrativeExpenses": 354359000, "otherExpenses": -92777000, "operatingExpenses": 460250000, "costAndExpenses": 1267156000, "interestIncome": 0, "interestExpense": 99769000, "depreciationAndAmortization": 105891000, "ebitda": 311872000, "ebitdaratio": 0.2116533107, "operatingIncome": 94869000, "operatingIncomeRatio": 0.064383266, "totalOtherIncomeExpensesNet": -149909000, "incomeBeforeTax": -43330000, "incomeBeforeTaxRatio": -0.0294060959, "incomeTaxExpense": -117270000, "netIncome": 73940000, "netIncomeRatio": 0.0501797077, "eps": 1.09, "epsdiluted": 1.08, "weightedAverageShsOut": 67133531, "weightedAverageShsOutDil": 68102814, "link": "https://www.sec.gov/Archives/edgar/data/1590895/000156459018003554/0001564590-18-003554-index.htm", "finalLink": "https://www.sec.gov/Archives/edgar/data/1590895/000156459018003554/eri-10k_20171231.htm", "calculatedOtherExpenses": 217370000, "calculatedOperatingExpenses": 571729000, "calculatedNetInterest": -99769000, "calculatedOtherIncome": -38430000, "calculatedIncomeNonControlling": 0, "calculatedEbitda": 200760000}, {"date": "2016-12-31", "symbol": "CZR", "reportedCurrency": "USD", "cik": "0001590895", "fillingDate": "2017-02-15", "acceptedDate": "2017-02-14 18:24:57", "calendarYear": "2016", "period": "FY", "revenue": 892896000, "costOfRevenue": 539657000, "grossProfit": 353239000, "grossProfitRatio": 0.395610463, "researchAndDevelopmentExpenses": 0, "generalAndAdministrativeExpenses": 150052000, "sellingAndMarketingExpenses": 40600000, "sellingGeneralAndAdministrativeExpenses": 190652000, "otherExpenses": 63449000, "operatingExpenses": 254101000, "costAndExpenses": 793758000, "interestIncome": 0, "interestExpense": 50917000, "depreciationAndAmortization": 63449000, "ebitda": 162587000, "ebitdaratio": 0.1820895155, "operatingIncome": 89118000, "operatingIncomeRatio": 0.0998078164, "totalOtherIncomeExpensesNet": -10175000, "incomeBeforeTax": 38046000, "incomeBeforeTaxRatio": 0.0426096656, "incomeTaxExpense": 13244000, "netIncome": 24802000, "netIncomeRatio": 0.0277770311, "eps": 0.52, "epsdiluted": 0.51, "weightedAverageShsOut": 47033311, "weightedAverageShsOutDil": 47701562, "link": "https://www.sec.gov/Archives/edgar/data/1610979/000161097917000007/0001610979-17-000007-index.html", "finalLink": "https://www.sec.gov/Archives/edgar/data/1610979/000161097917000007/a2016q4cerpform10-k.htm", "calculatedOtherExpenses": 73469000, "calculatedOperatingExpenses": 264121000, "calculatedNetInterest": -50917000, "calculatedOtherIncome": -155000, "calculatedIncomeNonControlling": 0, "calculatedEbitda": 152567000}, {"date": "2015-12-31", "symbol": "CZR", "reportedCurrency": "USD", "cik": "0001590895", "fillingDate": "2016-02-29", "acceptedDate": "2016-02-26 18:25:21", "calendarYear": "2015", "period": "FY", "revenue": 719784000, "costOfRevenue": 446783000, "grossProfit": 273001000, "grossProfitRatio": 0.3792818401, "researchAndDevelopmentExpenses": 0, "generalAndAdministrativeExpenses": 113339000, "sellingAndMarketingExpenses": 31227000, "sellingGeneralAndAdministrativeExpenses": 144566000, "otherExpenses": 56921000, "operatingExpenses": 201487000, "costAndExpenses": 648270000, "interestIncome": 0, "interestExpense": 61558000, "depreciationAndAmortization": 56921000, "ebitda": 131895000, "ebitdaratio": 0.1832424727, "operatingIncome": 72516000, "operatingIncomeRatio": 0.1007468907, "totalOtherIncomeExpensesNet": 34647000, "incomeBeforeTax": 44603000, "incomeBeforeTaxRatio": 0.0619672013, "incomeTaxExpense": -69580000, "netIncome": 114183000, "netIncomeRatio": 0.1586350905, "eps": 2.45, "epsdiluted": 2.43, "weightedAverageShsOut": 46550042, "weightedAverageShsOutDil": 47008980, "link": "https://www.sec.gov/Archives/edgar/data/1610979/000161097916000033/0001610979-16-000033-index.html", "finalLink": "https://www.sec.gov/Archives/edgar/data/1610979/000161097916000033/a2015q4cerpform10-k.htm", "calculatedOtherExpenses": 55919000, "calculatedOperatingExpenses": 200485000, "calculatedNetInterest": -61558000, "calculatedOtherIncome": 33645000, "calculatedIncomeNonControlling": 0, "calculatedEbitda": 129437000}, {"date": "2014-12-31", "symbol": "CZR", "reportedCurrency": "USD", "cik": "0001590895", "fillingDate": "2015-04-16", "acceptedDate": "2015-04-15 19:36:35", "calendarYear": "2014", "period": "FY", "revenue": 361823000, "costOfRevenue": 225498000, "grossProfit": 136325000, "grossProfitRatio": 0.3767726209, "researchAndDevelopmentExpenses": 0, "generalAndAdministrativeExpenses": 63355000, "sellingAndMarketingExpenses": 21982000, "sellingGeneralAndAdministrativeExpenses": 85337000, "otherExpenses": 28643000, "operatingExpenses": 113980000, "costAndExpenses": 339478000, "interestIncome": 18000, "interestExpense": 30752000, "depreciationAndAmortization": 28643000, "ebitda": 53711000, "ebitdaratio": 0.1484455107, "operatingIncome": 17555000, "operatingIncomeRatio": 0.0485181981, "totalOtherIncomeExpensesNet": -4165000, "incomeBeforeTax": -12554000, "incomeBeforeTaxRatio": -0.0346965229, "incomeTaxExpense": 1768000, "netIncome": -14425000, "netIncomeRatio": -0.0398675596, "eps": -0.48, "epsdiluted": -0.48, "weightedAverageShsOut": 29901405, "weightedAverageShsOutDil": 29901405, "link": "https://www.sec.gov/Archives/edgar/data/1610979/000161097915000006/0001610979-15-000006-index.html", "finalLink": "https://www.sec.gov/Archives/edgar/data/1610979/000161097915000006/a2014q4cerpform10-k.htm", "calculatedOtherExpenses": 33433000, "calculatedOperatingExpenses": 118770000, "calculatedNetInterest": -30734000, "calculatedOtherIncome": 625000, "calculatedIncomeNonControlling": 103000, "calculatedEbitda": 46198000}, {"date": "2013-12-31", "symbol": "CZR", "reportedCurrency": "USD", "cik": "0001590895", "fillingDate": "2014-03-17", "acceptedDate": "2014-03-17 17:12:56", "calendarYear": "2013", "period": "FY", "revenue": 247186000, "costOfRevenue": 146076000, "grossProfit": 101110000, "grossProfitRatio": 0.4090442015, "researchAndDevelopmentExpenses": 0, "generalAndAdministrativeExpenses": 43713000, "sellingAndMarketingExpenses": 17740000, "sellingGeneralAndAdministrativeExpenses": 61453000, "otherExpenses": 17031000, "operatingExpenses": 78484000, "costAndExpenses": 224560000, "interestIncome": 16000, "interestExpense": 15681000, "depreciationAndAmortization": 17031000, "ebitda": 43028000, "ebitdaratio": 0.1740713471, "operatingIncome": 22582000, "operatingIncomeRatio": 0.0913563066, "totalOtherIncomeExpensesNet": 11936000, "incomeBeforeTax": 18897000, "incomeBeforeTaxRatio": 0.0764485044, "incomeTaxExpense": 19036000, "netIncome": 18897000, "netIncomeRatio": 0.0764485044, "eps": 0.41, "epsdiluted": 0.41, "weightedAverageShsOut": 46411632, "weightedAverageShsOutDil": 46411632, "link": "https://www.sec.gov/Archives/edgar/data/858339/000085833914000014/a201310-k.htm", "finalLink": "https://www.sec.gov/Archives/edgar/data/858339/000085833914000014/a201310-k.htm", "calculatedOtherExpenses": 17075000, "calculatedOperatingExpenses": 78528000, "calculatedNetInterest": -15665000, "calculatedOtherIncome": 11980000, "calculatedIncomeNonControlling": -19036000, "calculatedEbitda": 39613000}, {"date": "2012-12-31", "symbol": "CZR", "reportedCurrency": "USD", "cik": "0001590895", "fillingDate": "2013-03-15", "acceptedDate": "2013-03-15 15:12:19", "calendarYear": "2012", "period": "FY", "revenue": 254740000, "costOfRevenue": 148438000, "grossProfit": 106302000, "grossProfitRatio": 0.4172960666, "researchAndDevelopmentExpenses": 0, "generalAndAdministrativeExpenses": 44936000, "sellingAndMarketingExpenses": 18724000, "sellingGeneralAndAdministrativeExpenses": 63660000, "otherExpenses": 17651000, "operatingExpenses": 81311000, "costAndExpenses": 229749000, "interestIncome": 14000, "interestExpense": 16069000, "depreciationAndAmortization": 17651000, "ebitda": 33704000, "ebitdaratio": 0.1323074507, "operatingIncome": 15841000, "operatingIncomeRatio": 0.0621849729, "totalOtherIncomeExpensesNet": -9927000, "incomeBeforeTax": -991000, "incomeBeforeTaxRatio": -0.003890241, "incomeTaxExpense": 7117000, "netIncome": -991000, "netIncomeRatio": -0.003890241, "eps": -0.0214, "epsdiluted": -0.0214, "weightedAverageShsOut": 46411632, "weightedAverageShsOutDil": 46411632, "link": "https://www.sec.gov/Archives/edgar/data/858339/000085833913000013/a201210-k.htm", "finalLink": "https://www.sec.gov/Archives/edgar/data/858339/000085833913000013/a201210-k.htm", "calculatedOtherExpenses": 26801000, "calculatedOperatingExpenses": 90461000, "calculatedNetInterest": -16055000, "calculatedOtherIncome": -777000, "calculatedIncomeNonControlling": -7117000, "calculatedEbitda": 33492000}, {"date": "2011-12-31", "symbol": "CZR", "reportedCurrency": "USD", "cik": "0001590895", "fillingDate": "2012-03-15", "acceptedDate": "2012-03-14 21:52:43", "calendarYear": "2011", "period": "FY", "revenue": 8567000000, "costOfRevenue": 4558000000, "grossProfit": 4009000000, "grossProfitRatio": 0.4679584452, "researchAndDevelopmentExpenses": 0, "generalAndAdministrativeExpenses": 2273000000, "sellingAndMarketingExpenses": 0, "sellingGeneralAndAdministrativeExpenses": 2273000000, "otherExpenses": 880000000, "operatingExpenses": 3153000000, "costAndExpenses": 7711000000, "interestIncome": 0, "interestExpense": 2122300000, "depreciationAndAmortization": 845900000, "ebitda": 1736300000, "ebitdaratio": 0.2026730477, "operatingIncome": 856000000, "operatingIncomeRatio": 0.0999182911, "totalOtherIncomeExpensesNet": -2122000000, "incomeBeforeTax": -1266000000, "incomeBeforeTaxRatio": -0.1477763511, "incomeTaxExpense": -506900000, "netIncome": -725000000, "netIncomeRatio": -0.0846270573, "eps": -5.8, "epsdiluted": -5.8, "weightedAverageShsOut": 125000000, "weightedAverageShsOutDil": 125000000, "link": "https://www.sec.gov/Archives/edgar/data/858339/000119312512115625/d268435d10k.htm", "finalLink": "https://www.sec.gov/Archives/edgar/data/858339/000119312512115625/d268435d10k.htm", "calculatedOtherExpenses": 880000000, "calculatedOperatingExpenses": 3153000000, "calculatedNetInterest": -2122300000, "calculatedOtherIncome": 300000, "calculatedIncomeNonControlling": -34100000, "calculatedEbitda": 1701900000}, {"date": "2010-12-31", "symbol": "CZR", "reportedCurrency": "USD", "cik": "0001590895", "fillingDate": "2011-03-04", "acceptedDate": "2011-03-04 17:02:03", "calendarYear": "2010", "period": "FY", "revenue": 8553000000, "costOfRevenue": 4691000000, "grossProfit": 3862000000, "grossProfitRatio": 0.4515374722, "researchAndDevelopmentExpenses": 0, "generalAndAdministrativeExpenses": 2171000000, "sellingAndMarketingExpenses": 0, "sellingGeneralAndAdministrativeExpenses": 2171000000, "otherExpenses": 1052000000, "operatingExpenses": 3223000000, "costAndExpenses": 7914000000, "interestIncome": 0, "interestExpense": 1981000000, "depreciationAndAmortization": 871700000, "ebitda": 2489700000, "ebitdaratio": 0.2910908453, "operatingIncome": 640000000, "operatingIncomeRatio": 0.0748275459, "totalOtherIncomeExpensesNet": -1982000000, "incomeBeforeTax": -1342000000, "incomeBeforeTaxRatio": -0.1569040103, "incomeTaxExpense": 468000000, "netIncome": -831000000, "netIncomeRatio": -0.0971588916, "eps": -8.39, "epsdiluted": -8.39, "weightedAverageShsOut": 99000000, "weightedAverageShsOutDil": 99000000, "link": "https://www.sec.gov/Archives/edgar/data/858339/000119312511056393/d10k.htm", "finalLink": "https://www.sec.gov/Archives/edgar/data/858339/000119312511056393/d10k.htm", "calculatedOtherExpenses": 1051000000, "calculatedOperatingExpenses": 3222000000, "calculatedNetInterest": -1981000000, "calculatedOtherIncome": -1000000, "calculatedIncomeNonControlling": -979000000, "calculatedEbitda": 1511700000}, {"date": "2009-12-31", "symbol": "CZR", "reportedCurrency": "USD", "cik": "0001590895", "fillingDate": "2010-03-09", "acceptedDate": "2010-03-09 17:16:21", "calendarYear": "2009", "period": "FY", "revenue": 8907000000, "costOfRevenue": 4735000000, "grossProfit": 4172000000, "grossProfitRatio": 0.4683956439, "researchAndDevelopmentExpenses": 0, "generalAndAdministrativeExpenses": 2173000000, "sellingAndMarketingExpenses": 0, "sellingGeneralAndAdministrativeExpenses": 2173000000, "otherExpenses": -2358000000, "operatingExpenses": -185000000, "costAndExpenses": 4550000000, "interestIncome": 0, "interestExpense": 1892000000, "depreciationAndAmortization": 872000000, "ebitda": 1941000000, "ebitdaratio": 0.2179184911, "operatingIncome": 4358000000, "operatingIncomeRatio": 0.4892780959, "totalOtherIncomeExpensesNet": -1860000000, "incomeBeforeTax": 2498000000, "incomeBeforeTaxRatio": 0.2804535758, "incomeTaxExpense": -1651000000, "netIncome": 828000000, "netIncomeRatio": 0.0929605928, "eps": 6.62, "epsdiluted": 6.62, "weightedAverageShsOut": 125000000, "weightedAverageShsOutDil": 125000000, "link": "https://www.sec.gov/Archives/edgar/data/858339/000119312510051491/d10k.htm", "finalLink": "https://www.sec.gov/Archives/edgar/data/858339/000119312510051491/d10k.htm", "calculatedOtherExpenses": -2359000000, "calculatedOperatingExpenses": -186000000, "calculatedNetInterest": -1892000000, "calculatedOtherIncome": 32000000, "calculatedIncomeNonControlling": 3321000000, "calculatedEbitda": 5230000000}, {"date": "2008-12-31", "symbol": "CZR", "reportedCurrency": "USD", "cik": "0001590895", "fillingDate": "2009-03-17", "acceptedDate": "2009-03-16 21:56:24", "calendarYear": "2008", "period": "FY", "revenue": 10127000000, "costOfRevenue": 5390000000, "grossProfit": 4737000000, "grossProfitRatio": 0.4677594549, "researchAndDevelopmentExpenses": 0, "generalAndAdministrativeExpenses": 2491000000, "sellingAndMarketingExpenses": 0, "sellingGeneralAndAdministrativeExpenses": 2491000000, "otherExpenses": 5778000000, "operatingExpenses": 8269000000, "costAndExpenses": 13659000000, "interestIncome": 0, "interestExpense": 2074000000, "depreciationAndAmortization": 1132200000, "ebitda": -1630800000, "ebitdaratio": -0.1610348573, "operatingIncome": -3532000000, "operatingIncomeRatio": -0.3487706132, "totalOtherIncomeExpensesNet": -2129000000, "incomeBeforeTax": -5661000000, "incomeBeforeTaxRatio": -0.5590006912, "incomeTaxExpense": 360000000, "netIncome": -5197000000, "netIncomeRatio": -0.5131825812, "eps": -41.58, "epsdiluted": -41.58, "weightedAverageShsOut": 125000000, "weightedAverageShsOutDil": 125000000, "link": "https://www.sec.gov/Archives/edgar/data/858339/000119312509055861/d10k.htm", "finalLink": "https://www.sec.gov/Archives/edgar/data/858339/000119312509055861/d10k.htm", "calculatedOtherExpenses": 5778000000, "calculatedOperatingExpenses": 8269000000, "calculatedNetInterest": -2074000000, "calculatedOtherIncome": -55000000, "calculatedIncomeNonControlling": -824000000, "calculatedEbitda": -2399800000}, {"date": "2007-12-31", "symbol": "CZR", "reportedCurrency": "USD", "cik": "0001590895", "fillingDate": "2008-02-29", "acceptedDate": "2008-02-29 17:23:38", "calendarYear": "2007", "period": "FY", "revenue": 10825000000, "costOfRevenue": 5578000000, "grossProfit": 5247000000, "grossProfitRatio": 0.4847113164, "researchAndDevelopmentExpenses": 0, "generalAndAdministrativeExpenses": 2585000000, "sellingAndMarketingExpenses": 0, "sellingGeneralAndAdministrativeExpenses": 2585000000, "otherExpenses": 1012000000, "operatingExpenses": 3597000000, "costAndExpenses": 9175000000, "interestIncome": 0, "interestExpense": 800000000, "depreciationAndAmortization": 905800000, "ebitda": 1974800000, "ebitdaratio": 0.1824295612, "operatingIncome": 1650000000, "operatingIncomeRatio": 0.1524249423, "totalOtherIncomeExpensesNet": -757000000, "incomeBeforeTax": 893000000, "incomeBeforeTaxRatio": 0.0824942263, "incomeTaxExpense": -350000000, "netIncome": 619000000, "netIncomeRatio": 0.057182448, "eps": 3.28, "epsdiluted": 3.28, "weightedAverageShsOut": 189000000, "weightedAverageShsOutDil": 189000000, "link": "https://www.sec.gov/Archives/edgar/data/858339/000119312508043934/d10k.htm", "finalLink": "https://www.sec.gov/Archives/edgar/data/858339/000119312508043934/d10k.htm", "calculatedOtherExpenses": 1012000000, "calculatedOperatingExpenses": 3597000000, "calculatedNetInterest": -800000000, "calculatedOtherIncome": 43000000, "calculatedIncomeNonControlling": 624000000, "calculatedEbitda": 2555800000}, {"date": "2006-12-31", "symbol": "CZR", "reportedCurrency": "USD", "cik": "0001590895", "fillingDate": "2007-03-01", "acceptedDate": "2007-03-01 15:47:13", "calendarYear": "2006", "period": "FY", "revenue": 9674000000, "costOfRevenue": 4857000000, "grossProfit": 4817000000, "grossProfitRatio": 0.4979326029, "researchAndDevelopmentExpenses": 0, "generalAndAdministrativeExpenses": 2405000000, "sellingAndMarketingExpenses": 0, "sellingGeneralAndAdministrativeExpenses": 2405000000, "otherExpenses": 917000000, "operatingExpenses": 3322000000, "costAndExpenses": 8179000000, "interestIncome": 0, "interestExpense": 670000000, "depreciationAndAmortization": 711400000, "ebitda": 1622400000, "ebitdaratio": 0.1677072566, "operatingIncome": 1495000000, "operatingIncomeRatio": 0.1545379367, "totalOtherIncomeExpensesNet": -660000000, "incomeBeforeTax": 835000000, "incomeBeforeTaxRatio": 0.0863138309, "incomeTaxExpense": -295000000, "netIncome": 536000000, "netIncomeRatio": 0.0554062435, "eps": 2.85, "epsdiluted": 2.85, "weightedAverageShsOut": 188000000, "weightedAverageShsOutDil": 188000000, "link": "https://www.sec.gov/Archives/edgar/data/858339/000119312507044315/d10k.htm", "finalLink": "https://www.sec.gov/Archives/edgar/data/858339/000119312507044315/d10k.htm", "calculatedOtherExpenses": 917000000, "calculatedOperatingExpenses": 3322000000, "calculatedNetInterest": -670000000, "calculatedOtherIncome": 10000000, "calculatedIncomeNonControlling": 594000000, "calculatedEbitda": 2206400000}, {"date": "2005-12-31", "symbol": "CZR", "reportedCurrency": "USD", "cik": "0001590895", "fillingDate": "2006-03-14", "acceptedDate": "2006-03-13 19:21:59", "calendarYear": "2005", "period": "FY", "revenue": 7010000000, "costOfRevenue": 3618000000, "grossProfit": 3392000000, "grossProfitRatio": 0.4838801712, "researchAndDevelopmentExpenses": 0, "generalAndAdministrativeExpenses": 1579000000, "sellingAndMarketingExpenses": 0, "sellingGeneralAndAdministrativeExpenses": 1579000000, "otherExpenses": 787000000, "operatingExpenses": 2366000000, "costAndExpenses": 5984000000, "interestIncome": 0, "interestExpense": 481000000, "depreciationAndAmortization": 523000000, "ebitda": 1013000000, "ebitdaratio": 0.1445078459, "operatingIncome": 1026000000, "operatingIncomeRatio": 0.1463623395, "totalOtherIncomeExpensesNet": -472000000, "incomeBeforeTax": 554000000, "incomeBeforeTaxRatio": 0.0790299572, "incomeTaxExpense": -227000000, "netIncome": 236000000, "netIncomeRatio": 0.0336661912, "eps": 1.57, "epsdiluted": 1.57, "weightedAverageShsOut": 150000000, "weightedAverageShsOutDil": 150000000, "link": "https://www.sec.gov/Archives/edgar/data/858339/000110465906016242/a06-2584_110k.htm", "finalLink": "https://www.sec.gov/Archives/edgar/data/858339/000110465906016242/a06-2584_110k.htm", "calculatedOtherExpenses": 787000000, "calculatedOperatingExpenses": 2366000000, "calculatedNetInterest": -481000000, "calculatedOtherIncome": 9000000, "calculatedIncomeNonControlling": 545000000, "calculatedEbitda": 1549000000}, {"date": "2004-12-31", "symbol": "CZR", "reportedCurrency": "USD", "cik": "0001590895", "fillingDate": "2005-03-01", "acceptedDate": "2005-03-01 16:37:57", "calendarYear": "2004", "period": "FY", "revenue": 4397000000, "costOfRevenue": 2314000000, "grossProfit": 2083000000, "grossProfitRatio": 0.4737320901, "researchAndDevelopmentExpenses": 0, "generalAndAdministrativeExpenses": 974000000, "sellingAndMarketingExpenses": 0, "sellingGeneralAndAdministrativeExpenses": 974000000, "otherExpenses": 336000000, "operatingExpenses": 1310000000, "costAndExpenses": 3624000000, "interestIncome": 0, "interestExpense": 271802000000, "depreciationAndAmortization": 347500000, "ebitda": 81876500000, "ebitdaratio": 18.6209915852, "operatingIncome": 773000000, "operatingIncomeRatio": 0.175801683, "totalOtherIncomeExpensesNet": -260000000, "incomeBeforeTax": 513000000, "incomeBeforeTaxRatio": 0.1166704571, "incomeTaxExpense": -190641000000, "netIncome": 368000000, "netIncomeRatio": 0.0836934273, "eps": 3.26, "epsdiluted": 3.26, "weightedAverageShsOut": 113000000, "weightedAverageShsOutDil": 113000000, "link": "https://www.sec.gov/Archives/edgar/data/858339/000104746905005121/a2152383z10-k.htm", "finalLink": "https://www.sec.gov/Archives/edgar/data/858339/000104746905005121/a2152383z10-k.htm", "calculatedOtherExpenses": 336000000, "calculatedOperatingExpenses": 1310000000, "calculatedNetInterest": -271802000000, "calculatedOtherIncome": 271542000000, "calculatedIncomeNonControlling": 190786000000, "calculatedEbitda": 1120500000}, {"date": "2003-12-31", "symbol": "CZR", "reportedCurrency": "USD", "cik": "0001590895", "fillingDate": "2004-03-05", "acceptedDate": "2004-03-04 19:31:41", "calendarYear": "2003", "period": "FY", "revenue": 3949000000, "costOfRevenue": 2069000000, "grossProfit": 1880000000, "grossProfitRatio": 0.4760698911, "researchAndDevelopmentExpenses": 0, "generalAndAdministrativeExpenses": 60000000, "sellingAndMarketingExpenses": 0, "sellingGeneralAndAdministrativeExpenses": 60000000, "otherExpenses": 1160000000, "operatingExpenses": 1220000000, "costAndExpenses": 3289000000, "interestIncome": 0, "interestExpense": 234419000000, "depreciationAndAmortization": 319700000, "ebitda": 62830700000, "ebitdaratio": 15.9105343125, "operatingIncome": 660000000, "operatingIncomeRatio": 0.1671309192, "totalOtherIncomeExpensesNet": -232000000, "incomeBeforeTax": 428000000, "incomeBeforeTaxRatio": 0.1083818688, "incomeTaxExpense": -172201000000, "netIncome": 293000000, "netIncomeRatio": 0.074195999, "eps": 2.66, "epsdiluted": 2.66, "weightedAverageShsOut": 110000000, "weightedAverageShsOutDil": 110000000, "link": "https://www.sec.gov/Archives/edgar/data/858339/000104746904006606/a2129773z10-k.htm", "finalLink": "https://www.sec.gov/Archives/edgar/data/858339/000104746904006606/a2129773z10-k.htm", "calculatedOtherExpenses": 1160000000, "calculatedOperatingExpenses": 1220000000, "calculatedNetInterest": -234419000000, "calculatedOtherIncome": 234187000000, "calculatedIncomeNonControlling": 172336000000, "calculatedEbitda": 979700000}, {"date": "2002-12-31", "symbol": "CZR", "reportedCurrency": "USD", "cik": "0001590895", "fillingDate": "2002-12-31", "acceptedDate": "2002-12-30 19:00:00", "calendarYear": "2002", "period": "FY", "revenue": 3748000000, "costOfRevenue": 1910000000, "grossProfit": 1838000000, "grossProfitRatio": 0.4903948773, "researchAndDevelopmentExpenses": 0, "generalAndAdministrativeExpenses": 58000000, "sellingAndMarketingExpenses": 0, "sellingGeneralAndAdministrativeExpenses": 58000000, "otherExpenses": 1071000000, "operatingExpenses": 1129000000, "costAndExpenses": 3039000000, "interestIncome": 0, "interestExpense": -240000000, "depreciationAndAmortization": 304600000, "ebitda": 473600000, "ebitdaratio": 0.1263607257, "operatingIncome": 709000000, "operatingIncomeRatio": 0.189167556, "totalOtherIncomeExpensesNet": -238000000, "incomeBeforeTax": 471000000, "incomeBeforeTaxRatio": 0.1256670224, "incomeTaxExpense": 174000000, "netIncome": 235000000, "netIncomeRatio": 0.0627001067, "eps": 2.06, "epsdiluted": 2.06, "weightedAverageShsOut": 114000000, "weightedAverageShsOutDil": 114000000, "link": "", "finalLink": "", "calculatedOtherExpenses": 1071000000, "calculatedOperatingExpenses": 1129000000, "calculatedNetInterest": 240000000, "calculatedOtherIncome": -478000000, "calculatedIncomeNonControlling": 62000000, "calculatedEbitda": 1013600000}, {"date": "2001-12-31", "symbol": "CZR", "reportedCurrency": "USD", "cik": "0001590895", "fillingDate": "2001-12-31", "acceptedDate": "2001-12-30 19:00:00", "calendarYear": "2001", "period": "FY", "revenue": 3648000000, "costOfRevenue": 1805000000, "grossProfit": 1843000000, "grossProfitRatio": 0.5052083333, "researchAndDevelopmentExpenses": 0, "generalAndAdministrativeExpenses": 66000000, "sellingAndMarketingExpenses": 0, "sellingGeneralAndAdministrativeExpenses": 66000000, "otherExpenses": 1204000000, "operatingExpenses": 1270000000, "costAndExpenses": 3075000000, "interestIncome": 0, "interestExpense": -256000000, "depreciationAndAmortization": 327600000, "ebitda": 406600000, "ebitdaratio": 0.1114583333, "operatingIncome": 573000000, "operatingIncomeRatio": 0.1570723684, "totalOtherIncomeExpensesNet": -227000000, "incomeBeforeTax": 346000000, "incomeBeforeTaxRatio": 0.0948464912, "incomeTaxExpense": 126000000, "netIncome": 209000000, "netIncomeRatio": 0.0572916667, "eps": 1.8, "epsdiluted": 1.8, "weightedAverageShsOut": 116000000, "weightedAverageShsOutDil": 116000000, "link": "", "finalLink": "", "calculatedOtherExpenses": 1204000000, "calculatedOperatingExpenses": 1270000000, "calculatedNetInterest": 256000000, "calculatedOtherIncome": -483000000, "calculatedIncomeNonControlling": 11000000, "calculatedEbitda": 900600000}, {"date": "2000-12-31", "symbol": "CZR", "reportedCurrency": "USD", "cik": "0001590895", "fillingDate": "2000-12-31", "acceptedDate": "2000-12-30 19:00:00", "calendarYear": "2000", "period": "FY", "revenue": 3330000000, "costOfRevenue": 1650000000, "grossProfit": 1680000000, "grossProfitRatio": 0.5045045045, "researchAndDevelopmentExpenses": 0, "generalAndAdministrativeExpenses": 59000000, "sellingAndMarketingExpenses": 0, "sellingGeneralAndAdministrativeExpenses": 59000000, "otherExpenses": 1338000000, "operatingExpenses": 1397000000, "costAndExpenses": 3047000000, "interestIncome": 0, "interestExpense": -265000000, "depreciationAndAmortization": 282100000, "ebitda": 20100000, "ebitdaratio": 0.006036036, "operatingIncome": 283000000, "operatingIncomeRatio": 0.084984985, "totalOtherIncomeExpensesNet": -265000000, "incomeBeforeTax": 18000000, "incomeBeforeTaxRatio": 0.0054054054, "incomeTaxExpense": 15000000, "netIncome": -12000000, "netIncomeRatio": -0.0036036036, "eps": -0.1, "epsdiluted": -0.1, "weightedAverageShsOut": 117000000, "weightedAverageShsOutDil": 117000000, "link": "", "finalLink": "", "calculatedOtherExpenses": 1338000000, "calculatedOperatingExpenses": 1397000000, "calculatedNetInterest": 265000000, "calculatedOtherIncome": -530000000, "calculatedIncomeNonControlling": 15000000, "calculatedEbitda": 565100000}, {"date": "1999-12-31", "symbol": "CZR", "reportedCurrency": "USD", "cik": "0001590895", "fillingDate": "1999-12-31", "acceptedDate": "1999-12-30 19:00:00", "calendarYear": "1999", "period": "FY", "revenue": 2894000000, "costOfRevenue": 1410000000, "grossProfit": 1484000000, "grossProfitRatio": 0.5127850726, "researchAndDevelopmentExpenses": 0, "generalAndAdministrativeExpenses": 45000000, "sellingAndMarketingExpenses": 0, "sellingGeneralAndAdministrativeExpenses": 45000000, "otherExpenses": 958000000, "operatingExpenses": 1003000000, "costAndExpenses": 2413000000, "interestIncome": 0, "interestExpense": -121000000, "depreciationAndAmortization": 218300000, "ebitda": 434300000, "ebitdaratio": 0.1500691085, "operatingIncome": 481000000, "operatingIncomeRatio": 0.1662059433, "totalOtherIncomeExpensesNet": -121000000, "incomeBeforeTax": 360000000, "incomeBeforeTaxRatio": 0.1243953006, "incomeTaxExpense": 129000000, "netIncome": 208000000, "netIncomeRatio": 0.0718728404, "eps": 1.61, "epsdiluted": 1.61, "weightedAverageShsOut": 129000000, "weightedAverageShsOutDil": 129000000, "link": "", "finalLink": "", "calculatedOtherExpenses": 958000000, "calculatedOperatingExpenses": 1003000000, "calculatedNetInterest": 121000000, "calculatedOtherIncome": -242000000, "calculatedIncomeNonControlling": 23000000, "calculatedEbitda": 699300000}, {"date": "1998-12-31", "symbol": "CZR", "reportedCurrency": "USD", "cik": "0001590895", "fillingDate": "1998-12-31", "acceptedDate": "1998-12-30 19:00:00", "calendarYear": "1998", "period": "FY", "revenue": 2004000000, "costOfRevenue": 1027000000, "grossProfit": 977000000, "grossProfitRatio": 0.4875249501, "researchAndDevelopmentExpenses": 9000000, "generalAndAdministrativeExpenses": 46000000, "sellingAndMarketingExpenses": 0, "sellingGeneralAndAdministrativeExpenses": 46000000, "otherExpenses": 634000000, "operatingExpenses": 689000000, "costAndExpenses": 1716000000, "interestIncome": 0, "interestExpense": -85000000, "depreciationAndAmortization": 159200000, "ebitda": 251200000, "ebitdaratio": 0.1253493014, "operatingIncome": 288000000, "operatingIncomeRatio": 0.1437125749, "totalOtherIncomeExpensesNet": -85000000, "incomeBeforeTax": 203000000, "incomeBeforeTaxRatio": 0.1012974052, "incomeTaxExpense": 75000000, "netIncome": 102000000, "netIncomeRatio": 0.0508982036, "eps": 1, "epsdiluted": 1, "weightedAverageShsOut": 102000000, "weightedAverageShsOutDil": 102000000, "link": "", "finalLink": "", "calculatedOtherExpenses": 634000000, "calculatedOperatingExpenses": 689000000, "calculatedNetInterest": 85000000, "calculatedOtherIncome": -170000000, "calculatedIncomeNonControlling": 26000000, "calculatedEbitda": 447200000}, {"date": "1997-12-31", "symbol": "CZR", "reportedCurrency": "USD", "cik": "0001590895", "fillingDate": "1997-12-31", "acceptedDate": "1997-12-30 19:00:00", "calendarYear": "1997", "period": "FY", "revenue": 1619000000, "costOfRevenue": 829000000, "grossProfit": 790000000, "grossProfitRatio": 0.4879555281, "researchAndDevelopmentExpenses": 11000000, "generalAndAdministrativeExpenses": 45000000, "sellingAndMarketingExpenses": 0, "sellingGeneralAndAdministrativeExpenses": 45000000, "otherExpenses": 521000000, "operatingExpenses": 577000000, "costAndExpenses": 1406000000, "interestIncome": 0, "interestExpense": -30000000, "depreciationAndAmortization": 122400000, "ebitda": 260400000, "ebitdaratio": 0.1608400247, "operatingIncome": 214000000, "operatingIncomeRatio": 0.1321803582, "totalOtherIncomeExpensesNet": -30000000, "incomeBeforeTax": 184000000, "incomeBeforeTaxRatio": 0.1136504015, "incomeTaxExpense": 69000000, "netIncome": 99000000, "netIncomeRatio": 0.0611488573, "eps": 0.98, "epsdiluted": 0.98, "weightedAverageShsOut": 101000000, "weightedAverageShsOutDil": 101000000, "link": "", "finalLink": "", "calculatedOtherExpenses": 520000000, "calculatedOperatingExpenses": 576000000, "calculatedNetInterest": 30000000, "calculatedOtherIncome": -60000000, "calculatedIncomeNonControlling": 16000000, "calculatedEbitda": 336400000}, {"date": "1996-12-31", "symbol": "CZR", "reportedCurrency": "USD", "cik": "0001590895", "fillingDate": "1996-12-31", "acceptedDate": "1996-12-30 19:00:00", "calendarYear": "1996", "period": "FY", "revenue": 1586000000, "costOfRevenue": 781000000, "grossProfit": 805000000, "grossProfitRatio": 0.5075662043, "researchAndDevelopmentExpenses": 12000000, "generalAndAdministrativeExpenses": 40000000, "sellingAndMarketingExpenses": 0, "sellingGeneralAndAdministrativeExpenses": 40000000, "otherExpenses": 516000000, "operatingExpenses": 568000000, "costAndExpenses": 1349000000, "interestIncome": 0, "interestExpense": -65000000, "depreciationAndAmortization": 102300000, "ebitda": 203300000, "ebitdaratio": 0.128184111, "operatingIncome": 237000000, "operatingIncomeRatio": 0.1494325347, "totalOtherIncomeExpensesNet": -65000000, "incomeBeforeTax": 172000000, "incomeBeforeTaxRatio": 0.1084489281, "incomeTaxExpense": 67000000, "netIncome": 99000000, "netIncomeRatio": 0.0624211854, "eps": 0.95, "epsdiluted": 0.95, "weightedAverageShsOut": 104000000, "weightedAverageShsOutDil": 104000000, "link": "", "finalLink": "", "calculatedOtherExpenses": 516000000, "calculatedOperatingExpenses": 568000000, "calculatedNetInterest": 65000000, "calculatedOtherIncome": -130000000, "calculatedIncomeNonControlling": 6000000, "calculatedEbitda": 339300000}, {"date": "1995-12-31", "symbol": "CZR", "reportedCurrency": "USD", "cik": "0001590895", "fillingDate": "1995-12-31", "acceptedDate": "1995-12-30 19:00:00", "calendarYear": "1995", "period": "FY", "revenue": 1579000000, "costOfRevenue": 745000000, "grossProfit": 834000000, "grossProfitRatio": 0.5281823939, "researchAndDevelopmentExpenses": 0, "generalAndAdministrativeExpenses": 30000000, "sellingAndMarketingExpenses": 0, "sellingGeneralAndAdministrativeExpenses": 30000000, "otherExpenses": 594000000, "operatingExpenses": 624000000, "costAndExpenses": 1369000000, "interestIncome": 0, "interestExpense": -74000000, "depreciationAndAmortization": 95400000, "ebitda": 161400000, "ebitdaratio": 0.1022165928, "operatingIncome": 209000000, "operatingIncomeRatio": 0.1323622546, "totalOtherIncomeExpensesNet": -57000000, "incomeBeforeTax": 152000000, "incomeBeforeTaxRatio": 0.0962634579, "incomeTaxExpense": 61000000, "netIncome": 79000000, "netIncomeRatio": 0.0500316656, "eps": 0.77, "epsdiluted": 0.77, "weightedAverageShsOut": 103000000, "weightedAverageShsOutDil": 103000000, "link": "", "finalLink": "", "calculatedOtherExpenses": 595000000, "calculatedOperatingExpenses": 625000000, "calculatedNetInterest": 74000000, "calculatedOtherIncome": -131000000, "calculatedIncomeNonControlling": 12000000, "calculatedEbitda": 304400000}, {"date": "1994-12-31", "symbol": "CZR", "reportedCurrency": "USD", "cik": "0001590895", "fillingDate": "1994-12-31", "acceptedDate": "1994-12-30 19:00:00", "calendarYear": "1994", "period": "FY", "revenue": 1339000000, "costOfRevenue": 614000000, "grossProfit": 725000000, "grossProfitRatio": 0.5414488424, "researchAndDevelopmentExpenses": 0, "generalAndAdministrativeExpenses": 29000000, "sellingAndMarketingExpenses": 0, "sellingGeneralAndAdministrativeExpenses": 29000000, "otherExpenses": 427000000, "operatingExpenses": 456000000, "costAndExpenses": 1070000000, "interestIncome": 0, "interestExpense": -78000000, "depreciationAndAmortization": 86600000, "ebitda": 161600000, "ebitdaratio": 0.1206870799, "operatingIncome": 269000000, "operatingIncomeRatio": 0.2008961912, "totalOtherIncomeExpensesNet": -130000000, "incomeBeforeTax": 139000000, "incomeBeforeTaxRatio": 0.1038088125, "incomeTaxExpense": 75000000, "netIncome": 78000000, "netIncomeRatio": 0.0582524272, "eps": 0.76, "epsdiluted": 0.76, "weightedAverageShsOut": 103000000, "weightedAverageShsOutDil": 103000000, "link": "", "finalLink": "", "calculatedOtherExpenses": 427000000, "calculatedOperatingExpenses": 456000000, "calculatedNetInterest": 78000000, "calculatedOtherIncome": -208000000, "calculatedIncomeNonControlling": -14000000, "calculatedEbitda": 355600000}, {"date": "1993-12-31", "symbol": "CZR", "reportedCurrency": "USD", "cik": "0001590895", "fillingDate": "1993-12-31", "acceptedDate": "1993-12-30 19:00:00", "calendarYear": "1993", "period": "FY", "revenue": 1021000000, "costOfRevenue": 479000000, "grossProfit": 542000000, "grossProfitRatio": 0.5308521058, "researchAndDevelopmentExpenses": 0, "generalAndAdministrativeExpenses": 27000000, "sellingAndMarketingExpenses": 0, "sellingGeneralAndAdministrativeExpenses": 27000000, "otherExpenses": 305000000, "operatingExpenses": 332000000, "costAndExpenses": 811000000, "interestIncome": 0, "interestExpense": -73000000, "depreciationAndAmortization": 70200000, "ebitda": 142200000, "ebitdaratio": 0.1392752204, "operatingIncome": 210000000, "operatingIncomeRatio": 0.2056807052, "totalOtherIncomeExpensesNet": -71000000, "incomeBeforeTax": 139000000, "incomeBeforeTaxRatio": 0.1361410382, "incomeTaxExpense": 59000000, "netIncome": 86000000, "netIncomeRatio": 0.0842311459, "eps": 0.83, "epsdiluted": 0.83, "weightedAverageShsOut": 103000000, "weightedAverageShsOutDil": 103000000, "link": "", "finalLink": "", "calculatedOtherExpenses": 305000000, "calculatedOperatingExpenses": 332000000, "calculatedNetInterest": 73000000, "calculatedOtherIncome": -144000000, "calculatedIncomeNonControlling": -6000000, "calculatedEbitda": 280200000}, {"date": "1992-12-31", "symbol": "CZR", "reportedCurrency": "USD", "cik": "0001590895", "fillingDate": "1992-12-31", "acceptedDate": "1992-12-30 19:00:00", "calendarYear": "1992", "period": "FY", "revenue": 894000000, "costOfRevenue": 438000000, "grossProfit": 456000000, "grossProfitRatio": 0.5100671141, "researchAndDevelopmentExpenses": 0, "generalAndAdministrativeExpenses": 27000000, "sellingAndMarketingExpenses": 0, "sellingGeneralAndAdministrativeExpenses": 27000000, "otherExpenses": 268000000, "operatingExpenses": 295000000, "costAndExpenses": 733000000, "interestIncome": 0, "interestExpense": -78000000, "depreciationAndAmortization": 63800000, "ebitda": 72800000, "ebitdaratio": 0.0814317673, "operatingIncome": 161000000, "operatingIncomeRatio": 0.1800894855, "totalOtherIncomeExpensesNet": -76000000, "incomeBeforeTax": 85000000, "incomeBeforeTaxRatio": 0.0950782998, "incomeTaxExpense": 35000000, "netIncome": 52000000, "netIncomeRatio": 0.0581655481, "eps": 0.51, "epsdiluted": 0.51, "weightedAverageShsOut": 101000000, "weightedAverageShsOutDil": 101000000, "link": "", "finalLink": "", "calculatedOtherExpenses": 268000000, "calculatedOperatingExpenses": 295000000, "calculatedNetInterest": 78000000, "calculatedOtherIncome": -154000000, "calculatedIncomeNonControlling": -2000000, "calculatedEbitda": 224800000}, {"date": "1991-12-31", "symbol": "CZR", "reportedCurrency": "USD", "cik": "0001590895", "fillingDate": "1992-01-03", "acceptedDate": "1992-01-02 19:00:00", "calendarYear": "1991", "period": "FY", "revenue": 1031000000, "costOfRevenue": 497000000, "grossProfit": 534000000, "grossProfitRatio": 0.5179437439, "researchAndDevelopmentExpenses": 0, "generalAndAdministrativeExpenses": 27000000, "sellingAndMarketingExpenses": 0, "sellingGeneralAndAdministrativeExpenses": 27000000, "otherExpenses": 331000000, "operatingExpenses": 358000000, "costAndExpenses": 855000000, "interestIncome": 0, "interestExpense": -134000000, "depreciationAndAmortization": 88100000, "ebitda": 6100000, "ebitdaratio": 0.0059165858, "operatingIncome": 176000000, "operatingIncomeRatio": 0.1707080504, "totalOtherIncomeExpensesNet": -124000000, "incomeBeforeTax": 52000000, "incomeBeforeTaxRatio": 0.0504364694, "incomeTaxExpense": 22000000, "netIncome": 30000000, "netIncomeRatio": 0.0290979631, "eps": 0.33, "epsdiluted": 0.33, "weightedAverageShsOut": 90000000, "weightedAverageShsOutDil": 90000000, "link": "", "finalLink": "", "calculatedOtherExpenses": 331000000, "calculatedOperatingExpenses": 358000000, "calculatedNetInterest": 134000000, "calculatedOtherIncome": -258000000, "calculatedIncomeNonControlling": 0, "calculatedEbitda": 264100000}, {"date": "1990-12-28", "symbol": "CZR", "reportedCurrency": "USD", "cik": "0001590895", "fillingDate": "1990-12-28", "acceptedDate": "1990-12-27 19:00:00", "calendarYear": "1990", "period": "FY", "revenue": 1004000000, "costOfRevenue": 474000000, "grossProfit": 530000000, "grossProfitRatio": 0.5278884462, "researchAndDevelopmentExpenses": 0, "generalAndAdministrativeExpenses": 34000000, "sellingAndMarketingExpenses": 0, "sellingGeneralAndAdministrativeExpenses": 34000000, "otherExpenses": 337000000, "operatingExpenses": 371000000, "costAndExpenses": 845000000, "interestIncome": 0, "interestExpense": -119000000, "depreciationAndAmortization": 82100000, "ebitda": 7100000, "ebitdaratio": 0.0070717131, "operatingIncome": 159000000, "operatingIncomeRatio": 0.1583665339, "totalOtherIncomeExpensesNet": -115000000, "incomeBeforeTax": 44000000, "incomeBeforeTaxRatio": 0.0438247012, "incomeTaxExpense": 21000000, "netIncome": 23000000, "netIncomeRatio": 0.0229083665, "eps": 0.29, "epsdiluted": 0.29, "weightedAverageShsOut": 78000000, "weightedAverageShsOutDil": 78000000, "link": "", "finalLink": "", "calculatedOtherExpenses": 337000000, "calculatedOperatingExpenses": 371000000, "calculatedNetInterest": 119000000, "calculatedOtherIncome": -234000000, "calculatedIncomeNonControlling": 0, "calculatedEbitda": 241100000}, {"date": "1989-12-31", "symbol": "CZR", "reportedCurrency": "USD", "cik": "0001590895", "fillingDate": "1989-12-31", "acceptedDate": "1989-12-30 19:00:00", "calendarYear": "1989", "period": "FY", "revenue": 945000000, "costOfRevenue": 440000000, "grossProfit": 505000000, "grossProfitRatio": 0.5343915344, "researchAndDevelopmentExpenses": 0, "generalAndAdministrativeExpenses": 35000000, "sellingAndMarketingExpenses": 0, "sellingGeneralAndAdministrativeExpenses": 35000000, "otherExpenses": 315000000, "operatingExpenses": 350000000, "costAndExpenses": 790000000, "interestIncome": 0, "interestExpense": -26000000, "depreciationAndAmortization": 75500000, "ebitda": 204500000, "ebitdaratio": 0.2164021164, "operatingIncome": 155000000, "operatingIncomeRatio": 0.164021164, "totalOtherIncomeExpensesNet": 0, "incomeBeforeTax": 155000000, "incomeBeforeTaxRatio": 0.164021164, "incomeTaxExpense": -26000000, "netIncome": 155000000, "netIncomeRatio": 0.164021164, "eps": 2.01, "epsdiluted": 2.01, "weightedAverageShsOut": 77000000, "weightedAverageShsOutDil": 77000000, "link": "", "finalLink": "", "calculatedOtherExpenses": 315000000, "calculatedOperatingExpenses": 350000000, "calculatedNetInterest": 26000000, "calculatedOtherIncome": -26000000, "calculatedIncomeNonControlling": 26000000, "calculatedEbitda": 230500000}, {"date": "1988-12-31", "symbol": "CZR", "reportedCurrency": "USD", "cik": "0001590895", "fillingDate": "1988-12-31", "acceptedDate": "1988-12-30 19:00:00", "calendarYear": "1988", "period": "FY", "revenue": 866000000, "costOfRevenue": 408000000, "grossProfit": 458000000, "grossProfitRatio": 0.5288683603, "researchAndDevelopmentExpenses": 0, "generalAndAdministrativeExpenses": 32000000, "sellingAndMarketingExpenses": 0, "sellingGeneralAndAdministrativeExpenses": 32000000, "otherExpenses": 290000000, "operatingExpenses": 322000000, "costAndExpenses": 730000000, "interestIncome": 0, "interestExpense": -24000000, "depreciationAndAmortization": 65100000, "ebitda": 156100000, "ebitdaratio": 0.1802540416, "operatingIncome": 136000000, "operatingIncomeRatio": 0.1570438799, "totalOtherIncomeExpensesNet": -7000000, "incomeBeforeTax": 129000000, "incomeBeforeTaxRatio": 0.148960739, "incomeTaxExpense": -31000000, "netIncome": 115000000, "netIncomeRatio": 0.1327944573, "eps": 1.49, "epsdiluted": 1.49, "weightedAverageShsOut": 77000000, "weightedAverageShsOutDil": 77000000, "link": "", "finalLink": "", "calculatedOtherExpenses": 290000000, "calculatedOperatingExpenses": 322000000, "calculatedNetInterest": 24000000, "calculatedOtherIncome": -31000000, "calculatedIncomeNonControlling": 45000000, "calculatedEbitda": 201100000}, {"date": "1987-12-31", "symbol": "CZR", "reportedCurrency": "USD", "cik": "0001590895", "fillingDate": "1987-12-31", "acceptedDate": "1987-12-30 19:00:00", "calendarYear": "1987", "period": "FY", "revenue": 798000000, "costOfRevenue": 366000000, "grossProfit": 432000000, "grossProfitRatio": 0.5413533835, "researchAndDevelopmentExpenses": 0, "generalAndAdministrativeExpenses": 39000000, "sellingAndMarketingExpenses": 0, "sellingGeneralAndAdministrativeExpenses": 39000000, "otherExpenses": 242000000, "operatingExpenses": 281000000, "costAndExpenses": 647000000, "interestIncome": 0, "interestExpense": -20000000, "depreciationAndAmortization": -17000000, "ebitda": 134000000, "ebitdaratio": 0.1679197995, "operatingIncome": 151000000, "operatingIncomeRatio": 0.1892230576, "totalOtherIncomeExpensesNet": 4000000, "incomeBeforeTax": 155000000, "incomeBeforeTaxRatio": 0.194235589, "incomeTaxExpense": 1000000, "netIncome": 154000000, "netIncomeRatio": 0.1929824561, "eps": 2, "epsdiluted": 2, "weightedAverageShsOut": 77000000, "weightedAverageShsOutDil": 77000000, "link": "", "finalLink": "", "calculatedOtherExpenses": 242000000, "calculatedOperatingExpenses": 281000000, "calculatedNetInterest": 20000000, "calculatedOtherIncome": -16000000, "calculatedIncomeNonControlling": 0, "calculatedEbitda": 134000000}]}