{"originalCurrency": "USD", "convertedCurrency": "USD", "report": [{"date": "2023-12-31", "symbol": "D", "reportedCurrency": "USD", "cik": "0000715957", "fillingDate": "2024-02-23", "acceptedDate": "2024-02-23 07:30:17", "calendarYear": "2023", "period": "FY", "revenue": 13686000000, "costOfRevenue": 6475000000, "grossProfit": 7211000000, "grossProfitRatio": 0.5268887915, "researchAndDevelopmentExpenses": 0, "generalAndAdministrativeExpenses": 0, "sellingAndMarketingExpenses": 0, "sellingGeneralAndAdministrativeExpenses": 3160000000, "otherExpenses": -684000000, "operatingExpenses": 3844000000, "costAndExpenses": 10319000000, "interestIncome": 0, "interestExpense": 1790000000, "depreciationAndAmortization": 3128000000, "ebitda": 6495000000, "ebitdaratio": 0.4745725559, "operatingIncome": 3367000000, "operatingIncomeRatio": 0.2460178284, "totalOtherIncomeExpensesNet": -635000000, "incomeBeforeTax": 2732000000, "incomeBeforeTaxRatio": 0.1996200497, "incomeTaxExpense": 575000000, "netIncome": 1994000000, "netIncomeRatio": 0.145696332, "eps": 2.29, "epsdiluted": 2.29, "weightedAverageShsOut": 836400000, "weightedAverageShsOutDil": 836500000, "link": "https://www.sec.gov/Archives/edgar/data/715957/000095017024019110/0000950170-24-019110-index.htm", "finalLink": "https://www.sec.gov/Archives/edgar/data/103682/000095017024019110/d-20231231.htm", "calculatedOtherExpenses": 684000000, "calculatedOperatingExpenses": 3844000000, "calculatedNetInterest": -1790000000, "calculatedOtherIncome": 1155000000, "calculatedIncomeNonControlling": 163000000, "calculatedEbitda": 6495000000}, {"date": "2022-12-31", "symbol": "D", "reportedCurrency": "USD", "cik": "0000715957", "fillingDate": "2023-02-21", "acceptedDate": "2023-02-21 07:00:15", "calendarYear": "2022", "period": "FY", "revenue": 17174000000, "costOfRevenue": 11825000000, "grossProfit": 5349000000, "grossProfitRatio": 0.3114591825, "researchAndDevelopmentExpenses": 0, "generalAndAdministrativeExpenses": 0, "sellingAndMarketingExpenses": 0, "sellingGeneralAndAdministrativeExpenses": 3984000000, "otherExpenses": 3753000000, "operatingExpenses": 3753000000, "costAndExpenses": 15578000000, "interestIncome": 1001000000, "interestExpense": 966000000, "depreciationAndAmortization": 3253000000, "ebitda": 4849000000, "ebitdaratio": 0.2823454058, "operatingIncome": 1596000000, "operatingIncomeRatio": 0.092931175, "totalOtherIncomeExpensesNet": -543000000, "incomeBeforeTax": 1053000000, "incomeBeforeTaxRatio": 0.0613136136, "incomeTaxExpense": 68000000, "netIncome": 994000000, "netIncomeRatio": 0.057878188, "eps": 1.21, "epsdiluted": 1.21, "weightedAverageShsOut": 823900000, "weightedAverageShsOutDil": 824800000, "link": "https://www.sec.gov/Archives/edgar/data/715957/000095017023003287/0000950170-23-003287-index.htm", "finalLink": "https://www.sec.gov/Archives/edgar/data/103682/000095017023003287/d-20221231.htm", "calculatedOtherExpenses": -231000000, "calculatedOperatingExpenses": 3753000000, "calculatedNetInterest": 35000000, "calculatedOtherIncome": -578000000, "calculatedIncomeNonControlling": -9000000, "calculatedEbitda": 4849000000}, {"date": "2021-12-31", "symbol": "D", "reportedCurrency": "USD", "cik": "0000715957", "fillingDate": "2022-02-24", "acceptedDate": "2022-02-24 12:58:30", "calendarYear": "2021", "period": "FY", "revenue": 13964000000, "costOfRevenue": 3521000000, "grossProfit": 10443000000, "grossProfitRatio": 0.7478516184, "researchAndDevelopmentExpenses": 20000000, "generalAndAdministrativeExpenses": 0, "sellingAndMarketingExpenses": 0, "sellingGeneralAndAdministrativeExpenses": 3703000000, "otherExpenses": 7424000000, "operatingExpenses": 7424000000, "costAndExpenses": 10945000000, "interestIncome": 1331000000, "interestExpense": 1354000000, "depreciationAndAmortization": 2478000000, "ebitda": 5497000000, "ebitdaratio": 0.3936551131, "operatingIncome": 3019000000, "operatingIncomeRatio": 0.2161987969, "totalOtherIncomeExpensesNet": 79000000, "incomeBeforeTax": 3098000000, "incomeBeforeTaxRatio": 0.2218562017, "incomeTaxExpense": 425000000, "netIncome": 3399000000, "netIncomeRatio": 0.2434116299, "eps": 3.99, "epsdiluted": 3.98, "weightedAverageShsOut": 807800000, "weightedAverageShsOutDil": 808500000, "link": "https://www.sec.gov/Archives/edgar/data/715957/000156459022006589/0001564590-22-006589-index.htm", "finalLink": "https://www.sec.gov/Archives/edgar/data/103682/000156459022006589/d-10k_20211231.htm", "calculatedOtherExpenses": 3701000000, "calculatedOperatingExpenses": 7424000000, "calculatedNetInterest": -23000000, "calculatedOtherIncome": 102000000, "calculatedIncomeNonControlling": -726000000, "calculatedEbitda": 5497000000}, {"date": "2020-12-31", "symbol": "D", "reportedCurrency": "USD", "cik": "0000715957", "fillingDate": "2021-02-25", "acceptedDate": "2021-02-25 08:17:20", "calendarYear": "2020", "period": "FY", "revenue": 14172000000, "costOfRevenue": 3185000000, "grossProfit": 10987000000, "grossProfitRatio": 0.7752610782, "researchAndDevelopmentExpenses": 0, "generalAndAdministrativeExpenses": 0, "sellingAndMarketingExpenses": 0, "sellingGeneralAndAdministrativeExpenses": 3588000000, "otherExpenses": 8932000000, "operatingExpenses": 8932000000, "costAndExpenses": 12117000000, "interestIncome": 1377000000, "interestExpense": 1377000000, "depreciationAndAmortization": 2836000000, "ebitda": 4387000000, "ebitdaratio": 0.3095540502, "operatingIncome": 1551000000, "operatingIncomeRatio": 0.1094411516, "totalOtherIncomeExpensesNet": -140000000, "incomeBeforeTax": 1411000000, "incomeBeforeTaxRatio": 0.0995625176, "incomeTaxExpense": 83000000, "netIncome": 1328000000, "netIncomeRatio": 0.093705899, "eps": 1.6, "epsdiluted": 1.6, "weightedAverageShsOut": 831000000, "weightedAverageShsOutDil": 831000000, "link": "https://www.sec.gov/Archives/edgar/data/715957/000156459021008442/0001564590-21-008442-index.htm", "finalLink": "https://www.sec.gov/Archives/edgar/data/103682/000156459021008442/d-10k_20201231.htm", "calculatedOtherExpenses": 5848000000, "calculatedOperatingExpenses": 9436000000, "calculatedNetInterest": 0, "calculatedOtherIncome": -140000000, "calculatedIncomeNonControlling": 0, "calculatedEbitda": 4387000000}, {"date": "2019-12-31", "symbol": "D", "reportedCurrency": "USD", "cik": "0000715957", "fillingDate": "2020-02-28", "acceptedDate": "2020-02-28 08:56:19", "calendarYear": "2019", "period": "FY", "revenue": 16572000000, "costOfRevenue": 4562000000, "grossProfit": 12010000000, "grossProfitRatio": 0.7247163891, "researchAndDevelopmentExpenses": 0, "generalAndAdministrativeExpenses": 0, "sellingAndMarketingExpenses": 0, "sellingGeneralAndAdministrativeExpenses": 3144000000, "otherExpenses": 9376000000, "operatingExpenses": 9376000000, "costAndExpenses": 13938000000, "interestIncome": 1477000000, "interestExpense": 1773000000, "depreciationAndAmortization": 2655000000, "ebitda": 5289000000, "ebitdaratio": 0.3191527878, "operatingIncome": 2634000000, "operatingIncomeRatio": 0.1589427951, "totalOtherIncomeExpensesNet": -787000000, "incomeBeforeTax": 1847000000, "incomeBeforeTaxRatio": 0.1114530533, "incomeTaxExpense": 381000000, "netIncome": 1448000000, "netIncomeRatio": 0.0873762974, "eps": 1.66, "epsdiluted": 1.66, "weightedAverageShsOut": 808800000, "weightedAverageShsOutDil": 808900000, "link": "https://www.sec.gov/Archives/edgar/data/715957/000119312520054469/0001193125-20-054469-index.htm", "finalLink": "https://www.sec.gov/Archives/edgar/data/103682/000119312520054469/d854390d10k.htm", "calculatedOtherExpenses": 6232000000, "calculatedOperatingExpenses": 9376000000, "calculatedNetInterest": -296000000, "calculatedOtherIncome": -491000000, "calculatedIncomeNonControlling": 18000000, "calculatedEbitda": 5289000000}, {"date": "2018-12-31", "symbol": "D", "reportedCurrency": "USD", "cik": "0000715957", "fillingDate": "2019-02-28", "acceptedDate": "2019-02-28 17:17:16", "calendarYear": "2018", "period": "FY", "revenue": 13366000000, "costOfRevenue": 3581000000, "grossProfit": 9785000000, "grossProfitRatio": 0.7320814006, "researchAndDevelopmentExpenses": 0, "generalAndAdministrativeExpenses": 0, "sellingAndMarketingExpenses": 0, "sellingGeneralAndAdministrativeExpenses": 3458000000, "otherExpenses": 1021000000, "operatingExpenses": 6184000000, "costAndExpenses": 9765000000, "interestIncome": 0, "interestExpense": 1493000000, "depreciationAndAmortization": 2280000000, "ebitda": 5601000000, "ebitdaratio": 0.4190483316, "operatingIncome": 3601000000, "operatingIncomeRatio": 0.2694149334, "totalOtherIncomeExpensesNet": 1021000000, "incomeBeforeTax": 3129000000, "incomeBeforeTaxRatio": 0.2341014514, "incomeTaxExpense": 580000000, "netIncome": 2447000000, "netIncomeRatio": 0.1830764627, "eps": 3.74, "epsdiluted": 3.59, "weightedAverageShsOut": 654200000, "weightedAverageShsOutDil": 681000000, "link": "https://www.sec.gov/Archives/edgar/data/715957/000119312519057924/0001193125-19-057924-index.htm", "finalLink": "https://www.sec.gov/Archives/edgar/data/103682/000119312519057924/d662998d10k.htm", "calculatedOtherExpenses": 2726000000, "calculatedOperatingExpenses": 6184000000, "calculatedNetInterest": -1493000000, "calculatedOtherIncome": 1021000000, "calculatedIncomeNonControlling": 102000000, "calculatedEbitda": 5881000000}, {"date": "2017-12-31", "symbol": "D", "reportedCurrency": "USD", "cik": "0000715957", "fillingDate": "2018-02-27", "acceptedDate": "2018-02-27 09:13:42", "calendarYear": "2017", "period": "FY", "revenue": 12586000000, "costOfRevenue": 3008000000, "grossProfit": 9578000000, "grossProfitRatio": 0.7610042905, "researchAndDevelopmentExpenses": 0, "generalAndAdministrativeExpenses": 0, "sellingAndMarketingExpenses": 0, "sellingGeneralAndAdministrativeExpenses": 3200000000, "otherExpenses": 358000000, "operatingExpenses": 5641000000, "costAndExpenses": 8649000000, "interestIncome": 0, "interestExpense": 1205000000, "depreciationAndAmortization": 2202000000, "ebitda": 6139000000, "ebitdaratio": 0.4877641824, "operatingIncome": 3937000000, "operatingIncomeRatio": 0.3128078818, "totalOtherIncomeExpensesNet": 358000000, "incomeBeforeTax": 3090000000, "incomeBeforeTaxRatio": 0.2455108851, "incomeTaxExpense": -30000000, "netIncome": 2999000000, "netIncomeRatio": 0.2382806293, "eps": 4.72, "epsdiluted": 4.72, "weightedAverageShsOut": 636000000, "weightedAverageShsOutDil": 636000000, "link": "https://www.sec.gov/Archives/edgar/data/715957/000119312518059578/0001193125-18-059578-index.htm", "finalLink": "https://www.sec.gov/Archives/edgar/data/103682/000119312518059578/d512216d10k.htm", "calculatedOtherExpenses": 2441000000, "calculatedOperatingExpenses": 5641000000, "calculatedNetInterest": -1205000000, "calculatedOtherIncome": 358000000, "calculatedIncomeNonControlling": 121000000, "calculatedEbitda": 6139000000}, {"date": "2016-12-31", "symbol": "D", "reportedCurrency": "USD", "cik": "0000715957", "fillingDate": "2017-02-28", "acceptedDate": "2017-02-28 08:30:57", "calendarYear": "2016", "period": "FY", "revenue": 11733000000, "costOfRevenue": 2887000000, "grossProfit": 8846000000, "grossProfitRatio": 0.7539418733, "researchAndDevelopmentExpenses": 0, "generalAndAdministrativeExpenses": 0, "sellingAndMarketingExpenses": 0, "sellingGeneralAndAdministrativeExpenses": 3064000000, "otherExpenses": 250000000, "operatingExpenses": 5219000000, "costAndExpenses": 8106000000, "interestIncome": 0, "interestExpense": 1010000000, "depreciationAndAmortization": 1849000000, "ebitda": 5186000000, "ebitdaratio": 0.4420011932, "operatingIncome": 3627000000, "operatingIncomeRatio": 0.3091281002, "totalOtherIncomeExpensesNet": 250000000, "incomeBeforeTax": 2867000000, "incomeBeforeTaxRatio": 0.2443535328, "incomeTaxExpense": 655000000, "netIncome": 2123000000, "netIncomeRatio": 0.1809426404, "eps": 3.38, "epsdiluted": 3.38, "weightedAverageShsOut": 616400000, "weightedAverageShsOutDil": 628000000, "link": "https://www.sec.gov/Archives/edgar/data/715957/000119312517060413/0001193125-17-060413-index.htm", "finalLink": "https://www.sec.gov/Archives/edgar/data/103682/000119312517060413/d334692d10k.htm", "calculatedOtherExpenses": 2155000000, "calculatedOperatingExpenses": 5219000000, "calculatedNetInterest": -1010000000, "calculatedOtherIncome": 250000000, "calculatedIncomeNonControlling": 89000000, "calculatedEbitda": 5476000000}, {"date": "2015-12-31", "symbol": "D", "reportedCurrency": "USD", "cik": "0000715957", "fillingDate": "2016-02-26", "acceptedDate": "2016-02-26 12:51:50", "calendarYear": "2015", "period": "FY", "revenue": 11683000000, "costOfRevenue": 6201000000, "grossProfit": 5482000000, "grossProfitRatio": 0.469228794, "researchAndDevelopmentExpenses": 0, "generalAndAdministrativeExpenses": 0, "sellingAndMarketingExpenses": 0, "sellingGeneralAndAdministrativeExpenses": 2595000000, "otherExpenses": 196000000, "operatingExpenses": 1946000000, "costAndExpenses": 8147000000, "interestIncome": 0, "interestExpense": 904000000, "depreciationAndAmortization": 1669000000, "ebitda": 5205000000, "ebitdaratio": 0.4455191304, "operatingIncome": 3536000000, "operatingIncomeRatio": 0.3026619875, "totalOtherIncomeExpensesNet": 196000000, "incomeBeforeTax": 2828000000, "incomeBeforeTaxRatio": 0.2420611144, "incomeTaxExpense": 905000000, "netIncome": 1899000000, "netIncomeRatio": 0.1625438672, "eps": 3.21, "epsdiluted": 3.2, "weightedAverageShsOut": 592400000, "weightedAverageShsOutDil": 593700000, "link": "https://www.sec.gov/Archives/edgar/data/715957/000119312516480850/0001193125-16-480850-index.htm", "finalLink": "https://www.sec.gov/Archives/edgar/data/103682/000119312516480850/d126742d10k.htm", "calculatedOtherExpenses": -649000000, "calculatedOperatingExpenses": 1946000000, "calculatedNetInterest": -904000000, "calculatedOtherIncome": 196000000, "calculatedIncomeNonControlling": 24000000, "calculatedEbitda": 5205000000}, {"date": "2014-12-31", "symbol": "D", "reportedCurrency": "USD", "cik": "0000715957", "fillingDate": "2015-02-27", "acceptedDate": "2015-02-27 10:12:32", "calendarYear": "2014", "period": "FY", "revenue": 12436000000, "costOfRevenue": 7881000000, "grossProfit": 4555000000, "grossProfitRatio": 0.3662753297, "researchAndDevelopmentExpenses": 0, "generalAndAdministrativeExpenses": 0, "sellingAndMarketingExpenses": 0, "sellingGeneralAndAdministrativeExpenses": 0, "otherExpenses": 250000000, "operatingExpenses": 1834000000, "costAndExpenses": 9715000000, "interestIncome": 0, "interestExpense": 1193000000, "depreciationAndAmortization": 1560000000, "ebitda": 4281000000, "ebitdaratio": 0.3442425217, "operatingIncome": 2721000000, "operatingIncomeRatio": 0.2188002573, "totalOtherIncomeExpensesNet": 250000000, "incomeBeforeTax": 1778000000, "incomeBeforeTaxRatio": 0.1429720167, "incomeTaxExpense": 452000000, "netIncome": 1310000000, "netIncomeRatio": 0.1053393374, "eps": 2.25, "epsdiluted": 2.24, "weightedAverageShsOut": 582700000, "weightedAverageShsOutDil": 584500000, "link": "https://www.sec.gov/Archives/edgar/data/715957/000119312515067777/0001193125-15-067777-index.htm", "finalLink": "https://www.sec.gov/Archives/edgar/data/103682/000119312515067777/d856078d10k.htm", "calculatedOtherExpenses": 1834000000, "calculatedOperatingExpenses": 1834000000, "calculatedNetInterest": -1193000000, "calculatedOtherIncome": 250000000, "calculatedIncomeNonControlling": 16000000, "calculatedEbitda": 4281000000}, {"date": "2013-12-31", "symbol": "D", "reportedCurrency": "USD", "cik": "0000715957", "fillingDate": "2014-02-28", "acceptedDate": "2014-02-27 17:37:14", "calendarYear": "2013", "period": "FY", "revenue": 13120000000, "costOfRevenue": 8033000000, "grossProfit": 5087000000, "grossProfitRatio": 0.3877286585, "researchAndDevelopmentExpenses": 0, "generalAndAdministrativeExpenses": 0, "sellingAndMarketingExpenses": 0, "sellingGeneralAndAdministrativeExpenses": 0, "otherExpenses": 265000000, "operatingExpenses": 1771000000, "costAndExpenses": 9804000000, "interestIncome": 0, "interestExpense": 877000000, "depreciationAndAmortization": 1390000000, "ebitda": 4706000000, "ebitdaratio": 0.3586890244, "operatingIncome": 3316000000, "operatingIncomeRatio": 0.2527439024, "totalOtherIncomeExpensesNet": 265000000, "incomeBeforeTax": 2704000000, "incomeBeforeTaxRatio": 0.206097561, "incomeTaxExpense": 892000000, "netIncome": 1697000000, "netIncomeRatio": 0.1293445122, "eps": 2.93, "epsdiluted": 2.93, "weightedAverageShsOut": 578700000, "weightedAverageShsOutDil": 579500000, "link": "https://www.sec.gov/Archives/edgar/data/715957/000119312514073496/0001193125-14-073496-index.htm", "finalLink": "https://www.sec.gov/Archives/edgar/data/103682/000119312514073496/d660169d10k.htm", "calculatedOtherExpenses": 1771000000, "calculatedOperatingExpenses": 1771000000, "calculatedNetInterest": -877000000, "calculatedOtherIncome": 265000000, "calculatedIncomeNonControlling": 115000000, "calculatedEbitda": 4706000000}, {"date": "2012-12-31", "symbol": "D", "reportedCurrency": "USD", "cik": "0000715957", "fillingDate": "2013-02-28", "acceptedDate": "2013-02-28 12:09:51", "calendarYear": "2012", "period": "FY", "revenue": 13093000000, "costOfRevenue": 10180000000, "grossProfit": 2913000000, "grossProfitRatio": 0.2224852975, "researchAndDevelopmentExpenses": 0, "generalAndAdministrativeExpenses": 0, "sellingAndMarketingExpenses": 0, "sellingGeneralAndAdministrativeExpenses": 0, "otherExpenses": 223000000, "operatingExpenses": 1757000000, "costAndExpenses": 11937000000, "interestIncome": 0, "interestExpense": 882000000, "depreciationAndAmortization": 1443000000, "ebitda": 2599000000, "ebitdaratio": 0.1985030169, "operatingIncome": 1156000000, "operatingIncomeRatio": 0.0882914534, "totalOtherIncomeExpensesNet": 223000000, "incomeBeforeTax": 497000000, "incomeBeforeTaxRatio": 0.0379592148, "incomeTaxExpense": 146000000, "netIncome": 302000000, "netIncomeRatio": 0.0230657603, "eps": 0.53, "epsdiluted": 0.53, "weightedAverageShsOut": 572900000, "weightedAverageShsOutDil": 573900000, "link": "https://www.sec.gov/Archives/edgar/data/715957/000119312513082933/0001193125-13-082933-index.htm", "finalLink": "https://www.sec.gov/Archives/edgar/data/103682/000119312513082933/d431694d10k.htm", "calculatedOtherExpenses": 1757000000, "calculatedOperatingExpenses": 1757000000, "calculatedNetInterest": -882000000, "calculatedOtherIncome": 223000000, "calculatedIncomeNonControlling": 49000000, "calculatedEbitda": 2599000000}, {"date": "2011-12-31", "symbol": "D", "reportedCurrency": "USD", "cik": "0000715957", "fillingDate": "2012-02-28", "acceptedDate": "2012-02-28 17:20:58", "calendarYear": "2011", "period": "FY", "revenue": 14379000000, "costOfRevenue": 6412000000, "grossProfit": 7967000000, "grossProfitRatio": 0.5540719104, "researchAndDevelopmentExpenses": 0, "generalAndAdministrativeExpenses": 0, "sellingAndMarketingExpenses": 0, "sellingGeneralAndAdministrativeExpenses": 0, "otherExpenses": 5106000000, "operatingExpenses": 5106000000, "costAndExpenses": 11518000000, "interestIncome": 0, "interestExpense": 869000000, "depreciationAndAmortization": 1288000000, "ebitda": 4149000000, "ebitdaratio": 0.288545796, "operatingIncome": 2861000000, "operatingIncomeRatio": 0.1989707212, "totalOtherIncomeExpensesNet": 179000000, "incomeBeforeTax": 2171000000, "incomeBeforeTaxRatio": 0.150984074, "incomeTaxExpense": 745000000, "netIncome": 1408000000, "netIncomeRatio": 0.0979205786, "eps": 2.46, "epsdiluted": 2.45, "weightedAverageShsOut": 573100000, "weightedAverageShsOutDil": 574600000, "link": "https://www.sec.gov/Archives/edgar/data/715957/000119312512085811/0001193125-12-085811-index.htm", "finalLink": "https://www.sec.gov/Archives/edgar/data/103682/000119312512085811/d283555d10k.htm", "calculatedOtherExpenses": 5106000000, "calculatedOperatingExpenses": 5106000000, "calculatedNetInterest": -869000000, "calculatedOtherIncome": 179000000, "calculatedIncomeNonControlling": 18000000, "calculatedEbitda": 4149000000}, {"date": "2010-12-31", "symbol": "D", "reportedCurrency": "USD", "cik": "0000715957", "fillingDate": "2011-02-28", "acceptedDate": "2011-02-28 16:10:25", "calendarYear": "2010", "period": "FY", "revenue": 15197000000, "costOfRevenue": 6653000000, "grossProfit": 8544000000, "grossProfitRatio": 0.5622162269, "researchAndDevelopmentExpenses": 0, "generalAndAdministrativeExpenses": 0, "sellingAndMarketingExpenses": 0, "sellingGeneralAndAdministrativeExpenses": 0, "otherExpenses": 5311000000, "operatingExpenses": 9497000000, "costAndExpenses": 16150000000, "interestIncome": 0, "interestExpense": 832000000, "depreciationAndAmortization": 1258000000, "ebitda": 6958000000, "ebitdaratio": 0.4578535237, "operatingIncome": 5700000000, "operatingIncomeRatio": 0.3750740278, "totalOtherIncomeExpensesNet": 169000000, "incomeBeforeTax": 5037000000, "incomeBeforeTaxRatio": 0.3314469961, "incomeTaxExpense": 2057000000, "netIncome": 2808000000, "netIncomeRatio": 0.1847733105, "eps": 4.83, "epsdiluted": 4.76, "weightedAverageShsOut": 581000000, "weightedAverageShsOutDil": 590100000, "link": "https://www.sec.gov/Archives/edgar/data/715957/000119312511049905/0001193125-11-049905-index.htm", "finalLink": "https://www.sec.gov/Archives/edgar/data/103682/000119312511049905/d10k.htm", "calculatedOtherExpenses": 2844000000, "calculatedOperatingExpenses": 2844000000, "calculatedNetInterest": -832000000, "calculatedOtherIncome": 169000000, "calculatedIncomeNonControlling": 172000000, "calculatedEbitda": 6958000000}, {"date": "2009-12-31", "symbol": "D", "reportedCurrency": "USD", "cik": "0000715957", "fillingDate": "2010-02-26", "acceptedDate": "2010-02-26 16:06:23", "calendarYear": "2009", "period": "FY", "revenue": 15131000000, "costOfRevenue": 7077000000, "grossProfit": 8054000000, "grossProfitRatio": 0.5322847135, "researchAndDevelopmentExpenses": 0, "generalAndAdministrativeExpenses": 0, "sellingAndMarketingExpenses": 0, "sellingGeneralAndAdministrativeExpenses": 0, "otherExpenses": 5425000000, "operatingExpenses": 5425000000, "costAndExpenses": 12502000000, "interestIncome": 0, "interestExpense": 894000000, "depreciationAndAmortization": 1319000000, "ebitda": 3948000000, "ebitdaratio": 0.2609212874, "operatingIncome": 2629000000, "operatingIncomeRatio": 0.1737492565, "totalOtherIncomeExpensesNet": 181000000, "incomeBeforeTax": 1916000000, "incomeBeforeTaxRatio": 0.1266274536, "incomeTaxExpense": 612000000, "netIncome": 1287000000, "netIncomeRatio": 0.0850571674, "eps": 2.17, "epsdiluted": 2.17, "weightedAverageShsOut": 593300000, "weightedAverageShsOutDil": 593700000, "link": "https://www.sec.gov/Archives/edgar/data/715957/000119312510042883/0001193125-10-042883-index.htm", "finalLink": "https://www.sec.gov/Archives/edgar/data/103682/000119312510042883/d10k.htm", "calculatedOtherExpenses": 5425000000, "calculatedOperatingExpenses": 5425000000, "calculatedNetInterest": -894000000, "calculatedOtherIncome": 181000000, "calculatedIncomeNonControlling": 17000000, "calculatedEbitda": 3948000000}, {"date": "2008-12-31", "symbol": "D", "reportedCurrency": "USD", "cik": "0000715957", "fillingDate": "2009-02-26", "acceptedDate": "2009-02-26 16:27:27", "calendarYear": "2008", "period": "FY", "revenue": 16290000000, "costOfRevenue": 7772000000, "grossProfit": 8518000000, "grossProfitRatio": 0.5228974831, "researchAndDevelopmentExpenses": 0, "generalAndAdministrativeExpenses": 0, "sellingAndMarketingExpenses": 0, "sellingGeneralAndAdministrativeExpenses": 0, "otherExpenses": 4850000000, "operatingExpenses": 4850000000, "costAndExpenses": 12622000000, "interestIncome": 0, "interestExpense": 0, "depreciationAndAmortization": 1191000000, "ebitda": 4959000000, "ebitdaratio": 0.3044198895, "operatingIncome": 3668000000, "operatingIncomeRatio": 0.2251688152, "totalOtherIncomeExpensesNet": -100000000, "incomeBeforeTax": 2715000000, "incomeBeforeTaxRatio": 0.1666666667, "incomeTaxExpense": 879000000, "netIncome": 1834000000, "netIncomeRatio": 0.1125844076, "eps": 3.17, "epsdiluted": 3.16, "weightedAverageShsOut": 577800000, "weightedAverageShsOutDil": 580800000, "link": "https://www.sec.gov/Archives/edgar/data/715957/000119312509039102/0001193125-09-039102-index.htm", "finalLink": "https://www.sec.gov/Archives/edgar/data/715957/000119312509039102/d10k.htm", "calculatedOtherExpenses": 4850000000, "calculatedOperatingExpenses": 4850000000, "calculatedNetInterest": 0, "calculatedOtherIncome": -953000000, "calculatedIncomeNonControlling": 2000000, "calculatedEbitda": 4859000000}, {"date": "2007-12-31", "symbol": "D", "reportedCurrency": "USD", "cik": "0000715957", "fillingDate": "2008-02-28", "acceptedDate": "2008-02-28 09:40:33", "calendarYear": "2007", "period": "FY", "revenue": 15674000000, "costOfRevenue": 6716000000, "grossProfit": 8958000000, "grossProfitRatio": 0.5715197142, "researchAndDevelopmentExpenses": 0, "generalAndAdministrativeExpenses": 0, "sellingAndMarketingExpenses": 0, "sellingGeneralAndAdministrativeExpenses": 0, "otherExpenses": 7026000000, "operatingExpenses": 7026000000, "costAndExpenses": 13742000000, "interestIncome": 0, "interestExpense": 0, "depreciationAndAmortization": 1533000000, "ebitda": -272000000, "ebitdaratio": -0.0173535792, "operatingIncome": 1932000000, "operatingIncomeRatio": 0.1232614521, "totalOtherIncomeExpensesNet": 3737000000, "incomeBeforeTax": 4488000000, "incomeBeforeTaxRatio": 0.2863340564, "incomeTaxExpense": 1783000000, "netIncome": 2539000000, "netIncomeRatio": 0.1619880056, "eps": 3.9, "epsdiluted": 3.88, "weightedAverageShsOut": 651025641, "weightedAverageShsOutDil": 654381443, "link": "https://www.sec.gov/Archives/edgar/data/715957/000119312508041046/0001193125-08-041046-index.htm", "finalLink": "https://www.sec.gov/Archives/edgar/data/715957/000119312508041046/d10k.htm", "calculatedOtherExpenses": 7026000000, "calculatedOperatingExpenses": 7026000000, "calculatedNetInterest": 0, "calculatedOtherIncome": 2556000000, "calculatedIncomeNonControlling": 166000000, "calculatedEbitda": 3465000000}, {"date": "2006-12-31", "symbol": "D", "reportedCurrency": "USD", "cik": "0000715957", "fillingDate": "2007-02-28", "acceptedDate": "2007-02-28 16:14:01", "calendarYear": "2006", "period": "FY", "revenue": 16482000000, "costOfRevenue": 6654000000, "grossProfit": 9828000000, "grossProfitRatio": 0.5962868584, "researchAndDevelopmentExpenses": 0, "generalAndAdministrativeExpenses": 0, "sellingAndMarketingExpenses": 0, "sellingGeneralAndAdministrativeExpenses": 0, "otherExpenses": 6483000000, "operatingExpenses": 6483000000, "costAndExpenses": 13137000000, "interestIncome": 0, "interestExpense": 0, "depreciationAndAmortization": 1739000000, "ebitda": 4910000000, "ebitdaratio": 0.2979007402, "operatingIncome": 3345000000, "operatingIncomeRatio": 0.2029486713, "totalOtherIncomeExpensesNet": 174000000, "incomeBeforeTax": 2483000000, "incomeBeforeTaxRatio": 0.1506491931, "incomeTaxExpense": 920000000, "netIncome": 1380000000, "netIncomeRatio": 0.0837277029, "eps": 1.98, "epsdiluted": 1.97, "weightedAverageShsOut": 698734177, "weightedAverageShsOutDil": 702290076, "link": "https://www.sec.gov/Archives/edgar/data/715957/000119312507042607/0001193125-07-042607-index.htm", "finalLink": "https://www.sec.gov/Archives/edgar/data/715957/000119312507042607/d10k.htm", "calculatedOtherExpenses": 6483000000, "calculatedOperatingExpenses": 6483000000, "calculatedNetInterest": 0, "calculatedOtherIncome": -862000000, "calculatedIncomeNonControlling": 183000000, "calculatedEbitda": 5084000000}, {"date": "2005-12-31", "symbol": "D", "reportedCurrency": "USD", "cik": "0000715957", "fillingDate": "2006-03-02", "acceptedDate": "2006-03-02 08:40:52", "calendarYear": "2005", "period": "FY", "revenue": 18041000000, "costOfRevenue": 10550000000, "grossProfit": 7491000000, "grossProfitRatio": 0.4152208858, "researchAndDevelopmentExpenses": 0, "generalAndAdministrativeExpenses": 0, "sellingAndMarketingExpenses": 0, "sellingGeneralAndAdministrativeExpenses": 0, "otherExpenses": 5052000000, "operatingExpenses": 5052000000, "costAndExpenses": 15602000000, "interestIncome": 0, "interestExpense": 0, "depreciationAndAmortization": 1538000000, "ebitda": 3809000000, "ebitdaratio": 0.2111302034, "operatingIncome": 2439000000, "operatingIncomeRatio": 0.1351920625, "totalOtherIncomeExpensesNet": 168000000, "incomeBeforeTax": 1616000000, "incomeBeforeTaxRatio": 0.0895737487, "incomeTaxExpense": 582000000, "netIncome": 1033000000, "netIncomeRatio": 0.0572584668, "eps": 1.51, "epsdiluted": 1.5, "weightedAverageShsOut": 684105960, "weightedAverageShsOutDil": 688666667, "link": "https://www.sec.gov/Archives/edgar/data/715957/000119312506043336/0001193125-06-043336-index.htm", "finalLink": "https://www.sec.gov/Archives/edgar/data/715957/000119312506043336/d10k.htm", "calculatedOtherExpenses": 5052000000, "calculatedOperatingExpenses": 5052000000, "calculatedNetInterest": 0, "calculatedOtherIncome": -823000000, "calculatedIncomeNonControlling": 1000000, "calculatedEbitda": 3977000000}, {"date": "2004-12-31", "symbol": "D", "reportedCurrency": "USD", "cik": "0000715957", "fillingDate": "2005-02-28", "acceptedDate": "2005-02-28 16:40:56", "calendarYear": "2004", "period": "FY", "revenue": 13972000000, "costOfRevenue": 6683000000, "grossProfit": 7289000000, "grossProfitRatio": 0.5216862296, "researchAndDevelopmentExpenses": 0, "generalAndAdministrativeExpenses": 0, "sellingAndMarketingExpenses": 0, "sellingGeneralAndAdministrativeExpenses": 0, "otherExpenses": 4572000000, "operatingExpenses": 4572000000, "costAndExpenses": 11255000000, "interestIncome": 0, "interestExpense": 0, "depreciationAndAmortization": 1433000000, "ebitda": 3964000000, "ebitdaratio": 0.2837102777, "operatingIncome": 2717000000, "operatingIncomeRatio": 0.1944603493, "totalOtherIncomeExpensesNet": 186000000, "incomeBeforeTax": 1964000000, "incomeBeforeTaxRatio": 0.140566848, "incomeTaxExpense": 700000000, "netIncome": 1249000000, "netIncomeRatio": 0.0893930719, "eps": 1.9, "epsdiluted": 1.89, "weightedAverageShsOut": 657368421, "weightedAverageShsOutDil": 660846561, "link": "https://www.sec.gov/Archives/edgar/data/715957/000119312505038704/0001193125-05-038704-index.htm", "finalLink": "https://www.sec.gov/Archives/edgar/data/715957/000119312505038704/d10k.htm", "calculatedOtherExpenses": 4572000000, "calculatedOperatingExpenses": 4572000000, "calculatedNetInterest": 0, "calculatedOtherIncome": -753000000, "calculatedIncomeNonControlling": 15000000, "calculatedEbitda": 4150000000}, {"date": "2003-12-31", "symbol": "D", "reportedCurrency": "USD", "cik": "0000715957", "fillingDate": "2004-03-01", "acceptedDate": "2004-02-27 18:50:33", "calendarYear": "2003", "period": "FY", "revenue": 12078000000, "costOfRevenue": 4917000000, "grossProfit": 7161000000, "grossProfitRatio": 0.5928961749, "researchAndDevelopmentExpenses": 0, "generalAndAdministrativeExpenses": 0, "sellingAndMarketingExpenses": 0, "sellingGeneralAndAdministrativeExpenses": 0, "otherExpenses": 4600000000, "operatingExpenses": 4600000000, "costAndExpenses": 9517000000, "interestIncome": 0, "interestExpense": 0, "depreciationAndAmortization": 1334000000, "ebitda": 3935000000, "ebitdaratio": 0.3257989733, "operatingIncome": 2561000000, "operatingIncomeRatio": 0.212038417, "totalOtherIncomeExpensesNet": -40000000, "incomeBeforeTax": 1546000000, "incomeBeforeTaxRatio": 0.1280013247, "incomeTaxExpense": 597000000, "netIncome": 318000000, "netIncomeRatio": 0.0263288624, "eps": 0.5, "epsdiluted": 0.5, "weightedAverageShsOut": 636000000, "weightedAverageShsOutDil": 636000000, "link": "https://www.sec.gov/Archives/edgar/data/715957/000119312504031543/0001193125-04-031543-index.htm", "finalLink": "https://www.sec.gov/Archives/edgar/data/715957/000119312504031543/d10k.htm", "calculatedOtherExpenses": 4600000000, "calculatedOperatingExpenses": 4600000000, "calculatedNetInterest": 0, "calculatedOtherIncome": -1015000000, "calculatedIncomeNonControlling": 631000000, "calculatedEbitda": 3895000000}, {"date": "2002-12-31", "symbol": "D", "reportedCurrency": "USD", "cik": "0000715957", "fillingDate": "2003-03-20", "acceptedDate": "2003-03-20 17:03:31", "calendarYear": "2002", "period": "FY", "revenue": 10218000000, "costOfRevenue": 3456000000, "grossProfit": 6762000000, "grossProfitRatio": 0.6617733412, "researchAndDevelopmentExpenses": 0, "generalAndAdministrativeExpenses": 0, "sellingAndMarketingExpenses": 0, "sellingGeneralAndAdministrativeExpenses": 0, "otherExpenses": 3877000000, "operatingExpenses": 3877000000, "costAndExpenses": 7333000000, "interestIncome": 0, "interestExpense": 826000000, "depreciationAndAmortization": 1379000000, "ebitda": 4161000000, "ebitdaratio": 0.4072225484, "operatingIncome": 2885000000, "operatingIncomeRatio": 0.2823448816, "totalOtherIncomeExpensesNet": 103000000, "incomeBeforeTax": 2043000000, "incomeBeforeTaxRatio": 0.1999412801, "incomeTaxExpense": 681000000, "netIncome": 1362000000, "netIncomeRatio": 0.1332941867, "eps": 2.42, "epsdiluted": 2.41, "weightedAverageShsOut": 561649485, "weightedAverageShsOutDil": 565145228, "link": "https://www.sec.gov/Archives/edgar/data/715957/000092838503000725/0000928385-03-000725-index.htm", "finalLink": "https://www.sec.gov/Archives/edgar/data/715957/000092838503000725/d10k.htm", "calculatedOtherExpenses": 3877000000, "calculatedOperatingExpenses": 3877000000, "calculatedNetInterest": -826000000, "calculatedOtherIncome": -16000000, "calculatedIncomeNonControlling": 0, "calculatedEbitda": 4264000000}, {"date": "2001-12-31", "symbol": "D", "reportedCurrency": "USD", "cik": "0000715957", "fillingDate": "2002-03-11", "acceptedDate": "2002-03-11 00:00:00", "calendarYear": "2001", "period": "FY", "revenue": 10558000000, "costOfRevenue": 4090000000, "grossProfit": 6468000000, "grossProfitRatio": 0.6126160258, "researchAndDevelopmentExpenses": 0, "generalAndAdministrativeExpenses": 0, "sellingAndMarketingExpenses": 0, "sellingGeneralAndAdministrativeExpenses": 0, "otherExpenses": 4683000000, "operatingExpenses": 4683000000, "costAndExpenses": 8773000000, "interestIncome": 0, "interestExpense": 0, "depreciationAndAmortization": 1322000000, "ebitda": 2981000000, "ebitdaratio": 0.2823451411, "operatingIncome": 1785000000, "operatingIncomeRatio": 0.169066111, "totalOtherIncomeExpensesNet": 126000000, "incomeBeforeTax": 914000000, "incomeBeforeTaxRatio": 0.086569426, "incomeTaxExpense": 370000000, "netIncome": 544000000, "netIncomeRatio": 0.05152491, "eps": 1.09, "epsdiluted": 1.08, "weightedAverageShsOut": 501382488, "weightedAverageShsOutDil": 506046512, "link": "https://www.sec.gov/Archives/edgar/data/715957/000091664102000388/0000916641-02-000388-index.htm", "finalLink": "https://www.sec.gov/Archives/edgar/data/715957/000091664102000388/d10k.htm", "calculatedOtherExpenses": 4683000000, "calculatedOperatingExpenses": 4683000000, "calculatedNetInterest": 0, "calculatedOtherIncome": -871000000, "calculatedIncomeNonControlling": 0, "calculatedEbitda": 3107000000}, {"date": "2000-12-31", "symbol": "D", "reportedCurrency": "USD", "cik": "0000715957", "fillingDate": "2001-03-20", "acceptedDate": "2001-03-20 00:00:00", "calendarYear": "2000", "period": "FY", "revenue": 9260000000, "costOfRevenue": 3599000000, "grossProfit": 5661000000, "grossProfitRatio": 0.6113390929, "researchAndDevelopmentExpenses": 0, "generalAndAdministrativeExpenses": 0, "sellingAndMarketingExpenses": 0, "sellingGeneralAndAdministrativeExpenses": 0, "otherExpenses": 4132000000, "operatingExpenses": 4132000000, "costAndExpenses": 7731000000, "interestIncome": 0, "interestExpense": 0, "depreciationAndAmortization": 1268000000, "ebitda": 2702000000, "ebitdaratio": 0.2917926566, "operatingIncome": 1529000000, "operatingIncomeRatio": 0.1651187905, "totalOtherIncomeExpensesNet": 95000000, "incomeBeforeTax": 598000000, "incomeBeforeTaxRatio": 0.0645788337, "incomeTaxExpense": 183000000, "netIncome": 436000000, "netIncomeRatio": 0.0470842333, "eps": 0.93, "epsdiluted": 0.93, "weightedAverageShsOut": 471351351, "weightedAverageShsOutDil": 471351351, "link": "https://www.sec.gov/Archives/edgar/data/715957/000091664101000361/0000916641-01-000361-index.htm", "finalLink": "https://www.sec.gov/Archives/edgar/data/715957/000091664101000361/0000916641-01-000361-0001.txt", "calculatedOtherExpenses": 4132000000, "calculatedOperatingExpenses": 4132000000, "calculatedNetInterest": 0, "calculatedOtherIncome": -931000000, "calculatedIncomeNonControlling": -21000000, "calculatedEbitda": 2797000000}, {"date": "1999-12-31", "symbol": "D", "reportedCurrency": "USD", "cik": "0000715957", "fillingDate": "2000-03-07", "acceptedDate": "2000-03-07 00:00:00", "calendarYear": "1999", "period": "FY", "revenue": 5520000000, "costOfRevenue": 1805000000, "grossProfit": 3715000000, "grossProfitRatio": 0.6730072464, "researchAndDevelopmentExpenses": 0, "generalAndAdministrativeExpenses": 0, "sellingAndMarketingExpenses": 0, "sellingGeneralAndAdministrativeExpenses": 0, "otherExpenses": 2404000000, "operatingExpenses": 2404000000, "costAndExpenses": 4209000000, "interestIncome": 0, "interestExpense": 0, "depreciationAndAmortization": 798000000, "ebitda": 2018000000, "ebitdaratio": 0.3655797101, "operatingIncome": 1311000000, "operatingIncomeRatio": 0.2375, "totalOtherIncomeExpensesNet": 91000000, "incomeBeforeTax": 810000000, "incomeBeforeTaxRatio": 0.1467391304, "incomeTaxExpense": 259000000, "netIncome": 296000000, "netIncomeRatio": 0.0536231884, "eps": 0.78, "epsdiluted": 0.74, "weightedAverageShsOut": 383225806, "weightedAverageShsOutDil": 401351351, "link": "https://www.sec.gov/Archives/edgar/data/715957/000091664100000216/0000916641-00-000216-index.html", "finalLink": "https://www.sec.gov/Archives/edgar/data/715957/000091664100000216/", "calculatedOtherExpenses": 2404000000, "calculatedOperatingExpenses": 2404000000, "calculatedNetInterest": 0, "calculatedOtherIncome": -501000000, "calculatedIncomeNonControlling": 255000000, "calculatedEbitda": 2109000000}, {"date": "1998-12-31", "symbol": "D", "reportedCurrency": "USD", "cik": "0000715957", "fillingDate": "1999-03-01", "acceptedDate": "1999-03-01 00:00:00", "calendarYear": "1998", "period": "FY", "revenue": 6086200000, "costOfRevenue": 2414400000, "grossProfit": 3671800000, "grossProfitRatio": 0.6032992672, "researchAndDevelopmentExpenses": 0, "generalAndAdministrativeExpenses": 0, "sellingAndMarketingExpenses": 0, "sellingGeneralAndAdministrativeExpenses": 0, "otherExpenses": 2248300000, "operatingExpenses": 2248300000, "costAndExpenses": 4662700000, "interestIncome": 0, "interestExpense": 0, "depreciationAndAmortization": 733000000, "ebitda": 2156500000, "ebitdaratio": 0.3543261805, "operatingIncome": 1423500000, "operatingIncomeRatio": 0.2338897834, "totalOtherIncomeExpensesNet": 93200000, "incomeBeforeTax": 841600000, "incomeBeforeTaxRatio": 0.1382800434, "incomeTaxExpense": 306000000, "netIncome": 535600000, "netIncomeRatio": 0.088002366, "eps": 1.41, "epsdiluted": 1.41, "weightedAverageShsOut": 381494662, "weightedAverageShsOutDil": 381494662, "link": "https://www.sec.gov/Archives/edgar/data/715957/000091664199000132/0000916641-99-000132-index.html", "finalLink": "https://www.sec.gov/Archives/edgar/data/715957/", "calculatedOtherExpenses": 2248300000, "calculatedOperatingExpenses": 2248300000, "calculatedNetInterest": 0, "calculatedOtherIncome": -581900000, "calculatedIncomeNonControlling": 0, "calculatedEbitda": 2156500000}, {"date": "1997-12-31", "symbol": "D", "reportedCurrency": "USD", "cik": "0000715957", "fillingDate": "1998-03-20", "acceptedDate": "1998-03-20 00:00:00", "calendarYear": "1997", "period": "FY", "revenue": 7677600000, "costOfRevenue": 3804300000, "grossProfit": 3873300000, "grossProfitRatio": 0.5044935917, "researchAndDevelopmentExpenses": 0, "generalAndAdministrativeExpenses": 0, "sellingAndMarketingExpenses": 0, "sellingGeneralAndAdministrativeExpenses": 0, "otherExpenses": 2552900000, "operatingExpenses": 2552900000, "costAndExpenses": 6357200000, "interestIncome": 0, "interestExpense": 0, "depreciationAndAmortization": 872000000, "ebitda": 2192400000, "ebitdaratio": 0.2855579869, "operatingIncome": 1320400000, "operatingIncomeRatio": 0.1719808273, "totalOtherIncomeExpensesNet": 33700000, "incomeBeforeTax": 632200000, "incomeBeforeTaxRatio": 0.0823434407, "incomeTaxExpense": 233000000, "netIncome": 399200000, "netIncomeRatio": 0.0519954152, "eps": 1.08, "epsdiluted": 1.08, "weightedAverageShsOut": 371162791, "weightedAverageShsOutDil": 371162791, "link": "https://www.sec.gov/Archives/edgar/data/715957/000091664198000261/0000916641-98-000261-index.html", "finalLink": "https://www.sec.gov/Archives/edgar/data/715957/", "calculatedOtherExpenses": 2552900000, "calculatedOperatingExpenses": 2552900000, "calculatedNetInterest": 0, "calculatedOtherIncome": -688200000, "calculatedIncomeNonControlling": 0, "calculatedEbitda": 2192400000}, {"date": "1996-12-31", "symbol": "D", "reportedCurrency": "USD", "cik": "0000715957", "fillingDate": "1997-03-24", "acceptedDate": "1997-03-24 00:00:00", "calendarYear": "1996", "period": "FY", "revenue": 4842300000, "costOfRevenue": 1687500000, "grossProfit": 3154800000, "grossProfitRatio": 0.6515085806, "researchAndDevelopmentExpenses": 0, "generalAndAdministrativeExpenses": 0, "sellingAndMarketingExpenses": 0, "sellingGeneralAndAdministrativeExpenses": 0, "otherExpenses": 2050400000, "operatingExpenses": 2050400000, "costAndExpenses": 3737900000, "interestIncome": 0, "interestExpense": 0, "depreciationAndAmortization": 684600000, "ebitda": 1789000000, "ebitdaratio": 0.3694525329, "operatingIncome": 1104400000, "operatingIncomeRatio": 0.2280734362, "totalOtherIncomeExpensesNet": 9800000, "incomeBeforeTax": 684600000, "incomeBeforeTaxRatio": 0.1413790967, "incomeTaxExpense": 212500000, "netIncome": 472100000, "netIncomeRatio": 0.097494992, "eps": 1.33, "epsdiluted": 1.33, "weightedAverageShsOut": 356301887, "weightedAverageShsOutDil": 356301887, "link": "https://www.sec.gov/Archives/edgar/data/715957/000091664197000230/0000916641-97-000230-index.html", "finalLink": "https://www.sec.gov/Archives/edgar/data/715957/", "calculatedOtherExpenses": 2050400000, "calculatedOperatingExpenses": 2050400000, "calculatedNetInterest": 0, "calculatedOtherIncome": -419800000, "calculatedIncomeNonControlling": 0, "calculatedEbitda": 1789000000}, {"date": "1995-12-31", "symbol": "D", "reportedCurrency": "USD", "cik": "0000715957", "fillingDate": "1996-03-12", "acceptedDate": "1996-03-12 00:00:00", "calendarYear": "1995", "period": "FY", "revenue": 4651700000, "costOfRevenue": 1695300000, "grossProfit": 2956400000, "grossProfitRatio": 0.6355525937, "researchAndDevelopmentExpenses": 0, "generalAndAdministrativeExpenses": 0, "sellingAndMarketingExpenses": 0, "sellingGeneralAndAdministrativeExpenses": 0, "otherExpenses": 1930800000, "operatingExpenses": 1930800000, "costAndExpenses": 3626100000, "interestIncome": 0, "interestExpense": 0, "depreciationAndAmortization": 626200000, "ebitda": 1651800000, "ebitdaratio": 0.3550959864, "operatingIncome": 1025600000, "operatingIncomeRatio": 0.2204785347, "totalOtherIncomeExpensesNet": 7300000, "incomeBeforeTax": 607100000, "incomeBeforeTaxRatio": 0.1305114259, "incomeTaxExpense": 182100000, "netIncome": 425000000, "netIncomeRatio": 0.0913644474, "eps": 1.23, "epsdiluted": 1.23, "weightedAverageShsOut": 346938776, "weightedAverageShsOutDil": 346938776, "link": "https://www.sec.gov/Archives/edgar/data/715957/000091664196000146/0000916641-96-000146-index.html", "finalLink": "https://www.sec.gov/Archives/edgar/data/715957/", "calculatedOtherExpenses": 1930800000, "calculatedOperatingExpenses": 1930800000, "calculatedNetInterest": 0, "calculatedOtherIncome": -418500000, "calculatedIncomeNonControlling": 0, "calculatedEbitda": 1651800000}, {"date": "1994-12-31", "symbol": "D", "reportedCurrency": "USD", "cik": "0000715957", "fillingDate": "1995-03-08", "acceptedDate": "1995-03-08 00:00:00", "calendarYear": "1994", "period": "FY", "revenue": 4491100000, "costOfRevenue": 1642400000, "grossProfit": 2848700000, "grossProfitRatio": 0.6342989468, "researchAndDevelopmentExpenses": 0, "generalAndAdministrativeExpenses": 0, "sellingAndMarketingExpenses": 0, "sellingGeneralAndAdministrativeExpenses": 0, "otherExpenses": 1810500000, "operatingExpenses": 1810500000, "costAndExpenses": 3452900000, "interestIncome": 0, "interestExpense": 0, "depreciationAndAmortization": 597200000, "ebitda": 1635400000, "ebitdaratio": 0.364142415, "operatingIncome": 1038200000, "operatingIncomeRatio": 0.2311683107, "totalOtherIncomeExpensesNet": 13500000, "incomeBeforeTax": 649200000, "incomeBeforeTaxRatio": 0.1445525595, "incomeTaxExpense": 171000000, "netIncome": 478200000, "netIncomeRatio": 0.106477255, "eps": 1.41, "epsdiluted": 1.41, "weightedAverageShsOut": 340600000, "weightedAverageShsOutDil": 340600000, "link": "https://www.sec.gov/Archives/edgar/data/715957/000091664195000051/0000916641-95-000051-index.html", "finalLink": "https://www.sec.gov/Archives/edgar/data/715957/", "calculatedOtherExpenses": 1810500000, "calculatedOperatingExpenses": 1810500000, "calculatedNetInterest": 0, "calculatedOtherIncome": -389000000, "calculatedIncomeNonControlling": 0, "calculatedEbitda": 1635400000}, {"date": "1993-12-31", "symbol": "D", "reportedCurrency": "USD", "cik": "0000715957", "fillingDate": "1993-12-31", "acceptedDate": "1993-12-30 19:00:00", "calendarYear": "1993", "period": "FY", "revenue": 4433900000, "costOfRevenue": 0, "grossProfit": 4433900000, "grossProfitRatio": 1, "researchAndDevelopmentExpenses": 0, "generalAndAdministrativeExpenses": 0, "sellingAndMarketingExpenses": 0, "sellingGeneralAndAdministrativeExpenses": 0, "otherExpenses": 0, "operatingExpenses": 0, "costAndExpenses": 0, "interestIncome": 0, "interestExpense": 0, "depreciationAndAmortization": 0, "ebitda": 4433900000, "ebitdaratio": 1, "operatingIncome": 4433900000, "operatingIncomeRatio": 1, "totalOtherIncomeExpensesNet": 0, "incomeBeforeTax": 0, "incomeBeforeTaxRatio": 0, "incomeTaxExpense": -516600000, "netIncome": 516600000, "netIncomeRatio": 0.1165114234, "eps": 1.56, "epsdiluted": 1.56, "weightedAverageShsOut": 331153846, "weightedAverageShsOutDil": 331153846, "link": "", "finalLink": "", "calculatedOtherExpenses": 0, "calculatedOperatingExpenses": 0, "calculatedNetInterest": 0, "calculatedOtherIncome": -4433900000, "calculatedIncomeNonControlling": 0, "calculatedEbitda": 4433900000}, {"date": "1992-12-31", "symbol": "D", "reportedCurrency": "USD", "cik": "0000715957", "fillingDate": "1992-12-31", "acceptedDate": "1992-12-30 19:00:00", "calendarYear": "1992", "period": "FY", "revenue": 3791100000, "costOfRevenue": 0, "grossProfit": 3791100000, "grossProfitRatio": 1, "researchAndDevelopmentExpenses": 0, "generalAndAdministrativeExpenses": 0, "sellingAndMarketingExpenses": 0, "sellingGeneralAndAdministrativeExpenses": 0, "otherExpenses": 0, "operatingExpenses": 0, "costAndExpenses": 0, "interestIncome": 0, "interestExpense": 0, "depreciationAndAmortization": 0, "ebitda": 3791100000, "ebitdaratio": 1, "operatingIncome": 3791100000, "operatingIncomeRatio": 1, "totalOtherIncomeExpensesNet": 0, "incomeBeforeTax": 0, "incomeBeforeTaxRatio": 0, "incomeTaxExpense": -444500000, "netIncome": 444500000, "netIncomeRatio": 0.1172482921, "eps": 1.38, "epsdiluted": 1.38, "weightedAverageShsOut": 322101449, "weightedAverageShsOutDil": 322101449, "link": "", "finalLink": "", "calculatedOtherExpenses": 0, "calculatedOperatingExpenses": 0, "calculatedNetInterest": 0, "calculatedOtherIncome": -3791100000, "calculatedIncomeNonControlling": 0, "calculatedEbitda": 3791100000}, {"date": "1991-12-31", "symbol": "D", "reportedCurrency": "USD", "cik": "0000715957", "fillingDate": "1991-12-31", "acceptedDate": "1991-12-30 19:00:00", "calendarYear": "1991", "period": "FY", "revenue": 3785700000, "costOfRevenue": 0, "grossProfit": 3785700000, "grossProfitRatio": 1, "researchAndDevelopmentExpenses": 0, "generalAndAdministrativeExpenses": 0, "sellingAndMarketingExpenses": 0, "sellingGeneralAndAdministrativeExpenses": 0, "otherExpenses": 0, "operatingExpenses": 0, "costAndExpenses": 0, "interestIncome": 0, "interestExpense": 0, "depreciationAndAmortization": 0, "ebitda": 3785700000, "ebitdaratio": 1, "operatingIncome": 3785700000, "operatingIncomeRatio": 1, "totalOtherIncomeExpensesNet": 0, "incomeBeforeTax": 0, "incomeBeforeTaxRatio": 0, "incomeTaxExpense": -459900000, "netIncome": 459900000, "netIncomeRatio": 0.1214834773, "eps": 1.47, "epsdiluted": 1.47, "weightedAverageShsOut": 312857143, "weightedAverageShsOutDil": 312857143, "link": "", "finalLink": "", "calculatedOtherExpenses": 0, "calculatedOperatingExpenses": 0, "calculatedNetInterest": 0, "calculatedOtherIncome": -3785700000, "calculatedIncomeNonControlling": 0, "calculatedEbitda": 3785700000}, {"date": "1990-12-31", "symbol": "D", "reportedCurrency": "USD", "cik": "0000715957", "fillingDate": "1990-12-31", "acceptedDate": "1990-12-30 19:00:00", "calendarYear": "1990", "period": "FY", "revenue": 3532500000, "costOfRevenue": 0, "grossProfit": 3532500000, "grossProfitRatio": 1, "researchAndDevelopmentExpenses": 0, "generalAndAdministrativeExpenses": 0, "sellingAndMarketingExpenses": 0, "sellingGeneralAndAdministrativeExpenses": 0, "otherExpenses": 0, "operatingExpenses": 0, "costAndExpenses": 0, "interestIncome": 0, "interestExpense": 0, "depreciationAndAmortization": 0, "ebitda": 3532500000, "ebitdaratio": 1, "operatingIncome": 3532500000, "operatingIncomeRatio": 1, "totalOtherIncomeExpensesNet": 0, "incomeBeforeTax": 0, "incomeBeforeTaxRatio": 0, "incomeTaxExpense": -445700000, "netIncome": 445700000, "netIncomeRatio": 0.1261712668, "eps": 1.46, "epsdiluted": 1.46, "weightedAverageShsOut": 305273973, "weightedAverageShsOutDil": 305273973, "link": "", "finalLink": "", "calculatedOtherExpenses": 0, "calculatedOperatingExpenses": 0, "calculatedNetInterest": 0, "calculatedOtherIncome": -3532500000, "calculatedIncomeNonControlling": 0, "calculatedEbitda": 3532500000}, {"date": "1989-12-31", "symbol": "D", "reportedCurrency": "USD", "cik": "0000715957", "fillingDate": "1989-12-31", "acceptedDate": "1989-12-30 19:00:00", "calendarYear": "1989", "period": "FY", "revenue": 3661700000, "costOfRevenue": 0, "grossProfit": 3661700000, "grossProfitRatio": 1, "researchAndDevelopmentExpenses": 0, "generalAndAdministrativeExpenses": 0, "sellingAndMarketingExpenses": 0, "sellingGeneralAndAdministrativeExpenses": 0, "otherExpenses": 0, "operatingExpenses": 0, "costAndExpenses": 0, "interestIncome": 0, "interestExpense": 0, "depreciationAndAmortization": 0, "ebitda": 3661700000, "ebitdaratio": 1, "operatingIncome": 3661700000, "operatingIncomeRatio": 1, "totalOtherIncomeExpensesNet": 0, "incomeBeforeTax": 0, "incomeBeforeTaxRatio": 0, "incomeTaxExpense": -410700000, "netIncome": 410700000, "netIncomeRatio": 0.1121610181, "eps": 1.38, "epsdiluted": 1.38, "weightedAverageShsOut": 297608696, "weightedAverageShsOutDil": 297608696, "link": "", "finalLink": "", "calculatedOtherExpenses": 0, "calculatedOperatingExpenses": 0, "calculatedNetInterest": 0, "calculatedOtherIncome": -3661700000, "calculatedIncomeNonControlling": 0, "calculatedEbitda": 3661700000}, {"date": "1988-12-31", "symbol": "D", "reportedCurrency": "USD", "cik": "0000715957", "fillingDate": "1988-12-31", "acceptedDate": "1988-12-30 19:00:00", "calendarYear": "1988", "period": "FY", "revenue": 3344100000, "costOfRevenue": 0, "grossProfit": 3344100000, "grossProfitRatio": 1, "researchAndDevelopmentExpenses": 0, "generalAndAdministrativeExpenses": 0, "sellingAndMarketingExpenses": 0, "sellingGeneralAndAdministrativeExpenses": 0, "otherExpenses": 0, "operatingExpenses": 0, "costAndExpenses": 0, "interestIncome": 0, "interestExpense": 0, "depreciationAndAmortization": 0, "ebitda": 3344100000, "ebitdaratio": 1, "operatingIncome": 3344100000, "operatingIncomeRatio": 1, "totalOtherIncomeExpensesNet": 0, "incomeBeforeTax": 0, "incomeBeforeTaxRatio": 0, "incomeTaxExpense": -438400000, "netIncome": 438400000, "netIncomeRatio": 0.1310965581, "eps": 1.51, "epsdiluted": 1.51, "weightedAverageShsOut": 291295681, "weightedAverageShsOutDil": 291295681, "link": "", "finalLink": "", "calculatedOtherExpenses": 0, "calculatedOperatingExpenses": 0, "calculatedNetInterest": 0, "calculatedOtherIncome": -3344100000, "calculatedIncomeNonControlling": 0, "calculatedEbitda": 3344100000}, {"date": "1987-12-31", "symbol": "D", "reportedCurrency": "USD", "cik": "0000715957", "fillingDate": "1987-12-31", "acceptedDate": "1987-12-30 19:00:00", "calendarYear": "1987", "period": "FY", "revenue": 3251200000, "costOfRevenue": 0, "grossProfit": 3251200000, "grossProfitRatio": 1, "researchAndDevelopmentExpenses": 0, "generalAndAdministrativeExpenses": 0, "sellingAndMarketingExpenses": 0, "sellingGeneralAndAdministrativeExpenses": 0, "otherExpenses": 0, "operatingExpenses": 0, "costAndExpenses": 0, "interestIncome": 0, "interestExpense": 0, "depreciationAndAmortization": 0, "ebitda": 3251200000, "ebitdaratio": 1, "operatingIncome": 3251200000, "operatingIncomeRatio": 1, "totalOtherIncomeExpensesNet": 0, "incomeBeforeTax": 0, "incomeBeforeTaxRatio": 0, "incomeTaxExpense": -430500000, "netIncome": 430500000, "netIncomeRatio": 0.1324126476, "eps": 1.52, "epsdiluted": 1.52, "weightedAverageShsOut": 284158416, "weightedAverageShsOutDil": 284158416, "link": "", "finalLink": "", "calculatedOtherExpenses": 0, "calculatedOperatingExpenses": 0, "calculatedNetInterest": 0, "calculatedOtherIncome": -3251200000, "calculatedIncomeNonControlling": 0, "calculatedEbitda": 3251200000}, {"date": "1986-12-31", "symbol": "D", "reportedCurrency": "USD", "cik": "0000715957", "fillingDate": "1986-12-31", "acceptedDate": "1986-12-30 19:00:00", "calendarYear": "1986", "period": "FY", "revenue": 3071600000, "costOfRevenue": 0, "grossProfit": 3071600000, "grossProfitRatio": 1, "researchAndDevelopmentExpenses": 0, "generalAndAdministrativeExpenses": 0, "sellingAndMarketingExpenses": 0, "sellingGeneralAndAdministrativeExpenses": 0, "otherExpenses": 0, "operatingExpenses": 0, "costAndExpenses": 0, "interestIncome": 0, "interestExpense": 0, "depreciationAndAmortization": 0, "ebitda": 3071600000, "ebitdaratio": 1, "operatingIncome": 3071600000, "operatingIncomeRatio": 1, "totalOtherIncomeExpensesNet": 0, "incomeBeforeTax": 0, "incomeBeforeTaxRatio": 0, "incomeTaxExpense": -379800000, "netIncome": 379800000, "netIncomeRatio": 0.1236489126, "eps": 1.37, "epsdiluted": 1.37, "weightedAverageShsOut": 278241758, "weightedAverageShsOutDil": 278241758, "link": "", "finalLink": "", "calculatedOtherExpenses": 0, "calculatedOperatingExpenses": 0, "calculatedNetInterest": 0, "calculatedOtherIncome": -3071600000, "calculatedIncomeNonControlling": 0, "calculatedEbitda": 3071600000}, {"date": "1985-12-31", "symbol": "D", "reportedCurrency": "USD", "cik": "0000715957", "fillingDate": "1985-12-31", "acceptedDate": "1985-12-30 19:00:00", "calendarYear": "1985", "period": "FY", "revenue": 2712100000, "costOfRevenue": 0, "grossProfit": 2712100000, "grossProfitRatio": 1, "researchAndDevelopmentExpenses": 0, "generalAndAdministrativeExpenses": 0, "sellingAndMarketingExpenses": 0, "sellingGeneralAndAdministrativeExpenses": 0, "otherExpenses": 0, "operatingExpenses": 0, "costAndExpenses": 0, "interestIncome": 0, "interestExpense": 0, "depreciationAndAmortization": 0, "ebitda": 2712100000, "ebitdaratio": 1, "operatingIncome": 2712100000, "operatingIncomeRatio": 1, "totalOtherIncomeExpensesNet": 0, "incomeBeforeTax": 0, "incomeBeforeTaxRatio": 0, "incomeTaxExpense": -319800000, "netIncome": 319800000, "netIncomeRatio": 0.117916006, "eps": 1.2, "epsdiluted": 1.2, "weightedAverageShsOut": 224666667, "weightedAverageShsOutDil": 224666667, "link": "", "finalLink": "", "calculatedOtherExpenses": 0, "calculatedOperatingExpenses": 0, "calculatedNetInterest": 0, "calculatedOtherIncome": -2712100000, "calculatedIncomeNonControlling": 0, "calculatedEbitda": 2712100000}]}