{"originalCurrency": "USD", "convertedCurrency": "USD", "report": [{"date": "2023-12-31", "symbol": "DAL", "reportedCurrency": "USD", "cik": "0000027904", "fillingDate": "2024-02-12", "acceptedDate": "2024-02-12 17:04:29", "calendarYear": "2023", "period": "FY", "revenue": 58048000000, "costOfRevenue": 46571000000, "grossProfit": 11477000000, "grossProfitRatio": 0.1977156836, "researchAndDevelopmentExpenses": 340000000, "generalAndAdministrativeExpenses": 1627000000, "sellingAndMarketingExpenses": 2334000000, "sellingGeneralAndAdministrativeExpenses": 3961000000, "otherExpenses": -35000000, "operatingExpenses": 6200000000, "costAndExpenses": 52771000000, "interestIncome": 0, "interestExpense": 834000000, "depreciationAndAmortization": 2341000000, "ebitda": 7583000000, "ebitdaratio": 0.130633269, "operatingIncome": 5521000000, "operatingIncomeRatio": 0.0951109427, "totalOtherIncomeExpensesNet": 1165000000, "incomeBeforeTax": 5608000000, "incomeBeforeTaxRatio": 0.0966097023, "incomeTaxExpense": 999000000, "netIncome": 4609000000, "netIncomeRatio": 0.0793998071, "eps": 7.21, "epsdiluted": 7.17, "weightedAverageShsOut": 639000000, "weightedAverageShsOutDil": 643000000, "link": "https://www.sec.gov/Archives/edgar/data/27904/000002790424000003/0000027904-24-000003-index.htm", "finalLink": "https://www.sec.gov/Archives/edgar/data/27904/000002790424000003/dal-20231231.htm", "calculatedOtherExpenses": 1655000000, "calculatedOperatingExpenses": 5956000000, "calculatedNetInterest": -834000000, "calculatedOtherIncome": 921000000, "calculatedIncomeNonControlling": 0, "calculatedEbitda": 7862000000}, {"date": "2022-12-31", "symbol": "DAL", "reportedCurrency": "USD", "cik": "0000027904", "fillingDate": "2023-02-10", "acceptedDate": "2023-02-10 16:38:33", "calendarYear": "2022", "period": "FY", "revenue": 50582000000, "costOfRevenue": 42767000000, "grossProfit": 7815000000, "grossProfitRatio": 0.1545016014, "researchAndDevelopmentExpenses": 307000000, "generalAndAdministrativeExpenses": 563000000, "sellingAndMarketingExpenses": 1891000000, "sellingGeneralAndAdministrativeExpenses": 2454000000, "otherExpenses": 1824000000, "operatingExpenses": 4278000000, "costAndExpenses": 47045000000, "interestIncome": 1029000000, "interestExpense": 1029000000, "depreciationAndAmortization": 2107000000, "ebitda": 3722000000, "ebitdaratio": 0.0735834882, "operatingIncome": 1615000000, "operatingIncomeRatio": 0.031928354, "totalOtherIncomeExpensesNet": 299000000, "incomeBeforeTax": 1914000000, "incomeBeforeTaxRatio": 0.0378395477, "incomeTaxExpense": 596000000, "netIncome": 1318000000, "netIncomeRatio": 0.0260567, "eps": 2.07, "epsdiluted": 2.06, "weightedAverageShsOut": 638000000, "weightedAverageShsOutDil": 641000000, "link": "https://www.sec.gov/Archives/edgar/data/27904/000002790423000003/0000027904-23-000003-index.htm", "finalLink": "https://www.sec.gov/Archives/edgar/data/27904/000002790423000003/dal-20221231.htm", "calculatedOtherExpenses": 3439000000, "calculatedOperatingExpenses": 6200000000, "calculatedNetInterest": 0, "calculatedOtherIncome": 299000000, "calculatedIncomeNonControlling": 0, "calculatedEbitda": 3722000000}, {"date": "2021-12-31", "symbol": "DAL", "reportedCurrency": "USD", "cik": "0000027904", "fillingDate": "2022-02-11", "acceptedDate": "2022-02-11 16:49:30", "calendarYear": "2021", "period": "FY", "revenue": 29899000000, "costOfRevenue": 30078000000, "grossProfit": -179000000, "grossProfitRatio": -0.0059868223, "researchAndDevelopmentExpenses": 301000000, "generalAndAdministrativeExpenses": 108000000, "sellingAndMarketingExpenses": 953000000, "sellingGeneralAndAdministrativeExpenses": 1061000000, "otherExpenses": -3107000000, "operatingExpenses": -2046000000, "costAndExpenses": 28032000000, "interestIncome": 1279000000, "interestExpense": 1279000000, "depreciationAndAmortization": 1998000000, "ebitda": 2258000000, "ebitdaratio": 0.0755209204, "operatingIncome": 260000000, "operatingIncomeRatio": 0.008695943, "totalOtherIncomeExpensesNet": 138000000, "incomeBeforeTax": 398000000, "incomeBeforeTaxRatio": 0.013311482, "incomeTaxExpense": 118000000, "netIncome": 280000000, "netIncomeRatio": 0.0093648617, "eps": 0.44, "epsdiluted": 0.44, "weightedAverageShsOut": 636000000, "weightedAverageShsOutDil": 641000000, "link": "https://www.sec.gov/Archives/edgar/data/27904/000002790422000003/0000027904-22-000003-index.htm", "finalLink": "https://www.sec.gov/Archives/edgar/data/27904/000002790422000003/dal-20211231.htm", "calculatedOtherExpenses": -1801000000, "calculatedOperatingExpenses": -439000000, "calculatedNetInterest": 0, "calculatedOtherIncome": 138000000, "calculatedIncomeNonControlling": 0, "calculatedEbitda": 2258000000}, {"date": "2020-12-31", "symbol": "DAL", "reportedCurrency": "USD", "cik": "0000027904", "fillingDate": "2021-02-12", "acceptedDate": "2021-02-12 17:27:56", "calendarYear": "2020", "period": "FY", "revenue": 17095000000, "costOfRevenue": 23546000000, "grossProfit": -6451000000, "grossProfitRatio": -0.3773618017, "researchAndDevelopmentExpenses": 304000000, "generalAndAdministrativeExpenses": 0, "sellingAndMarketingExpenses": 582000000, "sellingGeneralAndAdministrativeExpenses": 582000000, "otherExpenses": -2783000000, "operatingExpenses": -2201000000, "costAndExpenses": 21345000000, "interestIncome": 929000000, "interestExpense": 929000000, "depreciationAndAmortization": 8567000000, "ebitda": -3902000000, "ebitdaratio": -0.2282538754, "operatingIncome": -12469000000, "operatingIncomeRatio": -0.7293945598, "totalOtherIncomeExpensesNet": -3118000000, "incomeBeforeTax": -15587000000, "incomeBeforeTaxRatio": -0.9117870722, "incomeTaxExpense": -3202000000, "netIncome": -12385000000, "netIncomeRatio": -0.7244808424, "eps": -19.47, "epsdiluted": -19.47, "weightedAverageShsOut": 636000000, "weightedAverageShsOutDil": 636000000, "link": "https://www.sec.gov/Archives/edgar/data/27904/000002790421000003/0000027904-21-000003-index.htm", "finalLink": "https://www.sec.gov/Archives/edgar/data/27904/000002790421000003/dal-20201231.htm", "calculatedOtherExpenses": 5132000000, "calculatedOperatingExpenses": 6018000000, "calculatedNetInterest": 0, "calculatedOtherIncome": -3118000000, "calculatedIncomeNonControlling": 0, "calculatedEbitda": -3902000000}, {"date": "2019-12-31", "symbol": "DAL", "reportedCurrency": "USD", "cik": "0000027904", "fillingDate": "2020-02-13", "acceptedDate": "2020-02-12 21:32:24", "calendarYear": "2019", "period": "FY", "revenue": 47007000000, "costOfRevenue": 34982000000, "grossProfit": 12025000000, "grossProfitRatio": 0.255812964, "researchAndDevelopmentExpenses": 239000000, "generalAndAdministrativeExpenses": 1643000000, "sellingAndMarketingExpenses": 1993000000, "sellingGeneralAndAdministrativeExpenses": 3636000000, "otherExpenses": 1771000000, "operatingExpenses": 5407000000, "costAndExpenses": 40389000000, "interestIncome": 301000000, "interestExpense": 301000000, "depreciationAndAmortization": 2581000000, "ebitda": 6380000000, "ebitdaratio": 0.1357244666, "operatingIncome": 3799000000, "operatingIncomeRatio": 0.0808177505, "totalOtherIncomeExpensesNet": 2399000000, "incomeBeforeTax": 6198000000, "incomeBeforeTaxRatio": 0.1318527028, "incomeTaxExpense": 1431000000, "netIncome": 4767000000, "netIncomeRatio": 0.1014104282, "eps": 7.32, "epsdiluted": 7.3, "weightedAverageShsOut": 651000000, "weightedAverageShsOutDil": 653000000, "link": "https://www.sec.gov/Archives/edgar/data/27904/000002790420000004/0000027904-20-000004-index.htm", "finalLink": "https://www.sec.gov/Archives/edgar/data/27904/000002790420000004/dal-20191231.htm", "calculatedOtherExpenses": 4351000000, "calculatedOperatingExpenses": 8226000000, "calculatedNetInterest": 0, "calculatedOtherIncome": 2399000000, "calculatedIncomeNonControlling": 0, "calculatedEbitda": 6380000000}, {"date": "2018-12-31", "symbol": "DAL", "reportedCurrency": "USD", "cik": "0000027904", "fillingDate": "2019-02-15", "acceptedDate": "2019-02-15 16:05:46", "calendarYear": "2018", "period": "FY", "revenue": 44438000000, "costOfRevenue": 34209000000, "grossProfit": 10229000000, "grossProfitRatio": 0.230185877, "researchAndDevelopmentExpenses": 205000000, "generalAndAdministrativeExpenses": 1301000000, "sellingAndMarketingExpenses": 1941000000, "sellingGeneralAndAdministrativeExpenses": 3242000000, "otherExpenses": 184000000, "operatingExpenses": 4965000000, "costAndExpenses": 39174000000, "interestIncome": 0, "interestExpense": 311000000, "depreciationAndAmortization": 2329000000, "ebitda": 5448000000, "ebitdaratio": 0.1225977767, "operatingIncome": 5264000000, "operatingIncomeRatio": 0.1184571763, "totalOtherIncomeExpensesNet": 198000000, "incomeBeforeTax": 5151000000, "incomeBeforeTaxRatio": 0.1159143076, "incomeTaxExpense": 1216000000, "netIncome": 3935000000, "netIncomeRatio": 0.0885503398, "eps": 5.69, "epsdiluted": 5.67, "weightedAverageShsOut": 691000000, "weightedAverageShsOutDil": 694000000, "link": "https://www.sec.gov/Archives/edgar/data/27904/000002790419000003/0000027904-19-000003-index.htm", "finalLink": "https://www.sec.gov/Archives/edgar/data/27904/000002790419000003/dal1231201810k.htm", "calculatedOtherExpenses": 1518000000, "calculatedOperatingExpenses": 4965000000, "calculatedNetInterest": -311000000, "calculatedOtherIncome": 198000000, "calculatedIncomeNonControlling": 0, "calculatedEbitda": 7593000000}, {"date": "2017-12-31", "symbol": "DAL", "reportedCurrency": "USD", "cik": "0000027904", "fillingDate": "2018-02-23", "acceptedDate": "2018-02-23 14:24:23", "calendarYear": "2017", "period": "FY", "revenue": 41138000000, "costOfRevenue": 30671000000, "grossProfit": 10467000000, "grossProfitRatio": 0.2544362876, "researchAndDevelopmentExpenses": 187000000, "generalAndAdministrativeExpenses": 1065000000, "sellingAndMarketingExpenses": 1827000000, "sellingGeneralAndAdministrativeExpenses": 2892000000, "otherExpenses": -70000000, "operatingExpenses": 4501000000, "costAndExpenses": 35172000000, "interestIncome": 0, "interestExpense": 396000000, "depreciationAndAmortization": 2235000000, "ebitda": 5896000000, "ebitdaratio": 0.1433224756, "operatingIncome": 5966000000, "operatingIncomeRatio": 0.1450240653, "totalOtherIncomeExpensesNet": -70000000, "incomeBeforeTax": 5500000000, "incomeBeforeTaxRatio": 0.1336963392, "incomeTaxExpense": 2295000000, "netIncome": 3205000000, "netIncomeRatio": 0.0779085031, "eps": 4.53, "epsdiluted": 4.43, "weightedAverageShsOut": 707197979, "weightedAverageShsOutDil": 723476298, "link": "https://www.sec.gov/Archives/edgar/data/27904/000002790418000006/0000027904-18-000006-index.htm", "finalLink": "https://www.sec.gov/Archives/edgar/data/27904/000002790418000006/dal1231201710k.htm", "calculatedOtherExpenses": 1422000000, "calculatedOperatingExpenses": 4501000000, "calculatedNetInterest": -396000000, "calculatedOtherIncome": -70000000, "calculatedIncomeNonControlling": 0, "calculatedEbitda": 8201000000}, {"date": "2016-12-31", "symbol": "DAL", "reportedCurrency": "USD", "cik": "0000027904", "fillingDate": "2017-02-13", "acceptedDate": "2017-02-13 16:54:00", "calendarYear": "2016", "period": "FY", "revenue": 39639000000, "costOfRevenue": 27876000000, "grossProfit": 11763000000, "grossProfitRatio": 0.2967531976, "researchAndDevelopmentExpenses": 158000000, "generalAndAdministrativeExpenses": 1115000000, "sellingAndMarketingExpenses": 1710000000, "sellingGeneralAndAdministrativeExpenses": 2825000000, "otherExpenses": 72000000, "operatingExpenses": 4811000000, "costAndExpenses": 32687000000, "interestIncome": 0, "interestExpense": 388000000, "depreciationAndAmortization": 1902000000, "ebitda": 7024000000, "ebitdaratio": 0.177199223, "operatingIncome": 6952000000, "operatingIncomeRatio": 0.17538283, "totalOtherIncomeExpensesNet": 72000000, "incomeBeforeTax": 6636000000, "incomeBeforeTaxRatio": 0.1674108832, "incomeTaxExpense": 2263000000, "netIncome": 4373000000, "netIncomeRatio": 0.1103206438, "eps": 5.82, "epsdiluted": 5.79, "weightedAverageShsOut": 751000000, "weightedAverageShsOutDil": 755000000, "link": "https://www.sec.gov/Archives/edgar/data/27904/000002790417000004/0000027904-17-000004-index.htm", "finalLink": "https://www.sec.gov/Archives/edgar/data/27904/000002790417000004/dal1231201610k.htm", "calculatedOtherExpenses": 1828000000, "calculatedOperatingExpenses": 4811000000, "calculatedNetInterest": -388000000, "calculatedOtherIncome": 72000000, "calculatedIncomeNonControlling": 0, "calculatedEbitda": 8854000000}, {"date": "2015-12-31", "symbol": "DAL", "reportedCurrency": "USD", "cik": "0000027904", "fillingDate": "2016-02-05", "acceptedDate": "2016-02-05 16:22:04", "calendarYear": "2015", "period": "FY", "revenue": 40704000000, "costOfRevenue": 27707000000, "grossProfit": 12997000000, "grossProfitRatio": 0.319305228, "researchAndDevelopmentExpenses": 148000000, "generalAndAdministrativeExpenses": 1490000000, "sellingAndMarketingExpenses": 1672000000, "sellingGeneralAndAdministrativeExpenses": 3162000000, "otherExpenses": -164000000, "operatingExpenses": 5160000000, "costAndExpenses": 32867000000, "interestIncome": 0, "interestExpense": 481000000, "depreciationAndAmortization": 1835000000, "ebitda": 7673000000, "ebitdaratio": 0.188507272, "operatingIncome": 7802000000, "operatingIncomeRatio": 0.1916764937, "totalOtherIncomeExpensesNet": -199000000, "incomeBeforeTax": 7157000000, "incomeBeforeTaxRatio": 0.1758303852, "incomeTaxExpense": 2631000000, "netIncome": 4526000000, "netIncomeRatio": 0.1111930031, "eps": 5.68, "epsdiluted": 5.63, "weightedAverageShsOut": 797000000, "weightedAverageShsOutDil": 804000000, "link": "https://www.sec.gov/Archives/edgar/data/27904/000002790416000018/0000027904-16-000018-index.htm", "finalLink": "https://www.sec.gov/Archives/edgar/data/27904/000002790416000018/dal1231201510k.htm", "calculatedOtherExpenses": 1885000000, "calculatedOperatingExpenses": 5195000000, "calculatedNetInterest": -481000000, "calculatedOtherIncome": -164000000, "calculatedIncomeNonControlling": 0, "calculatedEbitda": 9637000000}, {"date": "2014-12-31", "symbol": "DAL", "reportedCurrency": "USD", "cik": "0000027904", "fillingDate": "2015-02-11", "acceptedDate": "2015-02-10 20:00:23", "calendarYear": "2014", "period": "FY", "revenue": 40362000000, "costOfRevenue": 32858000000, "grossProfit": 7504000000, "grossProfitRatio": 0.1859174471, "researchAndDevelopmentExpenses": 129000000, "generalAndAdministrativeExpenses": 1085000000, "sellingAndMarketingExpenses": 1700000000, "sellingGeneralAndAdministrativeExpenses": 2785000000, "otherExpenses": -216000000, "operatingExpenses": 4582000000, "costAndExpenses": 37440000000, "interestIncome": 0, "interestExpense": 650000000, "depreciationAndAmortization": 1771000000, "ebitda": 2706000000, "ebitdaratio": 0.0670432585, "operatingIncome": 2206000000, "operatingIncomeRatio": 0.0546553689, "totalOtherIncomeExpensesNet": -1200000000, "incomeBeforeTax": 1072000000, "incomeBeforeTaxRatio": 0.0265596353, "incomeTaxExpense": 413000000, "netIncome": 659000000, "netIncomeRatio": 0.0163272385, "eps": 0.79, "epsdiluted": 0.78, "weightedAverageShsOut": 836000000, "weightedAverageShsOutDil": 845000000, "link": "https://www.sec.gov/Archives/edgar/data/27904/000002790415000003/0000027904-15-000003-index.htm", "finalLink": "https://www.sec.gov/Archives/edgar/data/27904/000002790415000003/dal1231201410k.htm", "calculatedOtherExpenses": 2384000000, "calculatedOperatingExpenses": 5298000000, "calculatedNetInterest": -650000000, "calculatedOtherIncome": -484000000, "calculatedIncomeNonControlling": 0, "calculatedEbitda": 3977000000}, {"date": "2013-12-31", "symbol": "DAL", "reportedCurrency": "USD", "cik": "0000027904", "fillingDate": "2014-02-24", "acceptedDate": "2014-02-21 20:54:29", "calendarYear": "2013", "period": "FY", "revenue": 37773000000, "costOfRevenue": 30342000000, "grossProfit": 7431000000, "grossProfitRatio": 0.1967278215, "researchAndDevelopmentExpenses": 110000000, "generalAndAdministrativeExpenses": 506000000, "sellingAndMarketingExpenses": 1603000000, "sellingGeneralAndAdministrativeExpenses": 2109000000, "otherExpenses": -21000000, "operatingExpenses": 3629000000, "costAndExpenses": 33971000000, "interestIncome": 0, "interestExpense": 852000000, "depreciationAndAmortization": 1658000000, "ebitda": 3781000000, "ebitdaratio": 0.1000979536, "operatingIncome": 3400000000, "operatingIncomeRatio": 0.0900113838, "totalOtherIncomeExpensesNet": -423000000, "incomeBeforeTax": 2527000000, "incomeBeforeTaxRatio": 0.0668996373, "incomeTaxExpense": -8013000000, "netIncome": 10540000000, "netIncomeRatio": 0.2790352898, "eps": 12.41, "epsdiluted": 12.28, "weightedAverageShsOut": 849000000, "weightedAverageShsOutDil": 858000000, "link": "https://www.sec.gov/Archives/edgar/data/27904/000002790414000003/0000027904-14-000003-index.htm", "finalLink": "https://www.sec.gov/Archives/edgar/data/27904/000002790414000003/dal1231201310k.htm", "calculatedOtherExpenses": 1812000000, "calculatedOperatingExpenses": 4031000000, "calculatedNetInterest": -852000000, "calculatedOtherIncome": -21000000, "calculatedIncomeNonControlling": 0, "calculatedEbitda": 5058000000}, {"date": "2012-12-31", "symbol": "DAL", "reportedCurrency": "USD", "cik": "0000027904", "fillingDate": "2013-02-13", "acceptedDate": "2013-02-12 20:16:22", "calendarYear": "2012", "period": "FY", "revenue": 36670000000, "costOfRevenue": 30489000000, "grossProfit": 6181000000, "grossProfitRatio": 0.1685574039, "researchAndDevelopmentExpenses": 76000000, "generalAndAdministrativeExpenses": 372000000, "sellingAndMarketingExpenses": 1590000000, "sellingGeneralAndAdministrativeExpenses": 1962000000, "otherExpenses": -27000000, "operatingExpenses": 3554000000, "costAndExpenses": 34043000000, "interestIncome": 0, "interestExpense": 1005000000, "depreciationAndAmortization": 1565000000, "ebitda": 2600000000, "ebitdaratio": 0.0709026452, "operatingIncome": 2175000000, "operatingIncomeRatio": 0.0593127897, "totalOtherIncomeExpensesNet": -597000000, "incomeBeforeTax": 1025000000, "incomeBeforeTaxRatio": 0.0279520044, "incomeTaxExpense": 16000000, "netIncome": 1009000000, "netIncomeRatio": 0.0275156804, "eps": 1.19, "epsdiluted": 1.19, "weightedAverageShsOut": 845000000, "weightedAverageShsOutDil": 850000000, "link": "https://www.sec.gov/Archives/edgar/data/27904/000144530513000209/0001445305-13-000209-index.htm", "finalLink": "https://www.sec.gov/Archives/edgar/data/27904/000144530513000209/dal1231201210k.htm", "calculatedOtherExpenses": 1968000000, "calculatedOperatingExpenses": 4006000000, "calculatedNetInterest": -1005000000, "calculatedOtherIncome": -145000000, "calculatedIncomeNonControlling": 0, "calculatedEbitda": 3740000000}, {"date": "2011-12-31", "symbol": "DAL", "reportedCurrency": "USD", "cik": "0000027904", "fillingDate": "2012-02-10", "acceptedDate": "2012-02-10 17:28:19", "calendarYear": "2011", "period": "FY", "revenue": 35115000000, "costOfRevenue": 20907000000, "grossProfit": 14208000000, "grossProfitRatio": 0.4046134131, "researchAndDevelopmentExpenses": 0, "generalAndAdministrativeExpenses": 7158000000, "sellingAndMarketingExpenses": 1682000000, "sellingGeneralAndAdministrativeExpenses": 8840000000, "otherExpenses": 3151000000, "operatingExpenses": 11991000000, "costAndExpenses": 32898000000, "interestIncome": 0, "interestExpense": 901000000, "depreciationAndAmortization": 1523000000, "ebitda": 3740000000, "ebitdaratio": 0.1065071907, "operatingIncome": 2217000000, "operatingIncomeRatio": 0.0631354122, "totalOtherIncomeExpensesNet": -547000000, "incomeBeforeTax": 769000000, "incomeBeforeTaxRatio": 0.0218994732, "incomeTaxExpense": -85000000, "netIncome": 854000000, "netIncomeRatio": 0.0243200911, "eps": 1.02, "epsdiluted": 1.01, "weightedAverageShsOut": 838000000, "weightedAverageShsOutDil": 844000000, "link": "https://www.sec.gov/Archives/edgar/data/27904/000144530512000272/0001445305-12-000272-index.htm", "finalLink": "https://www.sec.gov/Archives/edgar/data/27904/000144530512000272/dal1231201110k.htm", "calculatedOtherExpenses": 3151000000, "calculatedOperatingExpenses": 11991000000, "calculatedNetInterest": -901000000, "calculatedOtherIncome": -547000000, "calculatedIncomeNonControlling": 0, "calculatedEbitda": 3740000000}, {"date": "2010-12-31", "symbol": "DAL", "reportedCurrency": "USD", "cik": "0000027904", "fillingDate": "2011-02-16", "acceptedDate": "2011-02-15 18:08:17", "calendarYear": "2010", "period": "FY", "revenue": 31755000000, "costOfRevenue": 14022000000, "grossProfit": 17733000000, "grossProfitRatio": 0.558431743, "researchAndDevelopmentExpenses": 0, "generalAndAdministrativeExpenses": 7064000000, "sellingAndMarketingExpenses": 1509000000, "sellingGeneralAndAdministrativeExpenses": 8573000000, "otherExpenses": 1511000000, "operatingExpenses": 11730000000, "costAndExpenses": 25752000000, "interestIncome": 35000000, "interestExpense": 1004000000, "depreciationAndAmortization": 1511000000, "ebitda": 4213000000, "ebitdaratio": 0.1326720202, "operatingIncome": 4348000000, "operatingIncomeRatio": 0.1369233192, "totalOtherIncomeExpensesNet": -1090000000, "incomeBeforeTax": 608000000, "incomeBeforeTaxRatio": 0.0191465911, "incomeTaxExpense": 15000000, "netIncome": 593000000, "netIncomeRatio": 0.0186742245, "eps": 0.71, "epsdiluted": 0.7, "weightedAverageShsOut": 834000000, "weightedAverageShsOutDil": 843000000, "link": "https://www.sec.gov/Archives/edgar/data/27904/000095012311014364/0000950123-11-014364-index.htm", "finalLink": "https://www.sec.gov/Archives/edgar/data/27904/000095012311014364/g24877e10vk.htm", "calculatedOtherExpenses": 4812000000, "calculatedOperatingExpenses": 13385000000, "calculatedNetInterest": -969000000, "calculatedOtherIncome": -2771000000, "calculatedIncomeNonControlling": 0, "calculatedEbitda": 5859000000}, {"date": "2009-12-31", "symbol": "DAL", "reportedCurrency": "USD", "cik": "0000027904", "fillingDate": "2010-02-24", "acceptedDate": "2010-02-24 14:42:55", "calendarYear": "2009", "period": "FY", "revenue": 28063000000, "costOfRevenue": 13105000000, "grossProfit": 14958000000, "grossProfitRatio": 0.533015002, "researchAndDevelopmentExpenses": 0, "generalAndAdministrativeExpenses": 6838000000, "sellingAndMarketingExpenses": 1405000000, "sellingGeneralAndAdministrativeExpenses": 8243000000, "otherExpenses": 3094000000, "operatingExpenses": 11337000000, "costAndExpenses": 24442000000, "interestIncome": 27000000, "interestExpense": 1278000000, "depreciationAndAmortization": 1536000000, "ebitda": 1646000000, "ebitdaratio": 0.0586537434, "operatingIncome": 110000000, "operatingIncomeRatio": 0.003919752, "totalOtherIncomeExpensesNet": -413000000, "incomeBeforeTax": -1581000000, "incomeBeforeTaxRatio": -0.0563375263, "incomeTaxExpense": -344000000, "netIncome": -1237000000, "netIncomeRatio": -0.0440793928, "eps": -1.5, "epsdiluted": -1.5, "weightedAverageShsOut": 827000000, "weightedAverageShsOutDil": 827000000, "link": "https://www.sec.gov/Archives/edgar/data/27904/000095012310016275/0000950123-10-016275-index.htm", "finalLink": "https://www.sec.gov/Archives/edgar/data/27904/000095012310016275/g22142e10vk.htm", "calculatedOtherExpenses": 6605000000, "calculatedOperatingExpenses": 14848000000, "calculatedNetInterest": -1251000000, "calculatedOtherIncome": -440000000, "calculatedIncomeNonControlling": 0, "calculatedEbitda": 1646000000}, {"date": "2008-12-31", "symbol": "DAL", "reportedCurrency": "USD", "cik": "0000027904", "fillingDate": "2009-03-02", "acceptedDate": "2009-03-02 17:12:29", "calendarYear": "2008", "period": "FY", "revenue": 22697000000, "costOfRevenue": 12578000000, "grossProfit": 10119000000, "grossProfitRatio": 0.4458298454, "researchAndDevelopmentExpenses": 0, "generalAndAdministrativeExpenses": 5948000000, "sellingAndMarketingExpenses": 1030000000, "sellingGeneralAndAdministrativeExpenses": 5948000000, "otherExpenses": 1882000000, "operatingExpenses": 21438000000, "costAndExpenses": 21438000000, "interestIncome": 92000000, "interestExpense": 705000000, "depreciationAndAmortization": 1266000000, "ebitda": 1471000000, "ebitdaratio": 0.0648103274, "operatingIncome": 205000000, "operatingIncomeRatio": 0.0090320307, "totalOtherIncomeExpensesNet": -8541000000, "incomeBeforeTax": -9041000000, "incomeBeforeTaxRatio": -0.3983345817, "incomeTaxExpense": -119000000, "netIncome": -8922000000, "netIncomeRatio": -0.393091598, "eps": -19.06, "epsdiluted": -19.06, "weightedAverageShsOut": 468000000, "weightedAverageShsOutDil": 468000000, "link": "https://www.sec.gov/Archives/edgar/data/27904/000119312509042726/0001193125-09-042726-index.htm", "finalLink": "https://www.sec.gov/Archives/edgar/data/27904/000119312509042726/d10k.htm", "calculatedOtherExpenses": 3966000000, "calculatedOperatingExpenses": 9914000000, "calculatedNetInterest": -613000000, "calculatedOtherIncome": -8633000000, "calculatedIncomeNonControlling": 0, "calculatedEbitda": 1471000000}, {"date": "2007-12-31", "symbol": "DAL", "reportedCurrency": "USD", "cik": "0000027904", "fillingDate": "2008-02-15", "acceptedDate": "2008-02-15 17:08:30", "calendarYear": "2007", "period": "FY", "revenue": 12528000000, "costOfRevenue": 12166000000, "grossProfit": 362000000, "grossProfitRatio": 0.0288952746, "researchAndDevelopmentExpenses": 0, "generalAndAdministrativeExpenses": -917000000, "sellingAndMarketingExpenses": 751000000, "sellingGeneralAndAdministrativeExpenses": -166000000, "otherExpenses": 12148000000, "operatingExpenses": 10507000000, "costAndExpenses": 10507000000, "interestIncome": 15000000, "interestExpense": 507000000, "depreciationAndAmortization": 495000000, "ebitda": 3326000000, "ebitdaratio": 0.2654853129, "operatingIncome": 1064000000, "operatingIncomeRatio": 0.0849297573, "totalOtherIncomeExpensesNet": -9000000, "incomeBeforeTax": 2315000000, "incomeBeforeTaxRatio": 0.1847860792, "incomeTaxExpense": 222000000, "netIncome": 2093000000, "netIncomeRatio": 0.1670657727, "eps": 9.1, "epsdiluted": 6.71, "weightedAverageShsOut": 230000000, "weightedAverageShsOutDil": 311922504, "link": "https://www.sec.gov/Archives/edgar/data/27904/000119312508032611/0001193125-08-032611-index.htm", "finalLink": "https://www.sec.gov/Archives/edgar/data/27904/000119312508032611/d10k.htm", "calculatedOtherExpenses": -536000000, "calculatedOperatingExpenses": -702000000, "calculatedNetInterest": -492000000, "calculatedOtherIncome": 1743000000, "calculatedIncomeNonControlling": 0, "calculatedEbitda": 1559000000}, {"date": "2006-12-31", "symbol": "DAL", "reportedCurrency": "USD", "cik": "0000027904", "fillingDate": "2007-03-02", "acceptedDate": "2007-03-02 15:46:52", "calendarYear": "2006", "period": "FY", "revenue": 17171000000, "costOfRevenue": 0, "grossProfit": 17171000000, "grossProfitRatio": 1, "researchAndDevelopmentExpenses": 0, "generalAndAdministrativeExpenses": 0, "sellingAndMarketingExpenses": 0, "sellingGeneralAndAdministrativeExpenses": 1948000000, "otherExpenses": 15165000000, "operatingExpenses": 17113000000, "costAndExpenses": 17113000000, "interestIncome": 0, "interestExpense": 7045000000, "depreciationAndAmortization": 1276000000, "ebitda": 1353000000, "ebitdaratio": 0.0787956438, "operatingIncome": 77000000, "operatingIncomeRatio": 0.0044843049, "totalOtherIncomeExpensesNet": -19000000, "incomeBeforeTax": -6968000000, "incomeBeforeTaxRatio": -0.4058004775, "incomeTaxExpense": -765000000, "netIncome": -6203000000, "netIncomeRatio": -0.3612486169, "eps": -31.57, "epsdiluted": -31.57, "weightedAverageShsOut": 196485117, "weightedAverageShsOutDil": 196485117, "link": "https://www.sec.gov/Archives/edgar/data/27904/000118811207000582/0001188112-07-000582-index.htm", "finalLink": "https://www.sec.gov/Archives/edgar/data/27904/000118811207000582/t13049_10k.htm", "calculatedOtherExpenses": 15146000000, "calculatedOperatingExpenses": 17094000000, "calculatedNetInterest": -7045000000, "calculatedOtherIncome": 0, "calculatedIncomeNonControlling": 0, "calculatedEbitda": 1353000000}, {"date": "2005-12-31", "symbol": "DAL", "reportedCurrency": "USD", "cik": "0000027904", "fillingDate": "2006-03-27", "acceptedDate": "2006-03-27 17:03:25", "calendarYear": "2005", "period": "FY", "revenue": 16191000000, "costOfRevenue": 0, "grossProfit": 16191000000, "grossProfitRatio": 1, "researchAndDevelopmentExpenses": 0, "generalAndAdministrativeExpenses": 0, "sellingAndMarketingExpenses": 0, "sellingGeneralAndAdministrativeExpenses": 1959000000, "otherExpenses": 16233000000, "operatingExpenses": 18192000000, "costAndExpenses": 18192000000, "interestIncome": 0, "interestExpense": 1859000000, "depreciationAndAmortization": 1273000000, "ebitda": -727000000, "ebitdaratio": -0.0449014885, "operatingIncome": -2000000000, "operatingIncomeRatio": -0.1235254154, "totalOtherIncomeExpensesNet": -1000000, "incomeBeforeTax": -3859000000, "incomeBeforeTaxRatio": -0.2383422889, "incomeTaxExpense": -41000000, "netIncome": -3818000000, "netIncomeRatio": -0.2358100179, "eps": -23.64, "epsdiluted": -23.64, "weightedAverageShsOut": 161515789, "weightedAverageShsOutDil": 161515789, "link": "https://www.sec.gov/Archives/edgar/data/27904/000095014406002765/0000950144-06-002765-index.htm", "finalLink": "https://www.sec.gov/Archives/edgar/data/27904/000095014406002765/g00293e10vk.htm", "calculatedOtherExpenses": 16232000000, "calculatedOperatingExpenses": 18191000000, "calculatedNetInterest": -1859000000, "calculatedOtherIncome": 0, "calculatedIncomeNonControlling": 0, "calculatedEbitda": -727000000}, {"date": "2004-12-31", "symbol": "DAL", "reportedCurrency": "USD", "cik": "0000027904", "fillingDate": "2005-03-10", "acceptedDate": "2005-03-09 18:37:07", "calendarYear": "2004", "period": "FY", "revenue": 15002000000, "costOfRevenue": 0, "grossProfit": 15002000000, "grossProfitRatio": 1, "researchAndDevelopmentExpenses": 0, "generalAndAdministrativeExpenses": 2078000000, "sellingAndMarketingExpenses": 502000000, "sellingGeneralAndAdministrativeExpenses": 2580000000, "otherExpenses": 13855000000, "operatingExpenses": 16435000000, "costAndExpenses": 16435000000, "interestIncome": 0, "interestExpense": 4331000000, "depreciationAndAmortization": 1244000000, "ebitda": 1583000000, "ebitdaratio": 0.1055192641, "operatingIncome": 339000000, "operatingIncomeRatio": 0.0225969871, "totalOtherIncomeExpensesNet": -1772000000, "incomeBeforeTax": -3992000000, "incomeBeforeTaxRatio": -0.2660978536, "incomeTaxExpense": 1206000000, "netIncome": -5198000000, "netIncomeRatio": -0.346487135, "eps": -40.92, "epsdiluted": -40.92, "weightedAverageShsOut": 127027027, "weightedAverageShsOutDil": 127027027, "link": "https://www.sec.gov/Archives/edgar/data/27904/000095014405002298/0000950144-05-002298-index.htm", "finalLink": "https://www.sec.gov/Archives/edgar/data/27904/000095014405002298/g93459e10vk.htm", "calculatedOtherExpenses": 12083000000, "calculatedOperatingExpenses": 14663000000, "calculatedNetInterest": -4331000000, "calculatedOtherIncome": 0, "calculatedIncomeNonControlling": 0, "calculatedEbitda": 1583000000}, {"date": "2003-12-31", "symbol": "DAL", "reportedCurrency": "USD", "cik": "0000027904", "fillingDate": "2004-03-12", "acceptedDate": "2004-03-12 17:09:15", "calendarYear": "2003", "period": "FY", "revenue": 13303000000, "costOfRevenue": 0, "grossProfit": 13303000000, "grossProfitRatio": 1, "researchAndDevelopmentExpenses": 0, "generalAndAdministrativeExpenses": 8297000000, "sellingAndMarketingExpenses": 479000000, "sellingGeneralAndAdministrativeExpenses": 8776000000, "otherExpenses": 5313000000, "operatingExpenses": 14089000000, "costAndExpenses": 14089000000, "interestIncome": 0, "interestExpense": 110000000, "depreciationAndAmortization": 1230000000, "ebitda": 151000000, "ebitdaratio": 0.0113508231, "operatingIncome": -1079000000, "operatingIncomeRatio": -0.0811095242, "totalOtherIncomeExpensesNet": 293000000, "incomeBeforeTax": -1189000000, "incomeBeforeTaxRatio": -0.0893783357, "incomeTaxExpense": -416000000, "netIncome": -773000000, "netIncomeRatio": -0.0581071939, "eps": -6.26, "epsdiluted": -6.26, "weightedAverageShsOut": 123437500, "weightedAverageShsOutDil": 123437500, "link": "https://www.sec.gov/Archives/edgar/data/27904/000095014404002423/0000950144-04-002423-index.htm", "finalLink": "https://www.sec.gov/Archives/edgar/data/27904/000095014404002423/g87427e10vk.htm", "calculatedOtherExpenses": 5606000000, "calculatedOperatingExpenses": 14382000000, "calculatedNetInterest": -110000000, "calculatedOtherIncome": 0, "calculatedIncomeNonControlling": 0, "calculatedEbitda": 151000000}, {"date": "2002-12-31", "symbol": "DAL", "reportedCurrency": "USD", "cik": "0000027904", "fillingDate": "2003-03-27", "acceptedDate": "2003-03-27 10:45:54", "calendarYear": "2002", "period": "FY", "revenue": 13305000000, "costOfRevenue": 0, "grossProfit": 13305000000, "grossProfitRatio": 1, "researchAndDevelopmentExpenses": 0, "generalAndAdministrativeExpenses": 8324000000, "sellingAndMarketingExpenses": 539000000, "sellingGeneralAndAdministrativeExpenses": 8863000000, "otherExpenses": 5751000000, "operatingExpenses": 14614000000, "costAndExpenses": 14614000000, "interestIncome": 0, "interestExpense": 776000000, "depreciationAndAmortization": 1181000000, "ebitda": -45000000, "ebitdaratio": -0.0033821871, "operatingIncome": -1226000000, "operatingIncomeRatio": -0.0921458098, "totalOtherIncomeExpensesNet": -83000000, "incomeBeforeTax": -2002000000, "incomeBeforeTaxRatio": -0.1504697482, "incomeTaxExpense": -730000000, "netIncome": -1272000000, "netIncomeRatio": -0.0956031567, "eps": -10.32, "epsdiluted": -10.32, "weightedAverageShsOut": 123275862, "weightedAverageShsOutDil": 123275862, "link": "https://www.sec.gov/Archives/edgar/data/27904/000095014403003858/0000950144-03-003858-index.htm", "finalLink": "https://www.sec.gov/Archives/edgar/data/27904/000095014403003858/g81186e10vk.txt", "calculatedOtherExpenses": 5668000000, "calculatedOperatingExpenses": 14531000000, "calculatedNetInterest": -776000000, "calculatedOtherIncome": 0, "calculatedIncomeNonControlling": 0, "calculatedEbitda": -45000000}, {"date": "2001-12-31", "symbol": "DAL", "reportedCurrency": "USD", "cik": "0000027904", "fillingDate": "2002-03-28", "acceptedDate": "2002-03-28 00:00:00", "calendarYear": "2001", "period": "FY", "revenue": 13879000000, "costOfRevenue": 0, "grossProfit": 13879000000, "grossProfitRatio": 1, "researchAndDevelopmentExpenses": 0, "generalAndAdministrativeExpenses": 2336000000, "sellingAndMarketingExpenses": 616000000, "sellingGeneralAndAdministrativeExpenses": 2952000000, "otherExpenses": 12529000000, "operatingExpenses": 15481000000, "costAndExpenses": 15481000000, "interestIncome": 0, "interestExpense": 114000000, "depreciationAndAmortization": 1283000000, "ebitda": -467000000, "ebitdaratio": -0.0336479573, "operatingIncome": -1750000000, "operatingIncomeRatio": -0.1260897759, "totalOtherIncomeExpensesNet": 148000000, "incomeBeforeTax": -1864000000, "incomeBeforeTaxRatio": -0.1343036242, "incomeTaxExpense": -648000000, "netIncome": -1216000000, "netIncomeRatio": -0.0876143814, "eps": -9.88, "epsdiluted": -9.88, "weightedAverageShsOut": 123123123, "weightedAverageShsOutDil": 123123123, "link": "https://www.sec.gov/Archives/edgar/data/27904/000095014402002943/0000950144-02-002943-index.htm", "finalLink": "https://www.sec.gov/Archives/edgar/data/27904/000095014402002943/g74838e10-k405.txt", "calculatedOtherExpenses": 12677000000, "calculatedOperatingExpenses": 15629000000, "calculatedNetInterest": -114000000, "calculatedOtherIncome": 0, "calculatedIncomeNonControlling": 0, "calculatedEbitda": -467000000}, {"date": "2000-12-31", "symbol": "DAL", "reportedCurrency": "USD", "cik": "0000027904", "fillingDate": "2000-12-31", "acceptedDate": "2000-12-31 00:00:00", "calendarYear": "2000", "period": "FY", "revenue": 16741000000, "costOfRevenue": 0, "grossProfit": 16741000000, "grossProfitRatio": 1, "researchAndDevelopmentExpenses": 0, "generalAndAdministrativeExpenses": 8369000000, "sellingAndMarketingExpenses": 688000000, "sellingGeneralAndAdministrativeExpenses": 9057000000, "otherExpenses": 6047000000, "operatingExpenses": 15104000000, "costAndExpenses": 15104000000, "interestIncome": 0, "interestExpense": 5000000, "depreciationAndAmortization": 1187000000, "ebitda": 2641000000, "ebitdaratio": 0.1577564064, "operatingIncome": 1454000000, "operatingIncomeRatio": 0.0868526372, "totalOtherIncomeExpensesNet": 183000000, "incomeBeforeTax": 1549000000, "incomeBeforeTaxRatio": 0.0925273281, "incomeTaxExpense": 621000000, "netIncome": 828000000, "netIncomeRatio": 0.049459411, "eps": 6.68, "epsdiluted": 6.38, "weightedAverageShsOut": 123860182, "weightedAverageShsOutDil": 129777070, "link": null, "finalLink": null, "calculatedOtherExpenses": 6230000000, "calculatedOperatingExpenses": 15287000000, "calculatedNetInterest": -5000000, "calculatedOtherIncome": 100000000, "calculatedIncomeNonControlling": 100000000, "calculatedEbitda": 2641000000}, {"date": "2000-06-30", "symbol": "DAL", "reportedCurrency": "USD", "cik": "0000027904", "fillingDate": "2000-09-27", "acceptedDate": "2000-09-27 00:00:00", "calendarYear": "1999", "period": "FY", "revenue": 14711000000, "costOfRevenue": 0, "grossProfit": 14711000000, "grossProfitRatio": 1, "researchAndDevelopmentExpenses": 0, "generalAndAdministrativeExpenses": 7339000000, "sellingAndMarketingExpenses": 755000000, "sellingGeneralAndAdministrativeExpenses": 8094000000, "otherExpenses": 4747000000, "operatingExpenses": 12841000000, "costAndExpenses": 12841000000, "interestIncome": 0, "interestExpense": -59000000, "depreciationAndAmortization": 961000000, "ebitda": 2728000000, "ebitdaratio": 0.1854394671, "operatingIncome": 1767000000, "operatingIncomeRatio": 0.1201142003, "totalOtherIncomeExpensesNet": 103000000, "incomeBeforeTax": 1826000000, "incomeBeforeTaxRatio": 0.1241248046, "incomeTaxExpense": 725000000, "netIncome": 1303000000, "netIncomeRatio": 0.0885731765, "eps": 7.71, "epsdiluted": 7.27, "weightedAverageShsOut": 142857143, "weightedAverageShsOutDil": 151388889, "link": "https://www.sec.gov/Archives/edgar/data/27904/000095014400011723/0000950144-00-011723-index.htm", "finalLink": "https://www.sec.gov/Archives/edgar/data/27904/000095014400011723/g64299e10-k405.txt", "calculatedOtherExpenses": 4850000000, "calculatedOperatingExpenses": 12944000000, "calculatedNetInterest": 59000000, "calculatedOtherIncome": 0, "calculatedIncomeNonControlling": -202000000, "calculatedEbitda": 2728000000}, {"date": "1998-06-30", "symbol": "DAL", "reportedCurrency": "USD", "cik": "0000027904", "fillingDate": "1998-09-28", "acceptedDate": "1998-09-28 00:00:00", "calendarYear": "1998", "period": "FY", "revenue": 14138000000, "costOfRevenue": 0, "grossProfit": 14138000000, "grossProfitRatio": 1, "researchAndDevelopmentExpenses": 0, "generalAndAdministrativeExpenses": 7173000000, "sellingAndMarketingExpenses": 681000000, "sellingGeneralAndAdministrativeExpenses": 7854000000, "otherExpenses": 4591000000, "operatingExpenses": 12445000000, "costAndExpenses": 12445000000, "interestIncome": 0, "interestExpense": -17000000, "depreciationAndAmortization": 861000000, "ebitda": 2492000000, "ebitdaratio": 0.1762625548, "operatingIncome": 1631000000, "operatingIncomeRatio": 0.1153628519, "totalOtherIncomeExpensesNet": 62000000, "incomeBeforeTax": 1648000000, "incomeBeforeTaxRatio": 0.116565285, "incomeTaxExpense": 647000000, "netIncome": 1001000000, "netIncomeRatio": 0.0708020936, "eps": 6.74, "epsdiluted": 6.44, "weightedAverageShsOut": 148470588, "weightedAverageShsOutDil": 155418719, "link": "https://www.sec.gov/Archives/edgar/data/27904/000104746998035570/0001047469-98-035570-index.htm", "finalLink": "https://www.sec.gov/Archives/edgar/data/27904/0001047469-98-035570.txt", "calculatedOtherExpenses": 4653000000, "calculatedOperatingExpenses": 12507000000, "calculatedNetInterest": 17000000, "calculatedOtherIncome": 0, "calculatedIncomeNonControlling": 0, "calculatedEbitda": 2492000000}, {"date": "1997-06-30", "symbol": "DAL", "reportedCurrency": "USD", "cik": "0000027904", "fillingDate": "1997-09-29", "acceptedDate": "1997-09-29 00:00:00", "calendarYear": "1997", "period": "FY", "revenue": 13590000000, "costOfRevenue": 0, "grossProfit": 13590000000, "grossProfitRatio": 1, "researchAndDevelopmentExpenses": 0, "generalAndAdministrativeExpenses": 6211000000, "sellingAndMarketingExpenses": 677000000, "sellingGeneralAndAdministrativeExpenses": 6888000000, "otherExpenses": 5120000000, "operatingExpenses": 12008000000, "costAndExpenses": 12008000000, "interestIncome": 0, "interestExpense": 188000000, "depreciationAndAmortization": 710000000, "ebitda": 2313000000, "ebitdaratio": 0.1701986755, "operatingIncome": 1603000000, "operatingIncomeRatio": 0.1179543782, "totalOtherIncomeExpensesNet": -21000000, "incomeBeforeTax": 1415000000, "incomeBeforeTaxRatio": 0.104120677, "incomeTaxExpense": 561000000, "netIncome": 854000000, "netIncomeRatio": 0.0628403238, "eps": 5.72, "epsdiluted": 5.54, "weightedAverageShsOut": 149180328, "weightedAverageShsOutDil": 154237288, "link": "https://www.sec.gov/Archives/edgar/data/27904/000095014497010440/0000950144-97-010440-index.htm", "finalLink": "https://www.sec.gov/Archives/edgar/data/27904/0000950144-97-010440.txt", "calculatedOtherExpenses": 5099000000, "calculatedOperatingExpenses": 11987000000, "calculatedNetInterest": -188000000, "calculatedOtherIncome": 0, "calculatedIncomeNonControlling": 0, "calculatedEbitda": 2313000000}, {"date": "1996-06-30", "symbol": "DAL", "reportedCurrency": "USD", "cik": "0000027904", "fillingDate": "1996-09-30", "acceptedDate": "1996-09-30 00:00:00", "calendarYear": "1996", "period": "FY", "revenue": 12455000000, "costOfRevenue": 248000000, "grossProfit": 12207000000, "grossProfitRatio": 0.9800883179, "researchAndDevelopmentExpenses": 0, "generalAndAdministrativeExpenses": 5952000000, "sellingAndMarketingExpenses": 594000000, "sellingGeneralAndAdministrativeExpenses": 6546000000, "otherExpenses": 4369000000, "operatingExpenses": 10915000000, "costAndExpenses": 11163000000, "interestIncome": 0, "interestExpense": 1849000000, "depreciationAndAmortization": 634000000, "ebitda": 2759000000, "ebitdaratio": 0.2215174629, "operatingIncome": 2125000000, "operatingIncomeRatio": 0.1706142112, "totalOtherIncomeExpensesNet": -833000000, "incomeBeforeTax": 276000000, "incomeBeforeTaxRatio": 0.0221597752, "incomeTaxExpense": 120000000, "netIncome": 156000000, "netIncomeRatio": 0.0125250903, "eps": 1.52, "epsdiluted": 1.52, "weightedAverageShsOut": 102857143, "weightedAverageShsOutDil": 102857143, "link": "https://www.sec.gov/Archives/edgar/data/27904/000095014496006709/0000950144-96-006709-index.htm", "finalLink": "https://www.sec.gov/Archives/edgar/data/27904/0000950144-96-006709.txt", "calculatedOtherExpenses": 3536000000, "calculatedOperatingExpenses": 10082000000, "calculatedNetInterest": -1849000000, "calculatedOtherIncome": 0, "calculatedIncomeNonControlling": 0, "calculatedEbitda": 2759000000}, {"date": "1995-06-30", "symbol": "DAL", "reportedCurrency": "USD", "cik": "0000027904", "fillingDate": "1995-09-28", "acceptedDate": "1995-09-28 00:00:00", "calendarYear": "1995", "period": "FY", "revenue": 12194000000, "costOfRevenue": 0, "grossProfit": 12194000000, "grossProfitRatio": 1, "researchAndDevelopmentExpenses": 0, "generalAndAdministrativeExpenses": 1751000000, "sellingAndMarketingExpenses": 618000000, "sellingGeneralAndAdministrativeExpenses": 2369000000, "otherExpenses": 9164000000, "operatingExpenses": 11533000000, "costAndExpenses": 11533000000, "interestIncome": 0, "interestExpense": 23000000, "depreciationAndAmortization": 622000000, "ebitda": 1253000000, "ebitdaratio": 0.1027554535, "operatingIncome": 631000000, "operatingIncomeRatio": 0.0517467607, "totalOtherIncomeExpensesNet": 30000000, "incomeBeforeTax": 494000000, "incomeBeforeTaxRatio": 0.0405117271, "incomeTaxExpense": 200000000, "netIncome": 408000000, "netIncomeRatio": 0.0334590782, "eps": 4.04, "epsdiluted": 2.2, "weightedAverageShsOut": 101111111, "weightedAverageShsOutDil": 185714286, "link": "https://www.sec.gov/Archives/edgar/data/27904/000095014495002692/0000950144-95-002692-index.htm", "finalLink": "https://www.sec.gov/Archives/edgar/data/27904/0000950144-95-002692.txt", "calculatedOtherExpenses": 9194000000, "calculatedOperatingExpenses": 11563000000, "calculatedNetInterest": -23000000, "calculatedOtherIncome": -114000000, "calculatedIncomeNonControlling": -114000000, "calculatedEbitda": 1253000000}, {"date": "1994-06-30", "symbol": "DAL", "reportedCurrency": "USD", "cik": "0000027904", "fillingDate": "1994-09-27", "acceptedDate": "1994-09-27 00:00:00", "calendarYear": "1994", "period": "FY", "revenue": 12359000000, "costOfRevenue": 261000000, "grossProfit": 12098000000, "grossProfitRatio": 0.9788817866, "researchAndDevelopmentExpenses": 0, "generalAndAdministrativeExpenses": 0, "sellingAndMarketingExpenses": 0, "sellingGeneralAndAdministrativeExpenses": 5907000000, "otherExpenses": 6112000000, "operatingExpenses": 12019000000, "costAndExpenses": 12280000000, "interestIncome": 0, "interestExpense": 1231000000, "depreciationAndAmortization": 678000000, "ebitda": 1249000000, "ebitdaratio": 0.1010599563, "operatingIncome": 571000000, "operatingIncomeRatio": 0.046201149, "totalOtherIncomeExpensesNet": -492000000, "incomeBeforeTax": -660000000, "incomeBeforeTaxRatio": -0.0534023788, "incomeTaxExpense": -251000000, "netIncome": -409000000, "netIncomeRatio": -0.0330932923, "eps": -4.07, "epsdiluted": -4.07, "weightedAverageShsOut": 100581395, "weightedAverageShsOutDil": 100581395, "link": "https://www.sec.gov/Archives/edgar/data/27904/000095010994001748/0000950109-94-001748-index.htm", "finalLink": "https://www.sec.gov/Archives/edgar/data/27904/0000950109-94-001748.txt", "calculatedOtherExpenses": 5620000000, "calculatedOperatingExpenses": 11527000000, "calculatedNetInterest": -1231000000, "calculatedOtherIncome": 0, "calculatedIncomeNonControlling": 0, "calculatedEbitda": 1249000000}, {"date": "1993-06-30", "symbol": "DAL", "reportedCurrency": "USD", "cik": "0000027904", "fillingDate": "1993-06-30", "acceptedDate": "1993-06-30 00:00:00", "calendarYear": "1993", "period": "FY", "revenue": 11996700000, "costOfRevenue": 4861600000, "grossProfit": 7135100000, "grossProfitRatio": 0.5947552244, "researchAndDevelopmentExpenses": 0, "generalAndAdministrativeExpenses": 0, "sellingAndMarketingExpenses": 0, "sellingGeneralAndAdministrativeExpenses": 6952700000, "otherExpenses": 675300000, "operatingExpenses": 7628000000, "costAndExpenses": 12489600000, "interestIncome": 0, "interestExpense": 2077500000, "depreciationAndAmortization": -675300000, "ebitda": 163900000, "ebitdaratio": 0.0136620904, "operatingIncome": 839200000, "operatingIncomeRatio": 0.0699525703, "totalOtherIncomeExpensesNet": 18500000, "incomeBeforeTax": -651200000, "incomeBeforeTaxRatio": -0.0542815941, "incomeTaxExpense": -236500000, "netIncome": -1001800000, "netIncomeRatio": -0.0835062976, "eps": -10.05, "epsdiluted": -10.05, "weightedAverageShsOut": 99659498, "weightedAverageShsOutDil": 99659498, "link": null, "finalLink": null, "calculatedOtherExpenses": -656800000, "calculatedOperatingExpenses": 6295900000, "calculatedNetInterest": -2077500000, "calculatedOtherIncome": 587100000, "calculatedIncomeNonControlling": 587100000, "calculatedEbitda": 163900000}, {"date": "1992-06-30", "symbol": "DAL", "reportedCurrency": "USD", "cik": "0000027904", "fillingDate": "1992-06-30", "acceptedDate": "1992-06-30 00:00:00", "calendarYear": "1992", "period": "FY", "revenue": 10836800000, "costOfRevenue": 4465900000, "grossProfit": 6370900000, "grossProfitRatio": 0.5878949505, "researchAndDevelopmentExpenses": 0, "generalAndAdministrativeExpenses": 0, "sellingAndMarketingExpenses": 0, "sellingGeneralAndAdministrativeExpenses": 6469200000, "otherExpenses": 576600000, "operatingExpenses": 7045800000, "costAndExpenses": 11511700000, "interestIncome": 0, "interestExpense": 1224700000, "depreciationAndAmortization": -576600000, "ebitda": -138300000, "ebitdaratio": -0.01276207, "operatingIncome": 438300000, "operatingIncomeRatio": 0.040445519, "totalOtherIncomeExpensesNet": 40000000, "incomeBeforeTax": -786400000, "incomeBeforeTaxRatio": -0.0725675476, "incomeTaxExpense": -280100000, "netIncome": -506300000, "netIncomeRatio": -0.0467204341, "eps": -5.11, "epsdiluted": -5.11, "weightedAverageShsOut": 99037736, "weightedAverageShsOutDil": 99037736, "link": null, "finalLink": null, "calculatedOtherExpenses": -536600000, "calculatedOperatingExpenses": 5932600000, "calculatedNetInterest": -1224700000, "calculatedOtherIncome": 0, "calculatedIncomeNonControlling": 0, "calculatedEbitda": -138300000}, {"date": "1991-06-30", "symbol": "DAL", "reportedCurrency": "USD", "cik": "0000027904", "fillingDate": "1991-06-30", "acceptedDate": "1991-06-30 00:00:00", "calendarYear": "1991", "period": "FY", "revenue": 9170600000, "costOfRevenue": 3814100000, "grossProfit": 5356500000, "grossProfitRatio": 0.5840948248, "researchAndDevelopmentExpenses": 0, "generalAndAdministrativeExpenses": 0, "sellingAndMarketingExpenses": 0, "sellingGeneralAndAdministrativeExpenses": 5340600000, "otherExpenses": 465900000, "operatingExpenses": 5806500000, "costAndExpenses": 9620600000, "interestIncome": 0, "interestExpense": 934700000, "depreciationAndAmortization": -465900000, "ebitda": -31400000, "ebitdaratio": -0.0034239853, "operatingIncome": 434500000, "operatingIncomeRatio": 0.0473796698, "totalOtherIncomeExpensesNet": 47300000, "incomeBeforeTax": -500200000, "incomeBeforeTaxRatio": -0.0545438684, "incomeTaxExpense": -175800000, "netIncome": -324400000, "netIncomeRatio": -0.0353739123, "eps": -3.66, "epsdiluted": -3.66, "weightedAverageShsOut": 88630491, "weightedAverageShsOutDil": 88630491, "link": null, "finalLink": null, "calculatedOtherExpenses": -418600000, "calculatedOperatingExpenses": 4922000000, "calculatedNetInterest": -934700000, "calculatedOtherIncome": 0, "calculatedIncomeNonControlling": 0, "calculatedEbitda": -31400000}, {"date": "1990-06-30", "symbol": "DAL", "reportedCurrency": "USD", "cik": "0000027904", "fillingDate": "1990-06-30", "acceptedDate": "1990-06-30 00:00:00", "calendarYear": "1990", "period": "FY", "revenue": 8582200000, "costOfRevenue": 5225200000, "grossProfit": 3357000000, "grossProfitRatio": 0.3911584442, "researchAndDevelopmentExpenses": 0, "generalAndAdministrativeExpenses": 0, "sellingAndMarketingExpenses": 0, "sellingGeneralAndAdministrativeExpenses": 2478300000, "otherExpenses": 459200000, "operatingExpenses": 2937500000, "costAndExpenses": 8162700000, "interestIncome": 0, "interestExpense": 794900000, "depreciationAndAmortization": -459200000, "ebitda": 803600000, "ebitdaratio": 0.0936356645, "operatingIncome": 1262800000, "operatingIncomeRatio": 0.1471417585, "totalOtherIncomeExpensesNet": 75100000, "incomeBeforeTax": 467900000, "incomeBeforeTaxRatio": 0.0545198201, "incomeTaxExpense": 165100000, "netIncome": 302800000, "netIncomeRatio": 0.0352823285, "eps": 3.15, "epsdiluted": 2.86, "weightedAverageShsOut": 96275862, "weightedAverageShsOutDil": 105757576, "link": null, "finalLink": null, "calculatedOtherExpenses": -384100000, "calculatedOperatingExpenses": 2094200000, "calculatedNetInterest": -794900000, "calculatedOtherIncome": 0, "calculatedIncomeNonControlling": 0, "calculatedEbitda": 803600000}, {"date": "1989-06-30", "symbol": "DAL", "reportedCurrency": "USD", "cik": "0000027904", "fillingDate": "1989-06-30", "acceptedDate": "1989-06-30 00:00:00", "calendarYear": "1989", "period": "FY", "revenue": 8089500000, "costOfRevenue": 4665300000, "grossProfit": 3424200000, "grossProfitRatio": 0.4232894493, "researchAndDevelopmentExpenses": 0, "generalAndAdministrativeExpenses": 0, "sellingAndMarketingExpenses": 0, "sellingGeneralAndAdministrativeExpenses": 2352800000, "otherExpenses": 393100000, "operatingExpenses": 2745900000, "costAndExpenses": 7411200000, "interestIncome": 0, "interestExpense": -104700000, "depreciationAndAmortization": 393100000, "ebitda": 999600000, "ebitdaratio": 0.1235675876, "operatingIncome": 606500000, "operatingIncomeRatio": 0.0749737314, "totalOtherIncomeExpensesNet": 71800000, "incomeBeforeTax": 711200000, "incomeBeforeTaxRatio": 0.0879164349, "incomeTaxExpense": 250300000, "netIncome": 460900000, "netIncomeRatio": 0.0569750912, "eps": 4.69, "epsdiluted": 4.69, "weightedAverageShsOut": 98272921, "weightedAverageShsOutDil": 98272921, "link": null, "finalLink": null, "calculatedOtherExpenses": 464900000, "calculatedOperatingExpenses": 2817700000, "calculatedNetInterest": 104700000, "calculatedOtherIncome": 0, "calculatedIncomeNonControlling": 0, "calculatedEbitda": 999600000}, {"date": "1988-06-30", "symbol": "DAL", "reportedCurrency": "USD", "cik": "0000027904", "fillingDate": "1988-06-30", "acceptedDate": "1988-06-30 00:00:00", "calendarYear": "1988", "period": "FY", "revenue": 6915400000, "costOfRevenue": 4152200000, "grossProfit": 2763200000, "grossProfitRatio": 0.3995719698, "researchAndDevelopmentExpenses": 0, "generalAndAdministrativeExpenses": 0, "sellingAndMarketingExpenses": 0, "sellingGeneralAndAdministrativeExpenses": 1912000000, "otherExpenses": 354100000, "operatingExpenses": 2266100000, "costAndExpenses": 6418300000, "interestIncome": 0, "interestExpense": 17300000, "depreciationAndAmortization": 354100000, "ebitda": 827200000, "ebitdaratio": 0.1196170865, "operatingIncome": 473100000, "operatingIncomeRatio": 0.0684125286, "totalOtherIncomeExpensesNet": 24000000, "incomeBeforeTax": 455800000, "incomeBeforeTaxRatio": 0.0659108656, "incomeTaxExpense": 149000000, "netIncome": 306800000, "netIncomeRatio": 0.0443647511, "eps": 3.15, "epsdiluted": 3.15, "weightedAverageShsOut": 97396825, "weightedAverageShsOutDil": 97396825, "link": null, "finalLink": null, "calculatedOtherExpenses": 378100000, "calculatedOperatingExpenses": 2290100000, "calculatedNetInterest": -17300000, "calculatedOtherIncome": 0, "calculatedIncomeNonControlling": 0, "calculatedEbitda": 827200000}, {"date": "1987-06-30", "symbol": "DAL", "reportedCurrency": "USD", "cik": "0000027904", "fillingDate": "1987-06-30", "acceptedDate": "1987-06-30 00:00:00", "calendarYear": "1987", "period": "FY", "revenue": 5318200000, "costOfRevenue": 3179300000, "grossProfit": 2138900000, "grossProfitRatio": 0.4021849498, "researchAndDevelopmentExpenses": 0, "generalAndAdministrativeExpenses": 0, "sellingAndMarketingExpenses": 0, "sellingGeneralAndAdministrativeExpenses": 1456300000, "otherExpenses": 278000000, "operatingExpenses": 1734300000, "costAndExpenses": 4913600000, "interestIncome": 0, "interestExpense": -147200000, "depreciationAndAmortization": 278000000, "ebitda": 578000000, "ebitdaratio": 0.1086833891, "operatingIncome": 300000000, "operatingIncomeRatio": 0.0564100636, "totalOtherIncomeExpensesNet": 104600000, "incomeBeforeTax": 447200000, "incomeBeforeTaxRatio": 0.0840886014, "incomeTaxExpense": 183500000, "netIncome": 263700000, "netIncomeRatio": 0.0495844459, "eps": 2.95, "epsdiluted": 2.95, "weightedAverageShsOut": 89389831, "weightedAverageShsOutDil": 89389831, "link": null, "finalLink": null, "calculatedOtherExpenses": 382600000, "calculatedOperatingExpenses": 1838900000, "calculatedNetInterest": 147200000, "calculatedOtherIncome": 0, "calculatedIncomeNonControlling": 0, "calculatedEbitda": 578000000}, {"date": "1986-06-30", "symbol": "DAL", "reportedCurrency": "USD", "cik": "0000027904", "fillingDate": "1986-06-30", "acceptedDate": "1986-06-30 00:00:00", "calendarYear": "1986", "period": "FY", "revenue": 4372400000, "costOfRevenue": 2919000000, "grossProfit": 1453400000, "grossProfitRatio": 0.3324032568, "researchAndDevelopmentExpenses": 0, "generalAndAdministrativeExpenses": 0, "sellingAndMarketingExpenses": 0, "sellingGeneralAndAdministrativeExpenses": 1141100000, "otherExpenses": 365400000, "operatingExpenses": 1506500000, "costAndExpenses": 4425500000, "interestIncome": 0, "interestExpense": -251800000, "depreciationAndAmortization": 365400000, "ebitda": 158700000, "ebitdaratio": 0.0362958558, "operatingIncome": -206700000, "operatingIncomeRatio": -0.0472738084, "totalOtherIncomeExpensesNet": 153600000, "incomeBeforeTax": 45100000, "incomeBeforeTaxRatio": 0.0103147013, "incomeTaxExpense": -2200000, "netIncome": 47300000, "netIncomeRatio": 0.0108178575, "eps": 0.59, "epsdiluted": 0.59, "weightedAverageShsOut": 80169492, "weightedAverageShsOutDil": 80169492, "link": null, "finalLink": null, "calculatedOtherExpenses": 519000000, "calculatedOperatingExpenses": 1660100000, "calculatedNetInterest": 251800000, "calculatedOtherIncome": 0, "calculatedIncomeNonControlling": 0, "calculatedEbitda": 158700000}]}