{"originalCurrency": "USD", "convertedCurrency": "USD", "report": [{"date": "2023-12-31", "symbol": "DAN", "reportedCurrency": "USD", "cik": "0000026780", "fillingDate": "2024-02-20", "acceptedDate": "2024-02-20 11:46:09", "calendarYear": "2023", "period": "FY", "revenue": 10555000000, "costOfRevenue": 9655000000, "grossProfit": 900000000, "grossProfitRatio": 0.0852676457, "researchAndDevelopmentExpenses": 237000000, "generalAndAdministrativeExpenses": 562000000, "sellingAndMarketingExpenses": 0, "sellingGeneralAndAdministrativeExpenses": 562000000, "otherExpenses": 18000000, "operatingExpenses": 559000000, "costAndExpenses": 10214000000, "interestIncome": 17000000, "interestExpense": 154000000, "depreciationAndAmortization": 416000000, "ebitda": 792000000, "ebitdaratio": 0.0750355282, "operatingIncome": 351000000, "operatingIncomeRatio": 0.0332543818, "totalOtherIncomeExpensesNet": -26000000, "incomeBeforeTax": 178000000, "incomeBeforeTaxRatio": 0.0168640455, "incomeTaxExpense": 121000000, "netIncome": 38000000, "netIncomeRatio": 0.0036001895, "eps": 0.26, "epsdiluted": 0.26, "weightedAverageShsOut": 144400000, "weightedAverageShsOutDil": 144600000, "link": "https://www.sec.gov/Archives/edgar/data/26780/000143774924004751/0001437749-24-004751-index.htm", "finalLink": "https://www.sec.gov/Archives/edgar/data/26780/000143774924004751/dan20231231_10k.htm", "calculatedOtherExpenses": -250000000, "calculatedOperatingExpenses": 549000000, "calculatedNetInterest": -137000000, "calculatedOtherIncome": -36000000, "calculatedIncomeNonControlling": 19000000, "calculatedEbitda": 767000000}, {"date": "2022-12-31", "symbol": "DAN", "reportedCurrency": "USD", "cik": "0000026780", "fillingDate": "2023-02-21", "acceptedDate": "2023-02-21 13:01:22", "calendarYear": "2022", "period": "FY", "revenue": 10156000000, "costOfRevenue": 9393000000, "grossProfit": 763000000, "grossProfitRatio": 0.0751280032, "researchAndDevelopmentExpenses": 201000000, "generalAndAdministrativeExpenses": 495000000, "sellingAndMarketingExpenses": 0, "sellingGeneralAndAdministrativeExpenses": 495000000, "otherExpenses": 14000000, "operatingExpenses": 509000000, "costAndExpenses": 9902000000, "interestIncome": 11000000, "interestExpense": 128000000, "depreciationAndAmortization": 388000000, "ebitda": 675000000, "ebitdaratio": 0.0664631745, "operatingIncome": 287000000, "operatingIncomeRatio": 0.0282591571, "totalOtherIncomeExpensesNet": -318000000, "incomeBeforeTax": -31000000, "incomeBeforeTaxRatio": -0.0030523828, "incomeTaxExpense": 284000000, "netIncome": -315000000, "netIncomeRatio": -0.0310161481, "eps": -2.19, "epsdiluted": -2.19, "weightedAverageShsOut": 143600000, "weightedAverageShsOutDil": 143600000, "link": "https://www.sec.gov/Archives/edgar/data/26780/000143774923003931/0001437749-23-003931-index.htm", "finalLink": "https://www.sec.gov/Archives/edgar/data/26780/000143774923003931/dan20221231_10k.htm", "calculatedOtherExpenses": -220000000, "calculatedOperatingExpenses": 476000000, "calculatedNetInterest": -117000000, "calculatedOtherIncome": -201000000, "calculatedIncomeNonControlling": 0, "calculatedEbitda": 675000000}, {"date": "2021-12-31", "symbol": "DAN", "reportedCurrency": "USD", "cik": "0000026780", "fillingDate": "2022-02-23", "acceptedDate": "2022-02-23 16:59:25", "calendarYear": "2021", "period": "FY", "revenue": 8945000000, "costOfRevenue": 8108000000, "grossProfit": 837000000, "grossProfitRatio": 0.0935718278, "researchAndDevelopmentExpenses": 178000000, "generalAndAdministrativeExpenses": 460000000, "sellingAndMarketingExpenses": 0, "sellingGeneralAndAdministrativeExpenses": 460000000, "otherExpenses": 14000000, "operatingExpenses": 474000000, "costAndExpenses": 8582000000, "interestIncome": 9000000, "interestExpense": 131000000, "depreciationAndAmortization": 389000000, "ebitda": 793000000, "ebitdaratio": 0.0886528787, "operatingIncome": 404000000, "operatingIncomeRatio": 0.0451648966, "totalOtherIncomeExpensesNet": -160000000, "incomeBeforeTax": 244000000, "incomeBeforeTaxRatio": 0.0272778088, "incomeTaxExpense": 72000000, "netIncome": 197000000, "netIncomeRatio": 0.0220234768, "eps": 1.36, "epsdiluted": 1.35, "weightedAverageShsOut": 144800000, "weightedAverageShsOutDil": 146200000, "link": "https://www.sec.gov/Archives/edgar/data/26780/000143774922004203/0001437749-22-004203-index.htm", "finalLink": "https://www.sec.gov/Archives/edgar/data/26780/000143774922004203/dan20211123_10k.htm", "calculatedOtherExpenses": -205000000, "calculatedOperatingExpenses": 433000000, "calculatedNetInterest": -122000000, "calculatedOtherIncome": -38000000, "calculatedIncomeNonControlling": -25000000, "calculatedEbitda": 793000000}, {"date": "2020-12-31", "symbol": "DAN", "reportedCurrency": "USD", "cik": "0000026780", "fillingDate": "2021-02-18", "acceptedDate": "2021-02-18 13:36:04", "calendarYear": "2020", "period": "FY", "revenue": 7106000000, "costOfRevenue": 6485000000, "grossProfit": 621000000, "grossProfitRatio": 0.0873909372, "researchAndDevelopmentExpenses": 146000000, "generalAndAdministrativeExpenses": 421000000, "sellingAndMarketingExpenses": 0, "sellingGeneralAndAdministrativeExpenses": 421000000, "otherExpenses": 13000000, "operatingExpenses": 434000000, "costAndExpenses": 6919000000, "interestIncome": 9000000, "interestExpense": 138000000, "depreciationAndAmortization": 365000000, "ebitda": 583000000, "ebitdaratio": 0.0820433437, "operatingIncome": 218000000, "operatingIncomeRatio": 0.0306783, "totalOtherIncomeExpensesNet": -231000000, "incomeBeforeTax": -13000000, "incomeBeforeTaxRatio": -0.0018294399, "incomeTaxExpense": 58000000, "netIncome": -71000000, "netIncomeRatio": -0.0099915564, "eps": -0.49, "epsdiluted": -0.49, "weightedAverageShsOut": 144500000, "weightedAverageShsOutDil": 144500000, "link": "https://www.sec.gov/Archives/edgar/data/26780/000143774921003221/0001437749-21-003221-index.htm", "finalLink": "https://www.sec.gov/Archives/edgar/data/26780/000143774921003221/dan20201231_10k.htm", "calculatedOtherExpenses": -164000000, "calculatedOperatingExpenses": 403000000, "calculatedNetInterest": -129000000, "calculatedOtherIncome": -102000000, "calculatedIncomeNonControlling": 0, "calculatedEbitda": 583000000}, {"date": "2019-12-31", "symbol": "DAN", "reportedCurrency": "USD", "cik": "0000026780", "fillingDate": "2020-02-14", "acceptedDate": "2020-02-14 08:53:15", "calendarYear": "2019", "period": "FY", "revenue": 8620000000, "costOfRevenue": 7489000000, "grossProfit": 1131000000, "grossProfitRatio": 0.1312064965, "researchAndDevelopmentExpenses": 112000000, "generalAndAdministrativeExpenses": 767000000, "sellingAndMarketingExpenses": 0, "sellingGeneralAndAdministrativeExpenses": 767000000, "otherExpenses": 12000000, "operatingExpenses": 779000000, "costAndExpenses": 8268000000, "interestIncome": 10000000, "interestExpense": 122000000, "depreciationAndAmortization": 339000000, "ebitda": 676000000, "ebitdaratio": 0.0784222738, "operatingIncome": 337000000, "operatingIncomeRatio": 0.0390951276, "totalOtherIncomeExpensesNet": -166000000, "incomeBeforeTax": 171000000, "incomeBeforeTaxRatio": 0.019837587, "incomeTaxExpense": -32000000, "netIncome": 226000000, "netIncomeRatio": 0.0262180974, "eps": 1.57, "epsdiluted": 1.56, "weightedAverageShsOut": 144000000, "weightedAverageShsOutDil": 145100000, "link": "https://www.sec.gov/Archives/edgar/data/26780/000002678020000006/0000026780-20-000006-index.htm", "finalLink": "https://www.sec.gov/Archives/edgar/data/26780/000002678020000006/dan-20191231x10k.htm", "calculatedOtherExpenses": -85000000, "calculatedOperatingExpenses": 794000000, "calculatedNetInterest": -112000000, "calculatedOtherIncome": -54000000, "calculatedIncomeNonControlling": -23000000, "calculatedEbitda": 676000000}, {"date": "2018-12-31", "symbol": "DAN", "reportedCurrency": "USD", "cik": "0000026780", "fillingDate": "2019-02-15", "acceptedDate": "2019-02-15 15:06:28", "calendarYear": "2018", "period": "FY", "revenue": 8143000000, "costOfRevenue": 6986000000, "grossProfit": 1157000000, "grossProfitRatio": 0.1420852266, "researchAndDevelopmentExpenses": 103000000, "generalAndAdministrativeExpenses": 499000000, "sellingAndMarketingExpenses": 0, "sellingGeneralAndAdministrativeExpenses": 499000000, "otherExpenses": -29000000, "operatingExpenses": 507000000, "costAndExpenses": 7493000000, "interestIncome": 11000000, "interestExpense": 96000000, "depreciationAndAmortization": 270000000, "ebitda": 902000000, "ebitdaratio": 0.1107699865, "operatingIncome": 662000000, "operatingIncomeRatio": 0.0812968194, "totalOtherIncomeExpensesNet": -71000000, "incomeBeforeTax": 494000000, "incomeBeforeTaxRatio": 0.0606656024, "incomeTaxExpense": 78000000, "netIncome": 427000000, "netIncomeRatio": 0.0524376765, "eps": 2.94, "epsdiluted": 2.91, "weightedAverageShsOut": 145000000, "weightedAverageShsOutDil": 146500000, "link": "https://www.sec.gov/Archives/edgar/data/26780/000002678019000004/0000026780-19-000004-index.htm", "finalLink": "https://www.sec.gov/Archives/edgar/data/26780/000002678019000004/dan-20181231x10k.htm", "calculatedOtherExpenses": -107000000, "calculatedOperatingExpenses": 495000000, "calculatedNetInterest": -85000000, "calculatedOtherIncome": -83000000, "calculatedIncomeNonControlling": -11000000, "calculatedEbitda": 932000000}, {"date": "2017-12-31", "symbol": "DAN", "reportedCurrency": "USD", "cik": "0000026780", "fillingDate": "2018-02-14", "acceptedDate": "2018-02-14 11:25:16", "calendarYear": "2017", "period": "FY", "revenue": 7209000000, "costOfRevenue": 6147000000, "grossProfit": 1062000000, "grossProfitRatio": 0.1473158552, "researchAndDevelopmentExpenses": 102000000, "generalAndAdministrativeExpenses": 511000000, "sellingAndMarketingExpenses": 0, "sellingGeneralAndAdministrativeExpenses": 511000000, "otherExpenses": -9000000, "operatingExpenses": 522000000, "costAndExpenses": 6669000000, "interestIncome": 11000000, "interestExpense": 102000000, "depreciationAndAmortization": 233000000, "ebitda": 775000000, "ebitdaratio": 0.1075045083, "operatingIncome": 547000000, "operatingIncomeRatio": 0.0758773755, "totalOtherIncomeExpensesNet": -69000000, "incomeBeforeTax": 380000000, "incomeBeforeTaxRatio": 0.0527118879, "incomeTaxExpense": 283000000, "netIncome": 111000000, "netIncomeRatio": 0.0153974199, "eps": 0.72, "epsdiluted": 0.71, "weightedAverageShsOut": 145100000, "weightedAverageShsOutDil": 146900000, "link": "https://www.sec.gov/Archives/edgar/data/26780/000002678018000004/0000026780-18-000004-index.htm", "finalLink": "https://www.sec.gov/Archives/edgar/data/26780/000002678018000004/dan-20171231x10k.htm", "calculatedOtherExpenses": -98000000, "calculatedOperatingExpenses": 515000000, "calculatedNetInterest": -91000000, "calculatedOtherIncome": -76000000, "calculatedIncomeNonControlling": -14000000, "calculatedEbitda": 780000000}, {"date": "2016-12-31", "symbol": "DAN", "reportedCurrency": "USD", "cik": "0000026780", "fillingDate": "2017-02-10", "acceptedDate": "2017-02-10 09:19:22", "calendarYear": "2016", "period": "FY", "revenue": 5826000000, "costOfRevenue": 4982000000, "grossProfit": 844000000, "grossProfitRatio": 0.1448678338, "researchAndDevelopmentExpenses": 81000000, "generalAndAdministrativeExpenses": 406000000, "sellingAndMarketingExpenses": 0, "sellingGeneralAndAdministrativeExpenses": 406000000, "otherExpenses": 18000000, "operatingExpenses": 414000000, "costAndExpenses": 5396000000, "interestIncome": 13000000, "interestExpense": 113000000, "depreciationAndAmortization": 182000000, "ebitda": 643000000, "ebitdaratio": 0.1103673189, "operatingIncome": 438000000, "operatingIncomeRatio": 0.0751802266, "totalOtherIncomeExpensesNet": -115000000, "incomeBeforeTax": 215000000, "incomeBeforeTaxRatio": 0.0369035359, "incomeTaxExpense": -424000000, "netIncome": 640000000, "netIncomeRatio": 0.1098523859, "eps": 4.38, "epsdiluted": 4.36, "weightedAverageShsOut": 146000000, "weightedAverageShsOutDil": 146800000, "link": "https://www.sec.gov/Archives/edgar/data/26780/000002678017000004/0000026780-17-000004-index.htm", "finalLink": "https://www.sec.gov/Archives/edgar/data/26780/000002678017000004/dan-20161231x10k.htm", "calculatedOtherExpenses": -81000000, "calculatedOperatingExpenses": 406000000, "calculatedNetInterest": -100000000, "calculatedOtherIncome": -123000000, "calculatedIncomeNonControlling": -1000000, "calculatedEbitda": 620000000}, {"date": "2015-12-31", "symbol": "DAN", "reportedCurrency": "USD", "cik": "0000026780", "fillingDate": "2016-02-18", "acceptedDate": "2016-02-18 15:47:04", "calendarYear": "2015", "period": "FY", "revenue": 6060000000, "costOfRevenue": 5211000000, "grossProfit": 849000000, "grossProfitRatio": 0.1400990099, "researchAndDevelopmentExpenses": 75000000, "generalAndAdministrativeExpenses": 391000000, "sellingAndMarketingExpenses": 0, "sellingGeneralAndAdministrativeExpenses": 391000000, "otherExpenses": 14000000, "operatingExpenses": 405000000, "costAndExpenses": 5616000000, "interestIncome": 13000000, "interestExpense": 113000000, "depreciationAndAmortization": 174000000, "ebitda": 632000000, "ebitdaratio": 0.104290429, "operatingIncome": 447000000, "operatingIncomeRatio": 0.0737623762, "totalOtherIncomeExpensesNet": -39000000, "incomeBeforeTax": 292000000, "incomeBeforeTaxRatio": 0.0481848185, "incomeTaxExpense": 82000000, "netIncome": 159000000, "netIncomeRatio": 0.0262376238, "eps": 1, "epsdiluted": 0.99, "weightedAverageShsOut": 159000000, "weightedAverageShsOutDil": 160000000, "link": "https://www.sec.gov/Archives/edgar/data/26780/000002678016000019/0000026780-16-000019-index.htm", "finalLink": "https://www.sec.gov/Archives/edgar/data/26780/000002678016000019/dan-20151231x10k.htm", "calculatedOtherExpenses": -64000000, "calculatedOperatingExpenses": 402000000, "calculatedNetInterest": -100000000, "calculatedOtherIncome": -55000000, "calculatedIncomeNonControlling": 51000000, "calculatedEbitda": 621000000}, {"date": "2014-12-31", "symbol": "DAN", "reportedCurrency": "USD", "cik": "0000026780", "fillingDate": "2015-02-20", "acceptedDate": "2015-02-19 17:49:14", "calendarYear": "2014", "period": "FY", "revenue": 6617000000, "costOfRevenue": 5672000000, "grossProfit": 945000000, "grossProfitRatio": 0.142813964, "researchAndDevelopmentExpenses": 176000000, "generalAndAdministrativeExpenses": 453000000, "sellingAndMarketingExpenses": 0, "sellingGeneralAndAdministrativeExpenses": 453000000, "otherExpenses": 48000000, "operatingExpenses": 495000000, "costAndExpenses": 6167000000, "interestIncome": 15000000, "interestExpense": 118000000, "depreciationAndAmortization": 213000000, "ebitda": 711000000, "ebitdaratio": 0.1074505063, "operatingIncome": 454000000, "operatingIncomeRatio": 0.0686111531, "totalOtherIncomeExpensesNet": -72000000, "incomeBeforeTax": 260000000, "incomeBeforeTaxRatio": 0.0392927308, "incomeTaxExpense": -70000000, "netIncome": 319000000, "netIncomeRatio": 0.0482091582, "eps": 1.97, "epsdiluted": 1.84, "weightedAverageShsOut": 158000000, "weightedAverageShsOutDil": 173500000, "link": "https://www.sec.gov/Archives/edgar/data/26780/000002678015000004/0000026780-15-000004-index.htm", "finalLink": "https://www.sec.gov/Archives/edgar/data/26780/000002678015000004/dan-20141231x10k.htm", "calculatedOtherExpenses": -138000000, "calculatedOperatingExpenses": 491000000, "calculatedNetInterest": -103000000, "calculatedOtherIncome": -91000000, "calculatedIncomeNonControlling": 11000000, "calculatedEbitda": 667000000}, {"date": "2013-12-31", "symbol": "DAN", "reportedCurrency": "USD", "cik": "0000026780", "fillingDate": "2014-02-21", "acceptedDate": "2014-02-21 11:45:35", "calendarYear": "2013", "period": "FY", "revenue": 6769000000, "costOfRevenue": 5849000000, "grossProfit": 920000000, "grossProfitRatio": 0.1359137243, "researchAndDevelopmentExpenses": 165000000, "generalAndAdministrativeExpenses": 410000000, "sellingAndMarketingExpenses": 0, "sellingGeneralAndAdministrativeExpenses": 410000000, "otherExpenses": 55000000, "operatingExpenses": 484000000, "costAndExpenses": 6333000000, "interestIncome": 25000000, "interestExpense": 99000000, "depreciationAndAmortization": 262000000, "ebitda": 753000000, "ebitdaratio": 0.1112424287, "operatingIncome": 439000000, "operatingIncomeRatio": 0.0648544837, "totalOtherIncomeExpensesNet": 31000000, "incomeBeforeTax": 368000000, "incomeBeforeTaxRatio": 0.0543654897, "incomeTaxExpense": 119000000, "netIncome": 244000000, "netIncomeRatio": 0.0360466834, "eps": -0.09, "epsdiluted": -0.09, "weightedAverageShsOut": 146400000, "weightedAverageShsOutDil": 146400000, "link": "https://www.sec.gov/Archives/edgar/data/26780/000002678014000005/0000026780-14-000005-index.htm", "finalLink": "https://www.sec.gov/Archives/edgar/data/26780/000002678014000005/dan-20131231x10k.htm", "calculatedOtherExpenses": -94000000, "calculatedOperatingExpenses": 481000000, "calculatedNetInterest": -74000000, "calculatedOtherIncome": 3000000, "calculatedIncomeNonControlling": 5000000, "calculatedEbitda": 701000000}, {"date": "2012-12-31", "symbol": "DAN", "reportedCurrency": "USD", "cik": "0000026780", "fillingDate": "2013-02-21", "acceptedDate": "2013-02-21 16:16:35", "calendarYear": "2012", "period": "FY", "revenue": 7224000000, "costOfRevenue": 6250000000, "grossProfit": 974000000, "grossProfitRatio": 0.1348283499, "researchAndDevelopmentExpenses": 161000000, "generalAndAdministrativeExpenses": 424000000, "sellingAndMarketingExpenses": 0, "sellingGeneralAndAdministrativeExpenses": 424000000, "otherExpenses": 19000000, "operatingExpenses": 498000000, "costAndExpenses": 6748000000, "interestIncome": 24000000, "interestExpense": 84000000, "depreciationAndAmortization": 277000000, "ebitda": 772000000, "ebitdaratio": 0.1068660022, "operatingIncome": 484000000, "operatingIncomeRatio": 0.0669988926, "totalOtherIncomeExpensesNet": -28000000, "incomeBeforeTax": 364000000, "incomeBeforeTaxRatio": 0.0503875969, "incomeTaxExpense": 51000000, "netIncome": 300000000, "netIncomeRatio": 0.0415282392, "eps": 1.82, "epsdiluted": 1.4, "weightedAverageShsOut": 148000000, "weightedAverageShsOutDil": 214700000, "link": "https://www.sec.gov/Archives/edgar/data/26780/000114420413010507/0001144204-13-010507-index.htm", "finalLink": "https://www.sec.gov/Archives/edgar/data/26780/000114420413010507/v330347_10k.htm", "calculatedOtherExpenses": -95000000, "calculatedOperatingExpenses": 490000000, "calculatedNetInterest": -60000000, "calculatedOtherIncome": -60000000, "calculatedIncomeNonControlling": 13000000, "calculatedEbitda": 761000000}, {"date": "2011-12-31", "symbol": "DAN", "reportedCurrency": "USD", "cik": "0000026780", "fillingDate": "2012-02-23", "acceptedDate": "2012-02-23 14:55:07", "calendarYear": "2011", "period": "FY", "revenue": 7592000000, "costOfRevenue": 6697000000, "grossProfit": 895000000, "grossProfitRatio": 0.1178872497, "researchAndDevelopmentExpenses": 0, "generalAndAdministrativeExpenses": 0, "sellingAndMarketingExpenses": 0, "sellingGeneralAndAdministrativeExpenses": 409000000, "otherExpenses": 135000000, "operatingExpenses": 544000000, "costAndExpenses": 7241000000, "interestIncome": 0, "interestExpense": 79000000, "depreciationAndAmortization": 307000000, "ebitda": 774000000, "ebitdaratio": 0.1019494204, "operatingIncome": 351000000, "operatingIncomeRatio": 0.0462328767, "totalOtherIncomeExpensesNet": -92000000, "incomeBeforeTax": 296000000, "incomeBeforeTaxRatio": 0.0389884089, "incomeTaxExpense": 85000000, "netIncome": 219000000, "netIncomeRatio": 0.0288461538, "eps": 1.28, "epsdiluted": 1.02, "weightedAverageShsOut": 146600000, "weightedAverageShsOutDil": 215300000, "link": "https://www.sec.gov/Archives/edgar/data/26780/000114420412010573/0001144204-12-010573-index.htm", "finalLink": "https://www.sec.gov/Archives/edgar/data/26780/000114420412010573/v241415_10k.htm", "calculatedOtherExpenses": 135000000, "calculatedOperatingExpenses": 544000000, "calculatedNetInterest": -79000000, "calculatedOtherIncome": 24000000, "calculatedIncomeNonControlling": -8000000, "calculatedEbitda": 658000000}, {"date": "2010-12-31", "symbol": "DAN", "reportedCurrency": "USD", "cik": "0000026780", "fillingDate": "2011-02-24", "acceptedDate": "2011-02-24 17:29:45", "calendarYear": "2010", "period": "FY", "revenue": 6109000000, "costOfRevenue": 5450000000, "grossProfit": 659000000, "grossProfitRatio": 0.1078736291, "researchAndDevelopmentExpenses": 0, "generalAndAdministrativeExpenses": 0, "sellingAndMarketingExpenses": 0, "sellingGeneralAndAdministrativeExpenses": 402000000, "otherExpenses": 62000000, "operatingExpenses": 464000000, "costAndExpenses": 5914000000, "interestIncome": 0, "interestExpense": 89000000, "depreciationAndAmortization": 314000000, "ebitda": 511000000, "ebitdaratio": 0.0836470781, "operatingIncome": 195000000, "operatingIncomeRatio": 0.0319201179, "totalOtherIncomeExpensesNet": -73000000, "incomeBeforeTax": 35000000, "incomeBeforeTaxRatio": 0.0057292519, "incomeTaxExpense": 31000000, "netIncome": 10000000, "netIncomeRatio": 0.0016369291, "eps": -0.15, "epsdiluted": -0.15, "weightedAverageShsOut": 140800000, "weightedAverageShsOutDil": 140800000, "link": "https://www.sec.gov/Archives/edgar/data/26780/000114420411010809/0001144204-11-010809-index.htm", "finalLink": "https://www.sec.gov/Archives/edgar/data/26780/000114420411010809/v209951_10k.htm", "calculatedOtherExpenses": 62000000, "calculatedOperatingExpenses": 464000000, "calculatedNetInterest": -89000000, "calculatedOtherIncome": -71000000, "calculatedIncomeNonControlling": -6000000, "calculatedEbitda": 509000000}, {"date": "2009-12-31", "symbol": "DAN", "reportedCurrency": "USD", "cik": "0000026780", "fillingDate": "2010-02-24", "acceptedDate": "2010-02-24 16:09:44", "calendarYear": "2009", "period": "FY", "revenue": 5228000000, "costOfRevenue": 4985000000, "grossProfit": 243000000, "grossProfitRatio": 0.0464804897, "researchAndDevelopmentExpenses": 0, "generalAndAdministrativeExpenses": 0, "sellingAndMarketingExpenses": 0, "sellingGeneralAndAdministrativeExpenses": 313000000, "otherExpenses": 71000000, "operatingExpenses": 384000000, "costAndExpenses": 5369000000, "interestIncome": 0, "interestExpense": 139000000, "depreciationAndAmortization": 397000000, "ebitda": 260000000, "ebitdaratio": 0.0497322112, "operatingIncome": -141000000, "operatingIncomeRatio": -0.0269701607, "totalOtherIncomeExpensesNet": -178000000, "incomeBeforeTax": -454000000, "incomeBeforeTaxRatio": -0.0868400918, "incomeTaxExpense": -27000000, "netIncome": -431000000, "netIncomeRatio": -0.0824407039, "eps": -3.92, "epsdiluted": -3.92, "weightedAverageShsOut": 110000000, "weightedAverageShsOutDil": 110000000, "link": "https://www.sec.gov/Archives/edgar/data/26780/000095012310016351/0000950123-10-016351-index.htm", "finalLink": "https://www.sec.gov/Archives/edgar/data/26780/000095012310016351/l38601e10vk.htm", "calculatedOtherExpenses": 71000000, "calculatedOperatingExpenses": 384000000, "calculatedNetInterest": -139000000, "calculatedOtherIncome": -174000000, "calculatedIncomeNonControlling": 4000000, "calculatedEbitda": 256000000}, {"date": "2008-12-31", "symbol": "DAN", "reportedCurrency": "USD", "cik": "0000026780", "fillingDate": "2009-03-16", "acceptedDate": "2009-03-16 12:49:54", "calendarYear": "2008", "period": "FY", "revenue": 8095000000, "costOfRevenue": 7829000000, "grossProfit": 266000000, "grossProfitRatio": 0.03285979, "researchAndDevelopmentExpenses": 0, "generalAndAdministrativeExpenses": 0, "sellingAndMarketingExpenses": 0, "sellingGeneralAndAdministrativeExpenses": 337000000, "otherExpenses": 66000000, "operatingExpenses": 403000000, "costAndExpenses": 8232000000, "interestIncome": 52000000, "interestExpense": 150000000, "depreciationAndAmortization": 388000000, "ebitda": 57000000, "ebitdaratio": 0.0070413836, "operatingIncome": -137000000, "operatingIncomeRatio": -0.0169240272, "totalOtherIncomeExpensesNet": 823000000, "incomeBeforeTax": 351000000, "incomeBeforeTaxRatio": 0.0433600988, "incomeTaxExpense": 306000000, "netIncome": 18000000, "netIncomeRatio": 0.0022235948, "eps": -7.06, "epsdiluted": -7.06, "weightedAverageShsOut": 100000000, "weightedAverageShsOutDil": 100000000, "link": "https://www.sec.gov/Archives/edgar/data/26780/000095015209002661/0000950152-09-002661-index.htm", "finalLink": "https://www.sec.gov/Archives/edgar/data/26780/000095015209002661/l35119ae10vk.htm", "calculatedOtherExpenses": 66000000, "calculatedOperatingExpenses": 403000000, "calculatedNetInterest": -98000000, "calculatedOtherIncome": 586000000, "calculatedIncomeNonControlling": 27000000, "calculatedEbitda": 251000000}, {"date": "2007-12-31", "symbol": "DAN", "reportedCurrency": "USD", "cik": "0000026780", "fillingDate": "2008-03-14", "acceptedDate": "2008-03-14 17:22:10", "calendarYear": "2007", "period": "FY", "revenue": 8721000000, "costOfRevenue": 8231000000, "grossProfit": 490000000, "grossProfitRatio": 0.0561862172, "researchAndDevelopmentExpenses": 0, "generalAndAdministrativeExpenses": 0, "sellingAndMarketingExpenses": 0, "sellingGeneralAndAdministrativeExpenses": 365000000, "otherExpenses": 0, "operatingExpenses": 365000000, "costAndExpenses": 8596000000, "interestIncome": 0, "interestExpense": 72000000, "depreciationAndAmortization": 279000000, "ebitda": 811000000, "ebitdaratio": 0.0929939227, "operatingIncome": 125000000, "operatingIncomeRatio": 0.0143332187, "totalOtherIncomeExpensesNet": -381000000, "incomeBeforeTax": -387000000, "incomeBeforeTaxRatio": -0.044375645, "incomeTaxExpense": 62000000, "netIncome": -551000000, "netIncomeRatio": -0.0631808279, "eps": -3.67, "epsdiluted": -3.67, "weightedAverageShsOut": 150000000, "weightedAverageShsOutDil": 150000000, "link": "https://www.sec.gov/Archives/edgar/data/26780/000095015208001968/0000950152-08-001968-index.htm", "finalLink": "https://www.sec.gov/Archives/edgar/data/26780/000095015208001968/l30266ae10vk.htm", "calculatedOtherExpenses": 0, "calculatedOperatingExpenses": 365000000, "calculatedNetInterest": -72000000, "calculatedOtherIncome": -440000000, "calculatedIncomeNonControlling": 102000000, "calculatedEbitda": 404000000}, {"date": "2006-12-31", "symbol": "DAN", "reportedCurrency": "USD", "cik": "0000026780", "fillingDate": "2007-03-20", "acceptedDate": "2007-03-19 21:56:48", "calendarYear": "2006", "period": "FY", "revenue": 8504000000, "costOfRevenue": 8166000000, "grossProfit": 338000000, "grossProfitRatio": 0.0397460019, "researchAndDevelopmentExpenses": 0, "generalAndAdministrativeExpenses": 0, "sellingAndMarketingExpenses": 0, "sellingGeneralAndAdministrativeExpenses": 419000000, "otherExpenses": 0, "operatingExpenses": 419000000, "costAndExpenses": 8585000000, "interestIncome": 0, "interestExpense": 0, "depreciationAndAmortization": 375000000, "ebitda": 294000000, "ebitdaratio": 0.0345719661, "operatingIncome": -81000000, "operatingIncomeRatio": -0.0095249294, "totalOtherIncomeExpensesNet": -349000000, "incomeBeforeTax": -571000000, "incomeBeforeTaxRatio": -0.067144873, "incomeTaxExpense": 66000000, "netIncome": -739000000, "netIncomeRatio": -0.0869002822, "eps": -4.93, "epsdiluted": -4.93, "weightedAverageShsOut": 150000000, "weightedAverageShsOutDil": 150000000, "link": "https://www.sec.gov/Archives/edgar/data/26780/000095015207002289/0000950152-07-002289-index.htm", "finalLink": "https://www.sec.gov/Archives/edgar/data/26780/000095015207002289/l24221ae10vk.htm", "calculatedOtherExpenses": 0, "calculatedOperatingExpenses": 419000000, "calculatedNetInterest": 0, "calculatedOtherIncome": -490000000, "calculatedIncomeNonControlling": 102000000, "calculatedEbitda": 294000000}, {"date": "2005-12-31", "symbol": "DAN", "reportedCurrency": "USD", "cik": "0000026780", "fillingDate": "2006-04-27", "acceptedDate": "2006-04-27 16:30:54", "calendarYear": "2005", "period": "FY", "revenue": 8611000000, "costOfRevenue": 8205000000, "grossProfit": 406000000, "grossProfitRatio": 0.0471489955, "researchAndDevelopmentExpenses": 0, "generalAndAdministrativeExpenses": 0, "sellingAndMarketingExpenses": 0, "sellingGeneralAndAdministrativeExpenses": 500000000, "otherExpenses": 53000000, "operatingExpenses": 553000000, "costAndExpenses": 8758000000, "interestIncome": 0, "interestExpense": 0, "depreciationAndAmortization": 310000000, "ebitda": 148000000, "ebitdaratio": 0.0171873185, "operatingIncome": -147000000, "operatingIncomeRatio": -0.017071188, "totalOtherIncomeExpensesNet": 15000000, "incomeBeforeTax": -285000000, "incomeBeforeTaxRatio": -0.0330972013, "incomeTaxExpense": 924000000, "netIncome": -1605000000, "netIncomeRatio": -0.1863895018, "eps": -10.7, "epsdiluted": -10.63, "weightedAverageShsOut": 150000000, "weightedAverageShsOutDil": 151000000, "link": "https://www.sec.gov/Archives/edgar/data/26780/000095015206003614/0000950152-06-003614-index.htm", "finalLink": "https://www.sec.gov/Archives/edgar/data/26780/000095015206003614/l17856be10vk.htm", "calculatedOtherExpenses": 53000000, "calculatedOperatingExpenses": 553000000, "calculatedNetInterest": 0, "calculatedOtherIncome": -138000000, "calculatedIncomeNonControlling": 396000000, "calculatedEbitda": 163000000}, {"date": "2004-12-31", "symbol": "DAN", "reportedCurrency": "USD", "cik": "0000026780", "fillingDate": "2005-03-09", "acceptedDate": "2005-03-09 17:07:53", "calendarYear": "2004", "period": "FY", "revenue": 9056000000, "costOfRevenue": 8333000000, "grossProfit": 723000000, "grossProfitRatio": 0.0798365724, "researchAndDevelopmentExpenses": 0, "generalAndAdministrativeExpenses": 0, "sellingAndMarketingExpenses": 0, "sellingGeneralAndAdministrativeExpenses": 504000000, "otherExpenses": 0, "operatingExpenses": 504000000, "costAndExpenses": 8837000000, "interestIncome": 0, "interestExpense": 217000000, "depreciationAndAmortization": 361000000, "ebitda": 740000000, "ebitdaratio": 0.0817137809, "operatingIncome": 219000000, "operatingIncomeRatio": 0.0241828622, "totalOtherIncomeExpensesNet": -160000000, "incomeBeforeTax": -136000000, "incomeBeforeTaxRatio": -0.0150176678, "incomeTaxExpense": -196000000, "netIncome": 82000000, "netIncomeRatio": 0.0090547703, "eps": 0.41, "epsdiluted": 0.41, "weightedAverageShsOut": 149000000, "weightedAverageShsOutDil": 151000000, "link": "https://www.sec.gov/Archives/edgar/data/26780/000095015205001912/0000950152-05-001912-index.htm", "finalLink": "https://www.sec.gov/Archives/edgar/data/26780/000095015205001912/l11933ae10vk.htm", "calculatedOtherExpenses": 0, "calculatedOperatingExpenses": 504000000, "calculatedNetInterest": -217000000, "calculatedOtherIncome": -138000000, "calculatedIncomeNonControlling": -22000000, "calculatedEbitda": 580000000}, {"date": "2003-12-31", "symbol": "DAN", "reportedCurrency": "USD", "cik": "0000026780", "fillingDate": "2004-02-25", "acceptedDate": "2004-02-25 17:29:25", "calendarYear": "2003", "period": "FY", "revenue": 7918000000, "costOfRevenue": 7245000000, "grossProfit": 673000000, "grossProfitRatio": 0.0849962112, "researchAndDevelopmentExpenses": 0, "generalAndAdministrativeExpenses": 0, "sellingAndMarketingExpenses": 0, "sellingGeneralAndAdministrativeExpenses": 520000000, "otherExpenses": 0, "operatingExpenses": 520000000, "costAndExpenses": 7765000000, "interestIncome": 0, "interestExpense": 0, "depreciationAndAmortization": 394000000, "ebitda": 444000000, "ebitdaratio": 0.0560747664, "operatingIncome": 153000000, "operatingIncomeRatio": 0.0193230614, "totalOtherIncomeExpensesNet": 103000000, "incomeBeforeTax": 81000000, "incomeBeforeTaxRatio": 0.010229856, "incomeTaxExpense": -49000000, "netIncome": 222000000, "netIncomeRatio": 0.0280373832, "eps": 1.54, "epsdiluted": 1.53, "weightedAverageShsOut": 148000000, "weightedAverageShsOutDil": 149000000, "link": "https://www.sec.gov/Archives/edgar/data/26780/000095015204001384/0000950152-04-001384-index.htm", "finalLink": "https://www.sec.gov/Archives/edgar/data/26780/000095015204001384/l05571ae10vk.htm", "calculatedOtherExpenses": 0, "calculatedOperatingExpenses": 520000000, "calculatedNetInterest": 0, "calculatedOtherIncome": -72000000, "calculatedIncomeNonControlling": -92000000, "calculatedEbitda": 547000000}, {"date": "2002-12-31", "symbol": "DAN", "reportedCurrency": "USD", "cik": "0000026780", "fillingDate": "2003-02-25", "acceptedDate": "2003-02-24 18:49:32", "calendarYear": "2002", "period": "FY", "revenue": 9504000000, "costOfRevenue": 8426000000, "grossProfit": 1078000000, "grossProfitRatio": 0.1134259259, "researchAndDevelopmentExpenses": 0, "generalAndAdministrativeExpenses": 0, "sellingAndMarketingExpenses": 0, "sellingGeneralAndAdministrativeExpenses": 823000000, "otherExpenses": 0, "operatingExpenses": 823000000, "costAndExpenses": 9249000000, "interestIncome": 0, "interestExpense": 0, "depreciationAndAmortization": 478000000, "ebitda": 822000000, "ebitdaratio": 0.086489899, "operatingIncome": 255000000, "operatingIncomeRatio": 0.0268308081, "totalOtherIncomeExpensesNet": -89000000, "incomeBeforeTax": -9000000, "incomeBeforeTaxRatio": -0.0009469697, "incomeTaxExpense": -27000000, "netIncome": -182000000, "netIncomeRatio": -0.0191498316, "eps": -1.23, "epsdiluted": -1.22, "weightedAverageShsOut": 148000000, "weightedAverageShsOutDil": 149000000, "link": "https://www.sec.gov/Archives/edgar/data/26780/000095015203002163/0000950152-03-002163-index.htm", "finalLink": "https://www.sec.gov/Archives/edgar/data/26780/000095015203002163/l99096ae10vk.htm", "calculatedOtherExpenses": 0, "calculatedOperatingExpenses": 823000000, "calculatedNetInterest": 0, "calculatedOtherIncome": -264000000, "calculatedIncomeNonControlling": 200000000, "calculatedEbitda": 733000000}, {"date": "2001-12-31", "symbol": "DAN", "reportedCurrency": "USD", "cik": "0000026780", "fillingDate": "2002-02-26", "acceptedDate": "2002-02-26 00:00:00", "calendarYear": "2001", "period": "FY", "revenue": 10271000000, "costOfRevenue": 9268000000, "grossProfit": 1003000000, "grossProfitRatio": 0.0976535878, "researchAndDevelopmentExpenses": 0, "generalAndAdministrativeExpenses": 0, "sellingAndMarketingExpenses": 0, "sellingGeneralAndAdministrativeExpenses": 985000000, "otherExpenses": 0, "operatingExpenses": 985000000, "costAndExpenses": 10253000000, "interestIncome": 0, "interestExpense": 0, "depreciationAndAmortization": 548000000, "ebitda": 873000000, "ebitdaratio": 0.0849965923, "operatingIncome": 18000000, "operatingIncomeRatio": 0.0017525071, "totalOtherIncomeExpensesNet": -307000000, "incomeBeforeTax": -483000000, "incomeBeforeTaxRatio": -0.0470256061, "incomeTaxExpense": -161000000, "netIncome": -298000000, "netIncomeRatio": -0.029013728, "eps": -2.01, "epsdiluted": -2.01, "weightedAverageShsOut": 148000000, "weightedAverageShsOutDil": 148000000, "link": "https://www.sec.gov/Archives/edgar/data/26780/000095012302001898/0000950123-02-001898-index.htm", "finalLink": "https://www.sec.gov/Archives/edgar/data/26780/000095012302001898/l92855e10-k.htm", "calculatedOtherExpenses": 0, "calculatedOperatingExpenses": 985000000, "calculatedNetInterest": 0, "calculatedOtherIncome": -501000000, "calculatedIncomeNonControlling": -24000000, "calculatedEbitda": 566000000}, {"date": "2000-12-31", "symbol": "DAN", "reportedCurrency": "USD", "cik": "0000026780", "fillingDate": "2001-03-01", "acceptedDate": "2001-03-01 00:00:00", "calendarYear": "2000", "period": "FY", "revenue": 12317000000, "costOfRevenue": 10599000000, "grossProfit": 1718000000, "grossProfitRatio": 0.1394820167, "researchAndDevelopmentExpenses": 0, "generalAndAdministrativeExpenses": 0, "sellingAndMarketingExpenses": 0, "sellingGeneralAndAdministrativeExpenses": 1132000000, "otherExpenses": 0, "operatingExpenses": 1132000000, "costAndExpenses": 11731000000, "interestIncome": 0, "interestExpense": 0, "depreciationAndAmortization": 523000000, "ebitda": 1051000000, "ebitdaratio": 0.0853292198, "operatingIncome": 586000000, "operatingIncomeRatio": 0.0475765203, "totalOtherIncomeExpensesNet": 58000000, "incomeBeforeTax": 464000000, "incomeBeforeTaxRatio": 0.0376715109, "incomeTaxExpense": 171000000, "netIncome": 334000000, "netIncomeRatio": 0.0271169928, "eps": 2.2, "epsdiluted": 2.18, "weightedAverageShsOut": 152000000, "weightedAverageShsOutDil": 153000000, "link": "https://www.sec.gov/Archives/edgar/data/26780/000095015201500070/0000950152-01-500070-index.htm", "finalLink": "https://www.sec.gov/Archives/edgar/data/26780/000095015201500070/l86729ae10-k.htm", "calculatedOtherExpenses": 0, "calculatedOperatingExpenses": 1132000000, "calculatedNetInterest": 0, "calculatedOtherIncome": -122000000, "calculatedIncomeNonControlling": -41000000, "calculatedEbitda": 1109000000}, {"date": "1999-12-31", "symbol": "DAN", "reportedCurrency": "USD", "cik": "0000026780", "fillingDate": "2000-03-14", "acceptedDate": "2000-03-14 00:00:00", "calendarYear": "1999", "period": "FY", "revenue": 13270000000, "costOfRevenue": 10964000000, "grossProfit": 2306000000, "grossProfitRatio": 0.1737754333, "researchAndDevelopmentExpenses": 0, "generalAndAdministrativeExpenses": 0, "sellingAndMarketingExpenses": 0, "sellingGeneralAndAdministrativeExpenses": 1192000000, "otherExpenses": 0, "operatingExpenses": 1192000000, "costAndExpenses": 12156000000, "interestIncome": 0, "interestExpense": 0, "depreciationAndAmortization": 519000000, "ebitda": 1731000000, "ebitdaratio": 0.1304446119, "operatingIncome": 1114000000, "operatingIncomeRatio": 0.0839487566, "totalOtherIncomeExpensesNet": -98000000, "incomeBeforeTax": 737000000, "incomeBeforeTaxRatio": 0.0555388093, "incomeTaxExpense": 251000000, "netIncome": 513000000, "netIncomeRatio": 0.0386586285, "eps": 3.1, "epsdiluted": 3.08, "weightedAverageShsOut": 165000000, "weightedAverageShsOutDil": 166000000, "link": "https://www.sec.gov/Archives/edgar/data/26780/000095015200001671/0000950152-00-001671-index.html", "finalLink": "https://www.sec.gov/Archives/edgar/data/26780/000095015200001671/0000950152-00-001671-d1.html", "calculatedOtherExpenses": 0, "calculatedOperatingExpenses": 1192000000, "calculatedNetInterest": 0, "calculatedOtherIncome": -377000000, "calculatedIncomeNonControlling": -27000000, "calculatedEbitda": 1633000000}, {"date": "1998-12-31", "symbol": "DAN", "reportedCurrency": "USD", "cik": "0000026780", "fillingDate": "1999-02-24", "acceptedDate": "1999-02-24 00:00:00", "calendarYear": "1998", "period": "FY", "revenue": 12463600000, "costOfRevenue": 10449100000, "grossProfit": 2014500000, "grossProfitRatio": 0.1616306685, "researchAndDevelopmentExpenses": 0, "generalAndAdministrativeExpenses": 0, "sellingAndMarketingExpenses": 0, "sellingGeneralAndAdministrativeExpenses": 1122500000, "otherExpenses": 0, "operatingExpenses": 1122500000, "costAndExpenses": 11571600000, "interestIncome": 0, "interestExpense": 0, "depreciationAndAmortization": 487700000, "ebitda": 1344800000, "ebitdaratio": 0.1078981996, "operatingIncome": 892000000, "operatingIncomeRatio": 0.0715684072, "totalOtherIncomeExpensesNet": 34900000, "incomeBeforeTax": 820200000, "incomeBeforeTaxRatio": 0.0658076318, "incomeTaxExpense": 315600000, "netIncome": 534100000, "netIncomeRatio": 0.0428527873, "eps": 3.24, "epsdiluted": 3.2, "weightedAverageShsOut": 165000000, "weightedAverageShsOutDil": 167000000, "link": "https://www.sec.gov/Archives/edgar/data/26780/000095015299001305/0000950152-99-001305-index.html", "finalLink": "https://www.sec.gov/Archives/edgar/data/26780/", "calculatedOtherExpenses": 0, "calculatedOperatingExpenses": 1122500000, "calculatedNetInterest": 0, "calculatedOtherIncome": -71800000, "calculatedIncomeNonControlling": -29500000, "calculatedEbitda": 1379700000}, {"date": "1997-12-31", "symbol": "DAN", "reportedCurrency": "USD", "cik": "0000026780", "fillingDate": "1998-02-27", "acceptedDate": "1998-02-27 00:00:00", "calendarYear": "1997", "period": "FY", "revenue": 8290800000, "costOfRevenue": 7180400000, "grossProfit": 1110400000, "grossProfitRatio": 0.1339315868, "researchAndDevelopmentExpenses": 0, "generalAndAdministrativeExpenses": 0, "sellingAndMarketingExpenses": 0, "sellingGeneralAndAdministrativeExpenses": 739700000, "otherExpenses": 0, "operatingExpenses": 739700000, "costAndExpenses": 7920100000, "interestIncome": 0, "interestExpense": 0, "depreciationAndAmortization": 334500000, "ebitda": 705200000, "ebitdaratio": 0.0850581367, "operatingIncome": 370700000, "operatingIncomeRatio": 0.0447122111, "totalOtherIncomeExpensesNet": 283400000, "incomeBeforeTax": 654100000, "incomeBeforeTaxRatio": 0.0788946784, "incomeTaxExpense": 293600000, "netIncome": 369100000, "netIncomeRatio": 0.0445192261, "eps": 1.97, "epsdiluted": 1.94, "weightedAverageShsOut": 162436548, "weightedAverageShsOutDil": 164948454, "link": "https://www.sec.gov/Archives/edgar/data/26780/000095015298001593/0000950152-98-001593-index.html", "finalLink": "https://www.sec.gov/Archives/edgar/data/26780/", "calculatedOtherExpenses": 0, "calculatedOperatingExpenses": 739700000, "calculatedNetInterest": 0, "calculatedOtherIncome": 283400000, "calculatedIncomeNonControlling": -8600000, "calculatedEbitda": 705200000}, {"date": "1996-12-31", "symbol": "DAN", "reportedCurrency": "USD", "cik": "0000026780", "fillingDate": "1997-03-06", "acceptedDate": "1997-03-06 00:00:00", "calendarYear": "1996", "period": "FY", "revenue": 7686300000, "costOfRevenue": 6525200000, "grossProfit": 1161100000, "grossProfitRatio": 0.1510609786, "researchAndDevelopmentExpenses": 0, "generalAndAdministrativeExpenses": 0, "sellingAndMarketingExpenses": 0, "sellingGeneralAndAdministrativeExpenses": 714800000, "otherExpenses": 0, "operatingExpenses": 714800000, "costAndExpenses": 7240000000, "interestIncome": 0, "interestExpense": 0, "depreciationAndAmortization": 278400000, "ebitda": 724700000, "ebitdaratio": 0.0942846363, "operatingIncome": 446300000, "operatingIncomeRatio": 0.0580643483, "totalOtherIncomeExpensesNet": 45400000, "incomeBeforeTax": 491700000, "incomeBeforeTaxRatio": 0.0639709613, "incomeTaxExpense": 166300000, "netIncome": 306000000, "netIncomeRatio": 0.0398110925, "eps": 2.83, "epsdiluted": 2.81, "weightedAverageShsOut": 159328622, "weightedAverageShsOutDil": 160462633, "link": "https://www.sec.gov/Archives/edgar/data/26780/000095015297001669/0000950152-97-001669-index.html", "finalLink": "https://www.sec.gov/Archives/edgar/data/26780/", "calculatedOtherExpenses": 0, "calculatedOperatingExpenses": 714800000, "calculatedNetInterest": 0, "calculatedOtherIncome": 45400000, "calculatedIncomeNonControlling": 19400000, "calculatedEbitda": 724700000}, {"date": "1995-12-31", "symbol": "DAN", "reportedCurrency": "USD", "cik": "0000026780", "fillingDate": "1996-03-05", "acceptedDate": "1996-03-05 00:00:00", "calendarYear": "1995", "period": "FY", "revenue": 7794500000, "costOfRevenue": 6449700000, "grossProfit": 1344800000, "grossProfitRatio": 0.1725319135, "researchAndDevelopmentExpenses": 0, "generalAndAdministrativeExpenses": 0, "sellingAndMarketingExpenses": 0, "sellingGeneralAndAdministrativeExpenses": 685200000, "otherExpenses": 0, "operatingExpenses": 685200000, "costAndExpenses": 7134900000, "interestIncome": 0, "interestExpense": 0, "depreciationAndAmortization": 245800000, "ebitda": 905400000, "ebitdaratio": 0.1161588299, "operatingIncome": 659600000, "operatingIncomeRatio": 0.0846237732, "totalOtherIncomeExpensesNet": -146400000, "incomeBeforeTax": 513200000, "incomeBeforeTaxRatio": 0.0658412984, "incomeTaxExpense": 181200000, "netIncome": 288100000, "netIncomeRatio": 0.0369619604, "eps": 2.84, "epsdiluted": 2.84, "weightedAverageShsOut": 101300000, "weightedAverageShsOutDil": 101300000, "link": "https://www.sec.gov/Archives/edgar/data/26780/000095015296000796/0000950152-96-000796-index.html", "finalLink": "https://www.sec.gov/Archives/edgar/data/26780/", "calculatedOtherExpenses": 0, "calculatedOperatingExpenses": 685200000, "calculatedNetInterest": 0, "calculatedOtherIncome": -146400000, "calculatedIncomeNonControlling": 43900000, "calculatedEbitda": 905400000}, {"date": "1994-12-31", "symbol": "DAN", "reportedCurrency": "USD", "cik": "0000026780", "fillingDate": "1995-03-10", "acceptedDate": "1995-03-10 00:00:00", "calendarYear": "1994", "period": "FY", "revenue": 6740500000, "costOfRevenue": 5624000000, "grossProfit": 1116500000, "grossProfitRatio": 0.1656405311, "researchAndDevelopmentExpenses": 0, "generalAndAdministrativeExpenses": 0, "sellingAndMarketingExpenses": 0, "sellingGeneralAndAdministrativeExpenses": 611500000, "otherExpenses": 0, "operatingExpenses": 611500000, "costAndExpenses": 6235500000, "interestIncome": 0, "interestExpense": 0, "depreciationAndAmortization": 210600000, "ebitda": 715600000, "ebitdaratio": 0.1061642311, "operatingIncome": 505000000, "operatingIncomeRatio": 0.0749202581, "totalOtherIncomeExpensesNet": -113400000, "incomeBeforeTax": 391600000, "incomeBeforeTaxRatio": 0.0580965804, "incomeTaxExpense": 157400000, "netIncome": 228200000, "netIncomeRatio": 0.0338550553, "eps": 2.31, "epsdiluted": 2.31, "weightedAverageShsOut": 98787879, "weightedAverageShsOutDil": 98787879, "link": "https://www.sec.gov/Archives/edgar/data/26780/000095015295000310/0000950152-95-000310-index.html", "finalLink": "https://www.sec.gov/Archives/edgar/data/26780/", "calculatedOtherExpenses": 0, "calculatedOperatingExpenses": 611500000, "calculatedNetInterest": 0, "calculatedOtherIncome": -113400000, "calculatedIncomeNonControlling": 6000000, "calculatedEbitda": 715600000}, {"date": "1993-12-31", "symbol": "DAN", "reportedCurrency": "USD", "cik": "0000026780", "fillingDate": "1994-03-14", "acceptedDate": "1994-03-14 00:00:00", "calendarYear": "1993", "period": "FY", "revenue": 5460100000, "costOfRevenue": 4440300000, "grossProfit": 1019800000, "grossProfitRatio": 0.186773136, "researchAndDevelopmentExpenses": 0, "generalAndAdministrativeExpenses": 0, "sellingAndMarketingExpenses": 0, "sellingGeneralAndAdministrativeExpenses": 562100000, "otherExpenses": 195700000, "operatingExpenses": 757800000, "costAndExpenses": 5198100000, "interestIncome": 0, "interestExpense": 0, "depreciationAndAmortization": -195700000, "ebitda": 338100000, "ebitdaratio": 0.0619219428, "operatingIncome": 262000000, "operatingIncomeRatio": 0.0479844691, "totalOtherIncomeExpensesNet": 119600000, "incomeBeforeTax": 218100000, "incomeBeforeTaxRatio": 0.0399443234, "incomeTaxExpense": 89600000, "netIncome": 79600000, "netIncomeRatio": 0.0145784876, "eps": 0.86, "epsdiluted": 0.86, "weightedAverageShsOut": 92558140, "weightedAverageShsOutDil": 92558140, "link": "https://www.sec.gov/Archives/edgar/data/26780/000095015294000258/0000950152-94-000258-index.html", "finalLink": "https://www.sec.gov/Archives/edgar/data/26780/", "calculatedOtherExpenses": 195700000, "calculatedOperatingExpenses": 757800000, "calculatedNetInterest": 0, "calculatedOtherIncome": -43900000, "calculatedIncomeNonControlling": 48900000, "calculatedEbitda": 66300000}, {"date": "1992-12-31", "symbol": "DAN", "reportedCurrency": "USD", "cik": "0000026780", "fillingDate": "1992-12-31", "acceptedDate": "1992-12-30 19:00:00", "calendarYear": "1992", "period": "FY", "revenue": 4872300000, "costOfRevenue": 4043700000, "grossProfit": 828600000, "grossProfitRatio": 0.1700634197, "researchAndDevelopmentExpenses": 0, "generalAndAdministrativeExpenses": 0, "sellingAndMarketingExpenses": 0, "sellingGeneralAndAdministrativeExpenses": 581500000, "otherExpenses": 191600000, "operatingExpenses": 773100000, "costAndExpenses": 4816800000, "interestIncome": 0, "interestExpense": 0, "depreciationAndAmortization": -191600000, "ebitda": 76900000, "ebitdaratio": 0.0157831004, "operatingIncome": 55500000, "operatingIncomeRatio": 0.0113909242, "totalOtherIncomeExpensesNet": 170200000, "incomeBeforeTax": 41000000, "incomeBeforeTaxRatio": 0.008414917, "incomeTaxExpense": -2100000, "netIncome": -382000000, "netIncomeRatio": -0.0784023972, "eps": -4.35, "epsdiluted": -4.35, "weightedAverageShsOut": 87816092, "weightedAverageShsOutDil": 87816092, "link": "", "finalLink": "", "calculatedOtherExpenses": 191600000, "calculatedOperatingExpenses": 773100000, "calculatedNetInterest": 0, "calculatedOtherIncome": -14500000, "calculatedIncomeNonControlling": 425100000, "calculatedEbitda": -136100000}, {"date": "1991-12-31", "symbol": "DAN", "reportedCurrency": "USD", "cik": "0000026780", "fillingDate": "1991-12-31", "acceptedDate": "1991-12-30 19:00:00", "calendarYear": "1991", "period": "FY", "revenue": 4398200000, "costOfRevenue": 3649300000, "grossProfit": 748900000, "grossProfitRatio": 0.1702742031, "researchAndDevelopmentExpenses": 0, "generalAndAdministrativeExpenses": 0, "sellingAndMarketingExpenses": 0, "sellingGeneralAndAdministrativeExpenses": 570000000, "otherExpenses": 192600000, "operatingExpenses": 762600000, "costAndExpenses": 4411900000, "interestIncome": 0, "interestExpense": 0, "depreciationAndAmortization": -192600000, "ebitda": -35300000, "ebitdaratio": -0.0080260106, "operatingIncome": -13700000, "operatingIncomeRatio": -0.0031149106, "totalOtherIncomeExpensesNet": 214200000, "incomeBeforeTax": -3700000, "incomeBeforeTaxRatio": -0.0008412532, "incomeTaxExpense": -17200000, "netIncome": 13500000, "netIncomeRatio": 0.0030694375, "eps": 0.17, "epsdiluted": 0.17, "weightedAverageShsOut": 79411765, "weightedAverageShsOutDil": 79411765, "link": "", "finalLink": "", "calculatedOtherExpenses": 192600000, "calculatedOperatingExpenses": 762600000, "calculatedNetInterest": 0, "calculatedOtherIncome": 10000000, "calculatedIncomeNonControlling": 0, "calculatedEbitda": -206300000}, {"date": "1990-12-31", "symbol": "DAN", "reportedCurrency": "USD", "cik": "0000026780", "fillingDate": "1990-12-31", "acceptedDate": "1990-12-30 19:00:00", "calendarYear": "1990", "period": "FY", "revenue": 4951900000, "costOfRevenue": 3927700000, "grossProfit": 1024200000, "grossProfitRatio": 0.2068297017, "researchAndDevelopmentExpenses": 0, "generalAndAdministrativeExpenses": 0, "sellingAndMarketingExpenses": 0, "sellingGeneralAndAdministrativeExpenses": 646600000, "otherExpenses": 193600000, "operatingExpenses": 840200000, "costAndExpenses": 4767900000, "interestIncome": 0, "interestExpense": 0, "depreciationAndAmortization": -193600000, "ebitda": 108800000, "ebitdaratio": 0.0219713645, "operatingIncome": 184000000, "operatingIncomeRatio": 0.0371574547, "totalOtherIncomeExpensesNet": 268800000, "incomeBeforeTax": 163400000, "incomeBeforeTaxRatio": 0.0329974353, "incomeTaxExpense": 87800000, "netIncome": 75600000, "netIncomeRatio": 0.0152668673, "eps": 0.92, "epsdiluted": 0.91, "weightedAverageShsOut": 82173913, "weightedAverageShsOutDil": 83076923, "link": "", "finalLink": "", "calculatedOtherExpenses": 193600000, "calculatedOperatingExpenses": 840200000, "calculatedNetInterest": 0, "calculatedOtherIncome": -20600000, "calculatedIncomeNonControlling": 0, "calculatedEbitda": -9600000}, {"date": "1989-12-31", "symbol": "DAN", "reportedCurrency": "USD", "cik": "0000026780", "fillingDate": "1989-12-31", "acceptedDate": "1989-12-30 19:00:00", "calendarYear": "1989", "period": "FY", "revenue": 4865100000, "costOfRevenue": 3931900000, "grossProfit": 933200000, "grossProfitRatio": 0.1918151734, "researchAndDevelopmentExpenses": 0, "generalAndAdministrativeExpenses": 0, "sellingAndMarketingExpenses": 0, "sellingGeneralAndAdministrativeExpenses": 546600000, "otherExpenses": 168900000, "operatingExpenses": 715500000, "costAndExpenses": 4647400000, "interestIncome": 0, "interestExpense": 0, "depreciationAndAmortization": -168900000, "ebitda": 103400000, "ebitdaratio": 0.0212534172, "operatingIncome": 217700000, "operatingIncomeRatio": 0.0447472817, "totalOtherIncomeExpensesNet": 283200000, "incomeBeforeTax": 222600000, "incomeBeforeTaxRatio": 0.0457544552, "incomeTaxExpense": 90500000, "netIncome": 132100000, "netIncomeRatio": 0.0271525765, "eps": 1.62, "epsdiluted": 1.55, "weightedAverageShsOut": 81543210, "weightedAverageShsOutDil": 85225806, "link": "", "finalLink": "", "calculatedOtherExpenses": 168900000, "calculatedOperatingExpenses": 715500000, "calculatedNetInterest": 0, "calculatedOtherIncome": 4900000, "calculatedIncomeNonControlling": 0, "calculatedEbitda": 48800000}, {"date": "1988-12-31", "symbol": "DAN", "reportedCurrency": "USD", "cik": "0000026780", "fillingDate": "1988-12-31", "acceptedDate": "1988-12-30 19:00:00", "calendarYear": "1988", "period": "FY", "revenue": 5221800000, "costOfRevenue": 0, "grossProfit": 5221800000, "grossProfitRatio": 1, "researchAndDevelopmentExpenses": 0, "generalAndAdministrativeExpenses": 0, "sellingAndMarketingExpenses": 0, "sellingGeneralAndAdministrativeExpenses": 0, "otherExpenses": 4710700000, "operatingExpenses": 4710700000, "costAndExpenses": 4710700000, "interestIncome": 0, "interestExpense": 0, "depreciationAndAmortization": 0, "ebitda": 511100000, "ebitdaratio": 0.0978781263, "operatingIncome": 511100000, "operatingIncomeRatio": 0.0978781263, "totalOtherIncomeExpensesNet": -251800000, "incomeBeforeTax": 259300000, "incomeBeforeTaxRatio": 0.0496572063, "incomeTaxExpense": 97100000, "netIncome": 162200000, "netIncomeRatio": 0.0310620859, "eps": 2, "epsdiluted": 1.9, "weightedAverageShsOut": 81100000, "weightedAverageShsOutDil": 85368421, "link": "", "finalLink": "", "calculatedOtherExpenses": 4710700000, "calculatedOperatingExpenses": 4710700000, "calculatedNetInterest": 0, "calculatedOtherIncome": -251800000, "calculatedIncomeNonControlling": 0, "calculatedEbitda": 511100000}, {"date": "1987-12-31", "symbol": "DAN", "reportedCurrency": "USD", "cik": "0000026780", "fillingDate": "1987-12-31", "acceptedDate": "1987-12-30 19:00:00", "calendarYear": "1987", "period": "FY", "revenue": 4142100000, "costOfRevenue": 3345400000, "grossProfit": 796700000, "grossProfitRatio": 0.1923420487, "researchAndDevelopmentExpenses": 0, "generalAndAdministrativeExpenses": 0, "sellingAndMarketingExpenses": 0, "sellingGeneralAndAdministrativeExpenses": 355700000, "otherExpenses": 104800000, "operatingExpenses": 460500000, "costAndExpenses": 3805900000, "interestIncome": 0, "interestExpense": 0, "depreciationAndAmortization": 104800000, "ebitda": 444600000, "ebitdaratio": 0.1073368581, "operatingIncome": 336200000, "operatingIncomeRatio": 0.081166558, "totalOtherIncomeExpensesNet": -3600000, "incomeBeforeTax": 228200000, "incomeBeforeTaxRatio": 0.0550928273, "incomeTaxExpense": 87600000, "netIncome": 140600000, "netIncomeRatio": 0.0339441346, "eps": 1.61, "epsdiluted": 1.61, "weightedAverageShsOut": 87329193, "weightedAverageShsOutDil": 87329193, "link": "", "finalLink": "", "calculatedOtherExpenses": 104800000, "calculatedOperatingExpenses": 460500000, "calculatedNetInterest": 0, "calculatedOtherIncome": -108000000, "calculatedIncomeNonControlling": 0, "calculatedEbitda": 441000000}, {"date": "1986-12-31", "symbol": "DAN", "reportedCurrency": "USD", "cik": "0000026780", "fillingDate": "1986-12-31", "acceptedDate": "1986-12-30 19:00:00", "calendarYear": "1986", "period": "FY", "revenue": 3695100000, "costOfRevenue": 2936900000, "grossProfit": 758200000, "grossProfitRatio": 0.2051906579, "researchAndDevelopmentExpenses": 0, "generalAndAdministrativeExpenses": 0, "sellingAndMarketingExpenses": 0, "sellingGeneralAndAdministrativeExpenses": 361600000, "otherExpenses": 103900000, "operatingExpenses": 465500000, "costAndExpenses": 3402400000, "interestIncome": 0, "interestExpense": 0, "depreciationAndAmortization": 103900000, "ebitda": 434600000, "ebitdaratio": 0.1176152202, "operatingIncome": 292700000, "operatingIncomeRatio": 0.0792130118, "totalOtherIncomeExpensesNet": -38000000, "incomeBeforeTax": 181900000, "incomeBeforeTaxRatio": 0.0492273551, "incomeTaxExpense": 96000000, "netIncome": 85900000, "netIncomeRatio": 0.0232470028, "eps": 0.84, "epsdiluted": 0.84, "weightedAverageShsOut": 102261905, "weightedAverageShsOutDil": 102261905, "link": "", "finalLink": "", "calculatedOtherExpenses": 103900000, "calculatedOperatingExpenses": 465500000, "calculatedNetInterest": 0, "calculatedOtherIncome": -110800000, "calculatedIncomeNonControlling": 0, "calculatedEbitda": 396600000}, {"date": "1985-12-31", "symbol": "DAN", "reportedCurrency": "USD", "cik": "0000026780", "fillingDate": "1985-12-31", "acceptedDate": "1985-12-30 19:00:00", "calendarYear": "1985", "period": "FY", "revenue": 3754400000, "costOfRevenue": 2960800000, "grossProfit": 793600000, "grossProfitRatio": 0.2113786491, "researchAndDevelopmentExpenses": 0, "generalAndAdministrativeExpenses": 0, "sellingAndMarketingExpenses": 0, "sellingGeneralAndAdministrativeExpenses": 326700000, "otherExpenses": 93100000, "operatingExpenses": 419800000, "costAndExpenses": 3380600000, "interestIncome": 0, "interestExpense": 0, "depreciationAndAmortization": 93100000, "ebitda": 444000000, "ebitdaratio": 0.1182612401, "operatingIncome": 373800000, "operatingIncomeRatio": 0.0995631792, "totalOtherIncomeExpensesNet": 22900000, "incomeBeforeTax": 334400000, "incomeBeforeTaxRatio": 0.0890688259, "incomeTaxExpense": 169300000, "netIncome": 165100000, "netIncomeRatio": 0.0439750693, "eps": 1.48, "epsdiluted": 1.48, "weightedAverageShsOut": 111554054, "weightedAverageShsOutDil": 111554054, "link": "", "finalLink": "", "calculatedOtherExpenses": 93100000, "calculatedOperatingExpenses": 419800000, "calculatedNetInterest": 0, "calculatedOtherIncome": -39400000, "calculatedIncomeNonControlling": 0, "calculatedEbitda": 466900000}]}