{"originalCurrency": "USD", "convertedCurrency": "USD", "report": [{"date": "2023-12-30", "symbol": "DAR", "reportedCurrency": "USD", "cik": "0000916540", "fillingDate": "2024-02-28", "acceptedDate": "2024-02-28 15:18:14", "calendarYear": "2023", "period": "FY", "revenue": 6752524000, "costOfRevenue": 5646917000, "grossProfit": 1105607000, "grossProfitRatio": 0.1637324058, "researchAndDevelopmentExpenses": 0, "generalAndAdministrativeExpenses": 0, "sellingAndMarketingExpenses": 0, "sellingGeneralAndAdministrativeExpenses": 549594000, "otherExpenses": 16310000, "operatingExpenses": 549594000, "costAndExpenses": 6196511000, "interestIncome": 0, "interestExpense": 259223000, "depreciationAndAmortization": 502015000, "ebitda": 1058028000, "ebitdaratio": 0.1566862998, "operatingIncome": 556013000, "operatingIncomeRatio": 0.0823415067, "totalOtherIncomeExpensesNet": 163944000, "incomeBeforeTax": 719957000, "incomeBeforeTaxRatio": 0.1066204282, "incomeTaxExpense": 59568000, "netIncome": 647726000, "netIncomeRatio": 0.0959235391, "eps": 4.05, "epsdiluted": 3.99, "weightedAverageShsOut": 159861000, "weightedAverageShsOutDil": 162387000, "link": "https://www.sec.gov/Archives/edgar/data/916540/000091654024000009/0000916540-24-000009-index.htm", "finalLink": "https://www.sec.gov/Archives/edgar/data/916540/000091654024000009/dar-20231230.htm", "calculatedOtherExpenses": 0, "calculatedOperatingExpenses": 549594000, "calculatedNetInterest": -259223000, "calculatedOtherIncome": 423167000, "calculatedIncomeNonControlling": 12663000, "calculatedEbitda": 1058028000}, {"date": "2022-12-31", "symbol": "DAR", "reportedCurrency": "USD", "cik": "0000916540", "fillingDate": "2023-02-27", "acceptedDate": "2023-02-27 17:08:13", "calendarYear": "2022", "period": "FY", "revenue": 6532204000, "costOfRevenue": 5002609000, "grossProfit": 1529595000, "grossProfitRatio": 0.2341621603, "researchAndDevelopmentExpenses": 0, "generalAndAdministrativeExpenses": 0, "sellingAndMarketingExpenses": 0, "sellingGeneralAndAdministrativeExpenses": 436608000, "otherExpenses": 394721000, "operatingExpenses": 831329000, "costAndExpenses": 5833938000, "interestIncome": 125566000, "interestExpense": 125566000, "depreciationAndAmortization": 437758000, "ebitda": 1466826000, "ebitdaratio": 0.2245529993, "operatingIncome": 1029068000, "operatingIncomeRatio": 0.1575376397, "totalOtherIncomeExpensesNet": -135350000, "incomeBeforeTax": 893718000, "incomeBeforeTaxRatio": 0.1368172213, "incomeTaxExpense": 146626000, "netIncome": 737690000, "netIncomeRatio": 0.1129312557, "eps": 4.58, "epsdiluted": 4.49, "weightedAverageShsOut": 161000000, "weightedAverageShsOutDil": 164121000, "link": "https://www.sec.gov/Archives/edgar/data/916540/000091654023000007/0000916540-23-000007-index.htm", "finalLink": "https://www.sec.gov/Archives/edgar/data/916540/000091654023000007/dar-20221231.htm", "calculatedOtherExpenses": 63919000, "calculatedOperatingExpenses": 500527000, "calculatedNetInterest": 0, "calculatedOtherIncome": -135350000, "calculatedIncomeNonControlling": 9402000, "calculatedEbitda": 1466826000}, {"date": "2021-12-31", "symbol": "DAR", "reportedCurrency": "USD", "cik": "0000916540", "fillingDate": "2022-03-01", "acceptedDate": "2022-02-28 21:43:36", "calendarYear": "2021", "period": "FY", "revenue": 4741369000, "costOfRevenue": 3499385000, "grossProfit": 1241984000, "grossProfitRatio": 0.261946286, "researchAndDevelopmentExpenses": 0, "generalAndAdministrativeExpenses": 0, "sellingAndMarketingExpenses": 0, "sellingGeneralAndAdministrativeExpenses": 391538000, "otherExpenses": 316387000, "operatingExpenses": 707925000, "costAndExpenses": 4207310000, "interestIncome": 62077000, "interestExpense": 62077000, "depreciationAndAmortization": 318805000, "ebitda": 1203275000, "ebitdaratio": 0.2537821882, "operatingIncome": 884470000, "operatingIncomeRatio": 0.1865431693, "totalOtherIncomeExpensesNet": -63074000, "incomeBeforeTax": 821396000, "incomeBeforeTaxRatio": 0.1732402604, "incomeTaxExpense": 164106000, "netIncome": 650914000, "netIncomeRatio": 0.1372839785, "eps": 4.01, "epsdiluted": 3.9, "weightedAverageShsOut": 162454000, "weightedAverageShsOutDil": 167096000, "link": "https://www.sec.gov/Archives/edgar/data/916540/000091654022000006/0000916540-22-000006-index.htm", "finalLink": "https://www.sec.gov/Archives/edgar/data/916540/000091654022000006/dar-20220101.htm", "calculatedOtherExpenses": -34024000, "calculatedOperatingExpenses": 357514000, "calculatedNetInterest": 0, "calculatedOtherIncome": -63074000, "calculatedIncomeNonControlling": 6376000, "calculatedEbitda": 1203275000}, {"date": "2020-12-31", "symbol": "DAR", "reportedCurrency": "USD", "cik": "0000916540", "fillingDate": "2021-03-02", "acceptedDate": "2021-03-02 16:38:35", "calendarYear": "2020", "period": "FY", "revenue": 3571923000, "costOfRevenue": 2688815000, "grossProfit": 883108000, "grossProfitRatio": 0.2472360126, "researchAndDevelopmentExpenses": 0, "generalAndAdministrativeExpenses": 0, "sellingAndMarketingExpenses": 0, "sellingGeneralAndAdministrativeExpenses": 378496000, "otherExpenses": 350178000, "operatingExpenses": 728674000, "costAndExpenses": 3417489000, "interestIncome": 72686000, "interestExpense": 72686000, "depreciationAndAmortization": 386430000, "ebitda": 817366000, "ebitdaratio": 0.2288308007, "operatingIncome": 430936000, "operatingIncomeRatio": 0.1206453779, "totalOtherIncomeExpensesNet": -77317000, "incomeBeforeTax": 353619000, "incomeBeforeTaxRatio": 0.0989996145, "incomeTaxExpense": 53289000, "netIncome": 296819000, "netIncomeRatio": 0.0830978159, "eps": 1.83, "epsdiluted": 1.78, "weightedAverageShsOut": 162572000, "weightedAverageShsOutDil": 167208000, "link": "https://www.sec.gov/Archives/edgar/data/916540/000091654021000010/0000916540-21-000010-index.htm", "finalLink": "https://www.sec.gov/Archives/edgar/data/916540/000091654021000010/dar-20210102.htm", "calculatedOtherExpenses": 73676000, "calculatedOperatingExpenses": 452172000, "calculatedNetInterest": 0, "calculatedOtherIncome": -77317000, "calculatedIncomeNonControlling": 3511000, "calculatedEbitda": 817366000}, {"date": "2019-12-28", "symbol": "DAR", "reportedCurrency": "USD", "cik": "0000916540", "fillingDate": "2020-02-25", "acceptedDate": "2020-02-25 16:45:20", "calendarYear": "2019", "period": "FY", "revenue": 3363905000, "costOfRevenue": 2589085000, "grossProfit": 774820000, "grossProfitRatio": 0.2303334963, "researchAndDevelopmentExpenses": 0, "generalAndAdministrativeExpenses": 0, "sellingAndMarketingExpenses": 0, "sellingGeneralAndAdministrativeExpenses": 358523000, "otherExpenses": 325510000, "operatingExpenses": 684033000, "costAndExpenses": 3273118000, "interestIncome": 78674000, "interestExpense": 78674000, "depreciationAndAmortization": 298685000, "ebitda": 774506000, "ebitdaratio": 0.2302401524, "operatingIncome": 475821000, "operatingIncomeRatio": 0.1414490005, "totalOtherIncomeExpensesNet": -95387000, "incomeBeforeTax": 380434000, "incomeBeforeTaxRatio": 0.1130929678, "incomeTaxExpense": 59467000, "netIncome": 312600000, "netIncomeRatio": 0.0929277135, "eps": 1.9, "epsdiluted": 1.86, "weightedAverageShsOut": 164633000, "weightedAverageShsOutDil": 168378000, "link": "https://www.sec.gov/Archives/edgar/data/916540/000091654020000007/0000916540-20-000007-index.htm", "finalLink": "https://www.sec.gov/Archives/edgar/data/916540/000091654020000007/dar-2019122810xk.htm", "calculatedOtherExpenses": -59524000, "calculatedOperatingExpenses": 298999000, "calculatedNetInterest": 0, "calculatedOtherIncome": -95387000, "calculatedIncomeNonControlling": 8367000, "calculatedEbitda": 774506000}, {"date": "2018-12-29", "symbol": "DAR", "reportedCurrency": "USD", "cik": "0000916540", "fillingDate": "2019-02-27", "acceptedDate": "2019-02-27 16:49:26", "calendarYear": "2018", "period": "FY", "revenue": 3387726000, "costOfRevenue": 2647083000, "grossProfit": 740643000, "grossProfitRatio": 0.2186254142, "researchAndDevelopmentExpenses": 0, "generalAndAdministrativeExpenses": 0, "sellingAndMarketingExpenses": 0, "sellingGeneralAndAdministrativeExpenses": 309264000, "otherExpenses": -7562000, "operatingExpenses": 630456000, "costAndExpenses": 3277539000, "interestIncome": 0, "interestExpense": 86429000, "depreciationAndAmortization": 321192000, "ebitda": 583046000, "ebitdaratio": 0.1721054182, "operatingIncome": 95222000, "operatingIncomeRatio": 0.0281079403, "totalOtherIncomeExpensesNet": 94217000, "incomeBeforeTax": 117975000, "incomeBeforeTaxRatio": 0.0348242449, "incomeTaxExpense": 12031000, "netIncome": 101496000, "netIncomeRatio": 0.02995992, "eps": 0.62, "epsdiluted": 0.6, "weightedAverageShsOut": 164789000, "weightedAverageShsOutDil": 167910000, "link": "https://www.sec.gov/Archives/edgar/data/916540/000091654019000004/0000916540-19-000004-index.htm", "finalLink": "https://www.sec.gov/Archives/edgar/data/916540/000091654019000004/dar-2018122910xk.htm", "calculatedOtherExpenses": 336157000, "calculatedOperatingExpenses": 645421000, "calculatedNetInterest": -86429000, "calculatedOtherIncome": 109182000, "calculatedIncomeNonControlling": 4448000, "calculatedEbitda": 416414000}, {"date": "2017-12-30", "symbol": "DAR", "reportedCurrency": "USD", "cik": "0000916540", "fillingDate": "2018-02-27", "acceptedDate": "2018-02-27 16:47:58", "calendarYear": "2017", "period": "FY", "revenue": 3662251000, "costOfRevenue": 2875851000, "grossProfit": 786400000, "grossProfitRatio": 0.2147313223, "researchAndDevelopmentExpenses": 0, "generalAndAdministrativeExpenses": 0, "sellingAndMarketingExpenses": 0, "sellingGeneralAndAdministrativeExpenses": 347487000, "otherExpenses": -5293000, "operatingExpenses": 649587000, "costAndExpenses": 3525438000, "interestIncome": 0, "interestExpense": 88926000, "depreciationAndAmortization": 302100000, "ebitda": 462124000, "ebitdaratio": 0.1261857803, "operatingIncome": 136813000, "operatingIncomeRatio": 0.0373576251, "totalOtherIncomeExpensesNet": 16313000, "incomeBeforeTax": 64200000, "incomeBeforeTaxRatio": 0.0175302021, "incomeTaxExpense": -69154000, "netIncome": 128468000, "netIncomeRatio": 0.0350789719, "eps": 0.78, "epsdiluted": 0.77, "weightedAverageShsOut": 164752000, "weightedAverageShsOutDil": 166730000, "link": "https://www.sec.gov/Archives/edgar/data/916540/000091654018000007/0000916540-18-000007-index.htm", "finalLink": "https://www.sec.gov/Archives/edgar/data/916540/000091654018000007/dar-2017123010xk.htm", "calculatedOtherExpenses": 302100000, "calculatedOperatingExpenses": 649587000, "calculatedNetInterest": -88926000, "calculatedOtherIncome": 16313000, "calculatedIncomeNonControlling": 4886000, "calculatedEbitda": 438913000}, {"date": "2016-12-31", "symbol": "DAR", "reportedCurrency": "USD", "cik": "0000916540", "fillingDate": "2017-02-28", "acceptedDate": "2017-02-28 16:35:04", "calendarYear": "2016", "period": "FY", "revenue": 3398115000, "costOfRevenue": 2641734000, "grossProfit": 756381000, "grossProfitRatio": 0.2225884056, "researchAndDevelopmentExpenses": 0, "generalAndAdministrativeExpenses": 0, "sellingAndMarketingExpenses": 0, "sellingGeneralAndAdministrativeExpenses": 314005000, "otherExpenses": -3866000, "operatingExpenses": 603913000, "costAndExpenses": 3245647000, "interestIncome": 0, "interestExpense": 94187000, "depreciationAndAmortization": 289908000, "ebitda": 508889000, "ebitdaratio": 0.1497562619, "operatingIncome": 152067000, "operatingIncomeRatio": 0.0447503984, "totalOtherIncomeExpensesNet": 64258000, "incomeBeforeTax": 122539000, "incomeBeforeTaxRatio": 0.0360608749, "incomeTaxExpense": 15315000, "netIncome": 102313000, "netIncomeRatio": 0.0301087515, "eps": 0.62, "epsdiluted": 0.62, "weightedAverageShsOut": 164600000, "weightedAverageShsOutDil": 165212000, "link": "https://www.sec.gov/Archives/edgar/data/916540/000091654017000005/0000916540-17-000005-index.htm", "finalLink": "https://www.sec.gov/Archives/edgar/data/916540/000091654017000005/dar-2016123110xk.htm", "calculatedOtherExpenses": 290309000, "calculatedOperatingExpenses": 604314000, "calculatedNetInterest": -94187000, "calculatedOtherIncome": 64659000, "calculatedIncomeNonControlling": 4911000, "calculatedEbitda": 441975000}, {"date": "2015-12-31", "symbol": "DAR", "reportedCurrency": "USD", "cik": "0000916540", "fillingDate": "2016-03-01", "acceptedDate": "2016-03-01 16:46:12", "calendarYear": "2015", "period": "FY", "revenue": 3397446000, "costOfRevenue": 2654025000, "grossProfit": 743421000, "grossProfitRatio": 0.2188176059, "researchAndDevelopmentExpenses": 0, "generalAndAdministrativeExpenses": 0, "sellingAndMarketingExpenses": 0, "sellingGeneralAndAdministrativeExpenses": 322574000, "otherExpenses": -6839000, "operatingExpenses": 592478000, "costAndExpenses": 3246503000, "interestIncome": 0, "interestExpense": 105530000, "depreciationAndAmortization": 269904000, "ebitda": 487424000, "ebitdaratio": 0.1434677696, "operatingIncome": 142644000, "operatingIncomeRatio": 0.0419856563, "totalOtherIncomeExpensesNet": 53367000, "incomeBeforeTax": 98780000, "incomeBeforeTaxRatio": 0.0290747815, "incomeTaxExpense": 13501000, "netIncome": 78531000, "netIncomeRatio": 0.0231147162, "eps": 0.48, "epsdiluted": 0.48, "weightedAverageShsOut": 165031000, "weightedAverageShsOutDil": 165119000, "link": "https://www.sec.gov/Archives/edgar/data/916540/000091654016000038/0000916540-16-000038-index.htm", "finalLink": "https://www.sec.gov/Archives/edgar/data/916540/000091654016000038/dar-2016010210xk.htm", "calculatedOtherExpenses": 278203000, "calculatedOperatingExpenses": 600777000, "calculatedNetInterest": -105530000, "calculatedOtherIncome": 61666000, "calculatedIncomeNonControlling": 6748000, "calculatedEbitda": 412548000}, {"date": "2014-12-31", "symbol": "DAR", "reportedCurrency": "USD", "cik": "0000916540", "fillingDate": "2015-03-04", "acceptedDate": "2015-03-04 17:01:36", "calendarYear": "2014", "period": "FY", "revenue": 3956443000, "costOfRevenue": 3123171000, "grossProfit": 833272000, "grossProfitRatio": 0.2106114002, "researchAndDevelopmentExpenses": 0, "generalAndAdministrativeExpenses": 0, "sellingAndMarketingExpenses": 0, "sellingGeneralAndAdministrativeExpenses": 374580000, "otherExpenses": 299000, "operatingExpenses": 644097000, "costAndExpenses": 3767268000, "interestIncome": 0, "interestExpense": 135416000, "depreciationAndAmortization": 269517000, "ebitda": 524600000, "ebitdaratio": 0.1325938476, "operatingIncome": 164508000, "operatingIncomeRatio": 0.0415797725, "totalOtherIncomeExpensesNet": 27693000, "incomeBeforeTax": 81452000, "incomeBeforeTaxRatio": 0.0205871789, "incomeTaxExpense": 13141000, "netIncome": 64215000, "netIncomeRatio": 0.0162304878, "eps": 0.39, "epsdiluted": 0.39, "weightedAverageShsOut": 164627000, "weightedAverageShsOutDil": 165059000, "link": "https://www.sec.gov/Archives/edgar/data/916540/000091654015000006/0000916540-15-000006-index.htm", "finalLink": "https://www.sec.gov/Archives/edgar/data/916540/000091654015000006/dar-2015010310xk.htm", "calculatedOtherExpenses": 294184000, "calculatedOperatingExpenses": 668764000, "calculatedNetInterest": -135416000, "calculatedOtherIncome": 52360000, "calculatedIncomeNonControlling": 4096000, "calculatedEbitda": 434025000}, {"date": "2013-12-28", "symbol": "DAR", "reportedCurrency": "USD", "cik": "0000916540", "fillingDate": "2014-02-26", "acceptedDate": "2014-02-26 16:54:43", "calendarYear": "2013", "period": "FY", "revenue": 1723550000, "costOfRevenue": 1261101000, "grossProfit": 462449000, "grossProfitRatio": 0.2683119144, "researchAndDevelopmentExpenses": 0, "generalAndAdministrativeExpenses": 0, "sellingAndMarketingExpenses": 0, "sellingGeneralAndAdministrativeExpenses": 170825000, "otherExpenses": -3547000, "operatingExpenses": 269612000, "costAndExpenses": 1530713000, "interestIncome": 0, "interestExpense": 38108000, "depreciationAndAmortization": 98787000, "ebitda": 295737000, "ebitdaratio": 0.1715859708, "operatingIncome": 169566000, "operatingIncomeRatio": 0.0983818282, "totalOtherIncomeExpensesNet": 8949000, "incomeBeforeTax": 163678000, "incomeBeforeTaxRatio": 0.0949656233, "incomeTaxExpense": 54711000, "netIncome": 108967000, "netIncomeRatio": 0.0632224188, "eps": 0.91, "epsdiluted": 0.91, "weightedAverageShsOut": 119526000, "weightedAverageShsOutDil": 119924000, "link": "https://www.sec.gov/Archives/edgar/data/916540/000091654014000008/0000916540-14-000008-index.htm", "finalLink": "https://www.sec.gov/Archives/edgar/data/916540/000091654014000008/dar-2013122810xk.htm", "calculatedOtherExpenses": 122058000, "calculatedOperatingExpenses": 292883000, "calculatedNetInterest": -38108000, "calculatedOtherIncome": 32220000, "calculatedIncomeNonControlling": 0, "calculatedEbitda": 268353000}, {"date": "2012-12-29", "symbol": "DAR", "reportedCurrency": "USD", "cik": "0000916540", "fillingDate": "2013-02-27", "acceptedDate": "2013-02-27 16:57:11", "calendarYear": "2012", "period": "FY", "revenue": 1701429000, "costOfRevenue": 1232604000, "grossProfit": 468825000, "grossProfitRatio": 0.2755477895, "researchAndDevelopmentExpenses": 0, "generalAndAdministrativeExpenses": 0, "sellingAndMarketingExpenses": 0, "sellingGeneralAndAdministrativeExpenses": 151713000, "otherExpenses": 1760000, "operatingExpenses": 237084000, "costAndExpenses": 1469688000, "interestIncome": 0, "interestExpense": 24054000, "depreciationAndAmortization": 85371000, "ebitda": 316210000, "ebitdaratio": 0.1858496593, "operatingIncome": 231741000, "operatingIncomeRatio": 0.136203744, "totalOtherIncomeExpensesNet": -902000, "incomeBeforeTax": 206785000, "incomeBeforeTaxRatio": 0.1215360735, "incomeTaxExpense": 76015000, "netIncome": 130770000, "netIncomeRatio": 0.0768589227, "eps": 1.11, "epsdiluted": 1.11, "weightedAverageShsOut": 117592000, "weightedAverageShsOutDil": 118089000, "link": "https://www.sec.gov/Archives/edgar/data/916540/000091654013000006/0000916540-13-000006-index.htm", "finalLink": "https://www.sec.gov/Archives/edgar/data/916540/000091654013000006/dar-2012122910xk.htm", "calculatedOtherExpenses": 85371000, "calculatedOperatingExpenses": 237084000, "calculatedNetInterest": -24054000, "calculatedOtherIncome": -902000, "calculatedIncomeNonControlling": 0, "calculatedEbitda": 317112000}, {"date": "2011-12-31", "symbol": "DAR", "reportedCurrency": "USD", "cik": "0000916540", "fillingDate": "2012-02-29", "acceptedDate": "2012-02-29 16:44:23", "calendarYear": "2011", "period": "FY", "revenue": 1797249000, "costOfRevenue": 1267599000, "grossProfit": 529650000, "grossProfitRatio": 0.2947004004, "researchAndDevelopmentExpenses": 0, "generalAndAdministrativeExpenses": 0, "sellingAndMarketingExpenses": 0, "sellingGeneralAndAdministrativeExpenses": 136135000, "otherExpenses": 78909000, "operatingExpenses": 215044000, "costAndExpenses": 1482643000, "interestIncome": 0, "interestExpense": 37163000, "depreciationAndAmortization": 78909000, "ebitda": 391943000, "ebitdaratio": 0.2180794091, "operatingIncome": 314606000, "operatingIncomeRatio": 0.1750486438, "totalOtherIncomeExpensesNet": -5149000, "incomeBeforeTax": 272294000, "incomeBeforeTaxRatio": 0.1515059961, "incomeTaxExpense": 102876000, "netIncome": 169418000, "netIncomeRatio": 0.0942651797, "eps": 1.47, "epsdiluted": 1.47, "weightedAverageShsOut": 114924000, "weightedAverageShsOutDil": 115525000, "link": "https://www.sec.gov/Archives/edgar/data/916540/000091654012000006/0000916540-12-000006-index.htm", "finalLink": "https://www.sec.gov/Archives/edgar/data/916540/000091654012000006/dar-2011123110xk.htm", "calculatedOtherExpenses": 78909000, "calculatedOperatingExpenses": 215044000, "calculatedNetInterest": -37163000, "calculatedOtherIncome": -5149000, "calculatedIncomeNonControlling": 0, "calculatedEbitda": 393515000}, {"date": "2010-12-31", "symbol": "DAR", "reportedCurrency": "USD", "cik": "0000916540", "fillingDate": "2011-03-02", "acceptedDate": "2011-03-02 16:51:36", "calendarYear": "2010", "period": "FY", "revenue": 724909000, "costOfRevenue": 531648000, "grossProfit": 193261000, "grossProfitRatio": 0.2666003595, "researchAndDevelopmentExpenses": 0, "generalAndAdministrativeExpenses": 0, "sellingAndMarketingExpenses": 0, "sellingGeneralAndAdministrativeExpenses": 68042000, "otherExpenses": 31908000, "operatingExpenses": 99950000, "costAndExpenses": 631598000, "interestIncome": 0, "interestExpense": 8737000, "depreciationAndAmortization": 31908000, "ebitda": 125219000, "ebitdaratio": 0.1727375436, "operatingIncome": 82513000, "operatingIncomeRatio": 0.1138253215, "totalOtherIncomeExpensesNet": -14231000, "incomeBeforeTax": 70343000, "incomeBeforeTaxRatio": 0.0970370074, "incomeTaxExpense": 26100000, "netIncome": 44243000, "netIncomeRatio": 0.0610324882, "eps": 0.53, "epsdiluted": 0.53, "weightedAverageShsOut": 82854000, "weightedAverageShsOutDil": 83243000, "link": "https://www.sec.gov/Archives/edgar/data/916540/000091654011000005/0000916540-11-000005-index.htm", "finalLink": "https://www.sec.gov/Archives/edgar/data/916540/000091654011000005/k10ye2010.htm", "calculatedOtherExpenses": 42706000, "calculatedOperatingExpenses": 110748000, "calculatedNetInterest": -8737000, "calculatedOtherIncome": -3433000, "calculatedIncomeNonControlling": 0, "calculatedEbitda": 114421000}, {"date": "2009-12-31", "symbol": "DAR", "reportedCurrency": "USD", "cik": "0000916540", "fillingDate": "2010-03-03", "acceptedDate": "2010-03-03 16:51:13", "calendarYear": "2009", "period": "FY", "revenue": 597806000, "costOfRevenue": 440111000, "grossProfit": 157695000, "grossProfitRatio": 0.2637895906, "researchAndDevelopmentExpenses": 0, "generalAndAdministrativeExpenses": 0, "sellingAndMarketingExpenses": 0, "sellingGeneralAndAdministrativeExpenses": 61530000, "otherExpenses": 25226000, "operatingExpenses": 86756000, "costAndExpenses": 526867000, "interestIncome": 0, "interestExpense": 3105000, "depreciationAndAmortization": 25226000, "ebitda": 96165000, "ebitdaratio": 0.1608632232, "operatingIncome": 70939000, "operatingIncomeRatio": 0.1186655872, "totalOtherIncomeExpensesNet": -955000, "incomeBeforeTax": 66879000, "incomeBeforeTaxRatio": 0.1118740862, "incomeTaxExpense": 25089000, "netIncome": 41790000, "netIncomeRatio": 0.0699056216, "eps": 0.51, "epsdiluted": 0.51, "weightedAverageShsOut": 82142000, "weightedAverageShsOutDil": 82475000, "link": "https://www.sec.gov/Archives/edgar/data/916540/000091654010000009/0000916540-10-000009-index.htm", "finalLink": "https://www.sec.gov/Archives/edgar/data/916540/000091654010000009/k10ye2009.htm", "calculatedOtherExpenses": 25226000, "calculatedOperatingExpenses": 86756000, "calculatedNetInterest": -3105000, "calculatedOtherIncome": -955000, "calculatedIncomeNonControlling": 0, "calculatedEbitda": 96165000}, {"date": "2008-12-31", "symbol": "DAR", "reportedCurrency": "USD", "cik": "0000916540", "fillingDate": "2009-03-04", "acceptedDate": "2009-03-04 17:02:34", "calendarYear": "2008", "period": "FY", "revenue": 807492000, "costOfRevenue": 614708000, "grossProfit": 192784000, "grossProfitRatio": 0.2387441609, "researchAndDevelopmentExpenses": 0, "generalAndAdministrativeExpenses": 0, "sellingAndMarketingExpenses": 0, "sellingGeneralAndAdministrativeExpenses": 59761000, "otherExpenses": 40347000, "operatingExpenses": 100108000, "costAndExpenses": 714816000, "interestIncome": 0, "interestExpense": 0, "depreciationAndAmortization": 24433000, "ebitda": 132765000, "ebitdaratio": 0.1644164896, "operatingIncome": 92676000, "operatingIncomeRatio": 0.1147701773, "totalOtherIncomeExpensesNet": -15656000, "incomeBeforeTax": 89916000, "incomeBeforeTaxRatio": 0.1113521868, "incomeTaxExpense": 35354000, "netIncome": 54562000, "netIncomeRatio": 0.0675697097, "eps": 0.67, "epsdiluted": 0.66, "weightedAverageShsOut": 81685000, "weightedAverageShsOutDil": 82246000, "link": "https://www.sec.gov/Archives/edgar/data/916540/000091654009000005/0000916540-09-000005-index.htm", "finalLink": "https://www.sec.gov/Archives/edgar/data/916540/000091654009000005/k10ye2008.htm", "calculatedOtherExpenses": 40347000, "calculatedOperatingExpenses": 100108000, "calculatedNetInterest": 0, "calculatedOtherIncome": -2760000, "calculatedIncomeNonControlling": 0, "calculatedEbitda": 117109000}, {"date": "2007-12-29", "symbol": "DAR", "reportedCurrency": "USD", "cik": "0000916540", "fillingDate": "2008-02-27", "acceptedDate": "2008-02-27 17:04:22", "calendarYear": "2007", "period": "FY", "revenue": 645313000, "costOfRevenue": 483453000, "grossProfit": 161860000, "grossProfitRatio": 0.2508240187, "researchAndDevelopmentExpenses": 0, "generalAndAdministrativeExpenses": 0, "sellingAndMarketingExpenses": 0, "sellingGeneralAndAdministrativeExpenses": 57999000, "otherExpenses": 23214000, "operatingExpenses": 81213000, "costAndExpenses": 564666000, "interestIncome": 0, "interestExpense": 0, "depreciationAndAmortization": 23214000, "ebitda": 104431000, "ebitdaratio": 0.1618299957, "operatingIncome": 80647000, "operatingIncomeRatio": 0.1249734625, "totalOtherIncomeExpensesNet": -570000, "incomeBeforeTax": 75032000, "incomeBeforeTaxRatio": 0.1162722586, "incomeTaxExpense": 29499000, "netIncome": 45533000, "netIncomeRatio": 0.0705595579, "eps": 0.56, "epsdiluted": 0.56, "weightedAverageShsOut": 81308929, "weightedAverageShsOutDil": 81308929, "link": "https://www.sec.gov/Archives/edgar/data/916540/000091654008000009/0000916540-08-000009-index.htm", "finalLink": "https://www.sec.gov/Archives/edgar/data/916540/000091654008000009/k10ye07.htm", "calculatedOtherExpenses": 23214000, "calculatedOperatingExpenses": 81213000, "calculatedNetInterest": 0, "calculatedOtherIncome": -5615000, "calculatedIncomeNonControlling": 0, "calculatedEbitda": 103861000}, {"date": "2006-12-30", "symbol": "DAR", "reportedCurrency": "USD", "cik": "0000916540", "fillingDate": "2007-03-15", "acceptedDate": "2007-03-15 17:05:03", "calendarYear": "2006", "period": "FY", "revenue": 406990000, "costOfRevenue": 321416000, "grossProfit": 85574000, "grossProfitRatio": 0.2102606944, "researchAndDevelopmentExpenses": 0, "generalAndAdministrativeExpenses": 0, "sellingAndMarketingExpenses": 0, "sellingGeneralAndAdministrativeExpenses": 45649000, "otherExpenses": 20686000, "operatingExpenses": 66335000, "costAndExpenses": 387751000, "interestIncome": 0, "interestExpense": 0, "depreciationAndAmortization": 20686000, "ebitda": 44607000, "ebitdaratio": 0.1096022015, "operatingIncome": 19239000, "operatingIncomeRatio": 0.0472714317, "totalOtherIncomeExpensesNet": -4682000, "incomeBeforeTax": 7373000, "incomeBeforeTaxRatio": 0.0181159242, "incomeTaxExpense": 2266000, "netIncome": 5107000, "netIncomeRatio": 0.0125482199, "eps": 0.07, "epsdiluted": 0.07, "weightedAverageShsOut": 72957143, "weightedAverageShsOutDil": 72957143, "link": "https://www.sec.gov/Archives/edgar/data/916540/000091654007000011/0000916540-07-000011-index.htm", "finalLink": "https://www.sec.gov/Archives/edgar/data/916540/000091654007000011/ye06k.htm", "calculatedOtherExpenses": 20686000, "calculatedOperatingExpenses": 66335000, "calculatedNetInterest": 0, "calculatedOtherIncome": -11866000, "calculatedIncomeNonControlling": 0, "calculatedEbitda": 39925000}, {"date": "2005-12-31", "symbol": "DAR", "reportedCurrency": "USD", "cik": "0000916540", "fillingDate": "2006-03-16", "acceptedDate": "2006-03-16 17:03:52", "calendarYear": "2005", "period": "FY", "revenue": 308867000, "costOfRevenue": 241707000, "grossProfit": 67160000, "grossProfitRatio": 0.2174398689, "researchAndDevelopmentExpenses": 0, "generalAndAdministrativeExpenses": 0, "sellingAndMarketingExpenses": 0, "sellingGeneralAndAdministrativeExpenses": 35240000, "otherExpenses": 15787000, "operatingExpenses": 51027000, "costAndExpenses": 292734000, "interestIncome": 0, "interestExpense": 0, "depreciationAndAmortization": 16388000, "ebitda": 31618000, "ebitdaratio": 0.1023676858, "operatingIncome": 16133000, "operatingIncomeRatio": 0.0522328381, "totalOtherIncomeExpensesNet": 903000, "incomeBeforeTax": 10879000, "incomeBeforeTaxRatio": 0.0352222801, "incomeTaxExpense": 3184000, "netIncome": 7741000, "netIncomeRatio": 0.0250625674, "eps": 0.12, "epsdiluted": 0.12, "weightedAverageShsOut": 64508333, "weightedAverageShsOutDil": 64567000, "link": "https://www.sec.gov/Archives/edgar/data/916540/000091654006000003/0000916540-06-000003-index.htm", "finalLink": "https://www.sec.gov/Archives/edgar/data/916540/000091654006000003/ye05k.htm", "calculatedOtherExpenses": 15787000, "calculatedOperatingExpenses": 51027000, "calculatedNetInterest": 0, "calculatedOtherIncome": -5254000, "calculatedIncomeNonControlling": -46000, "calculatedEbitda": 32521000}, {"date": "2004-12-31", "symbol": "DAR", "reportedCurrency": "USD", "cik": "0000916540", "fillingDate": "2005-03-17", "acceptedDate": "2005-03-17 16:18:13", "calendarYear": "2004", "period": "FY", "revenue": 320229000, "costOfRevenue": 237925000, "grossProfit": 82304000, "grossProfitRatio": 0.2570160729, "researchAndDevelopmentExpenses": 0, "generalAndAdministrativeExpenses": 0, "sellingAndMarketingExpenses": 0, "sellingGeneralAndAdministrativeExpenses": 36509000, "otherExpenses": 15224000, "operatingExpenses": 51733000, "costAndExpenses": 289658000, "interestIncome": 0, "interestExpense": 0, "depreciationAndAmortization": 15224000, "ebitda": 46094000, "ebitdaratio": 0.1439407424, "operatingIncome": 30571000, "operatingIncomeRatio": 0.0954660571, "totalOtherIncomeExpensesNet": -299000, "incomeBeforeTax": 23513000, "incomeBeforeTaxRatio": 0.0734255798, "incomeTaxExpense": 9245000, "netIncome": 13892000, "netIncomeRatio": 0.0433814551, "eps": 0.22, "epsdiluted": 0.22, "weightedAverageShsOut": 63145455, "weightedAverageShsOutDil": 64623077, "link": "https://www.sec.gov/Archives/edgar/data/916540/000091654005000004/0000916540-05-000004-index.htm", "finalLink": "https://www.sec.gov/Archives/edgar/data/916540/000091654005000004/ye04k.htm", "calculatedOtherExpenses": 15224000, "calculatedOperatingExpenses": 51733000, "calculatedNetInterest": 0, "calculatedOtherIncome": -7058000, "calculatedIncomeNonControlling": 376000, "calculatedEbitda": 45795000}, {"date": "2003-12-31", "symbol": "DAR", "reportedCurrency": "USD", "cik": "0000916540", "fillingDate": "2004-03-29", "acceptedDate": "2004-03-29 16:21:28", "calendarYear": "2003", "period": "FY", "revenue": 324429000, "costOfRevenue": 246061000, "grossProfit": 78368000, "grossProfitRatio": 0.2415567042, "researchAndDevelopmentExpenses": 0, "generalAndAdministrativeExpenses": 0, "sellingAndMarketingExpenses": 0, "sellingGeneralAndAdministrativeExpenses": 35971000, "otherExpenses": 15133000, "operatingExpenses": 51104000, "costAndExpenses": 297165000, "interestIncome": 0, "interestExpense": 0, "depreciationAndAmortization": 15133000, "ebitda": 38459000, "ebitdaratio": 0.1185436567, "operatingIncome": 27264000, "operatingIncomeRatio": 0.0840368771, "totalOtherIncomeExpensesNet": 3938000, "incomeBeforeTax": 28837000, "incomeBeforeTaxRatio": 0.0888853956, "incomeTaxExpense": 10646000, "netIncome": 18191000, "netIncomeRatio": 0.0560708198, "eps": 0.29, "epsdiluted": 0.29, "weightedAverageShsOut": 59620690, "weightedAverageShsOutDil": 61642857, "link": "https://www.sec.gov/Archives/edgar/data/916540/000091654004000005/0000916540-04-000005-index.htm", "finalLink": "https://www.sec.gov/Archives/edgar/data/916540/000091654004000005/ye03k.htm", "calculatedOtherExpenses": 15133000, "calculatedOperatingExpenses": 51104000, "calculatedNetInterest": 0, "calculatedOtherIncome": 1573000, "calculatedIncomeNonControlling": 0, "calculatedEbitda": 42397000}, {"date": "2002-12-28", "symbol": "DAR", "reportedCurrency": "USD", "cik": "0000916540", "fillingDate": "2003-03-26", "acceptedDate": "2003-03-26 15:36:30", "calendarYear": "2002", "period": "FY", "revenue": 262236000, "costOfRevenue": 194559000, "grossProfit": 67677000, "grossProfitRatio": 0.2580766943, "researchAndDevelopmentExpenses": 0, "generalAndAdministrativeExpenses": 0, "sellingAndMarketingExpenses": 0, "sellingGeneralAndAdministrativeExpenses": 30294000, "otherExpenses": 16426000, "operatingExpenses": 46720000, "costAndExpenses": 241279000, "interestIncome": 0, "interestExpense": 0, "depreciationAndAmortization": 16426000, "ebitda": 35382000, "ebitdaratio": 0.1349242667, "operatingIncome": 20957000, "operatingIncomeRatio": 0.0799165637, "totalOtherIncomeExpensesNet": 2001000, "incomeBeforeTax": 16549000, "incomeBeforeTaxRatio": 0.0631072774, "incomeTaxExpense": 7183000, "netIncome": 8963000, "netIncomeRatio": 0.0341791364, "eps": 0.18, "epsdiluted": 0.18, "weightedAverageShsOut": 44272222, "weightedAverageShsOutDil": 44272222, "link": "https://www.sec.gov/Archives/edgar/data/916540/000091654003000004/0000916540-03-000004-index.htm", "finalLink": "https://www.sec.gov/Archives/edgar/data/916540/000091654003000004/ye2002k.htm", "calculatedOtherExpenses": 16426000, "calculatedOperatingExpenses": 46720000, "calculatedNetInterest": 0, "calculatedOtherIncome": -4408000, "calculatedIncomeNonControlling": 403000, "calculatedEbitda": 37383000}, {"date": "2001-12-29", "symbol": "DAR", "reportedCurrency": "USD", "cik": "0000916540", "fillingDate": "2002-03-15", "acceptedDate": "2002-03-15 00:00:00", "calendarYear": "2001", "period": "FY", "revenue": 255974000, "costOfRevenue": 196778000, "grossProfit": 59196000, "grossProfitRatio": 0.2312578621, "researchAndDevelopmentExpenses": 0, "generalAndAdministrativeExpenses": 0, "sellingAndMarketingExpenses": 0, "sellingGeneralAndAdministrativeExpenses": 28594000, "otherExpenses": 26634000, "operatingExpenses": 55228000, "costAndExpenses": 252006000, "interestIncome": 0, "interestExpense": 0, "depreciationAndAmortization": 26634000, "ebitda": 32253000, "ebitdaratio": 0.1260010782, "operatingIncome": 3968000, "operatingIncomeRatio": 0.0155015744, "totalOtherIncomeExpensesNet": -1651000, "incomeBeforeTax": -11845000, "incomeBeforeTaxRatio": -0.046274231, "incomeTaxExpense": 15813000, "netIncome": -11845000, "netIncomeRatio": -0.046274231, "eps": -0.76, "epsdiluted": -0.76, "weightedAverageShsOut": 15585526, "weightedAverageShsOutDil": 15585526, "link": "https://www.sec.gov/Archives/edgar/data/916540/000091654002000004/0000916540-02-000004-index.htm", "finalLink": "https://www.sec.gov/Archives/edgar/data/916540/000091654002000004/ye2001k.htm", "calculatedOtherExpenses": 26634000, "calculatedOperatingExpenses": 55228000, "calculatedNetInterest": 0, "calculatedOtherIncome": -15813000, "calculatedIncomeNonControlling": -15813000, "calculatedEbitda": 30602000}, {"date": "2000-12-30", "symbol": "DAR", "reportedCurrency": "USD", "cik": "0000916540", "fillingDate": "2001-03-30", "acceptedDate": "2001-03-30 00:00:00", "calendarYear": "2000", "period": "FY", "revenue": 242795000, "costOfRevenue": 190283000, "grossProfit": 52512000, "grossProfitRatio": 0.2162812249, "researchAndDevelopmentExpenses": 0, "generalAndAdministrativeExpenses": 0, "sellingAndMarketingExpenses": 0, "sellingGeneralAndAdministrativeExpenses": 26736000, "otherExpenses": 31181000, "operatingExpenses": 57917000, "costAndExpenses": 248200000, "interestIncome": 0, "interestExpense": 0, "depreciationAndAmortization": 31181000, "ebitda": 25960000, "ebitdaratio": 0.106921477, "operatingIncome": -5405000, "operatingIncomeRatio": -0.0222615787, "totalOtherIncomeExpensesNet": -184000, "incomeBeforeTax": -5589000, "incomeBeforeTaxRatio": -0.0230194197, "incomeTaxExpense": 13784000, "netIncome": -19189000, "netIncomeRatio": -0.0790337528, "eps": -1.23, "epsdiluted": -1.23, "weightedAverageShsOut": 15600813, "weightedAverageShsOutDil": 15659756, "link": "https://www.sec.gov/Archives/edgar/data/916540/000091654001000008/0000916540-01-000008-index.htm", "finalLink": "https://www.sec.gov/Archives/edgar/data/916540/000091654001000008/0000916540-01-000008-0001.htm", "calculatedOtherExpenses": 31181000, "calculatedOperatingExpenses": 57917000, "calculatedNetInterest": 0, "calculatedOtherIncome": -184000, "calculatedIncomeNonControlling": -184000, "calculatedEbitda": 25776000}, {"date": "1999-12-31", "symbol": "DAR", "reportedCurrency": "USD", "cik": "0000916540", "fillingDate": "2000-03-31", "acceptedDate": "2000-03-31 00:00:00", "calendarYear": "1999", "period": "FY", "revenue": 258600000, "costOfRevenue": 212300000, "grossProfit": 46300000, "grossProfitRatio": 0.1790409899, "researchAndDevelopmentExpenses": 0, "generalAndAdministrativeExpenses": 0, "sellingAndMarketingExpenses": 0, "sellingGeneralAndAdministrativeExpenses": 26800000, "otherExpenses": 31500000, "operatingExpenses": 58300000, "costAndExpenses": 270600000, "interestIncome": 0, "interestExpense": 0, "depreciationAndAmortization": 31500000, "ebitda": 19200000, "ebitdaratio": 0.0742459397, "operatingIncome": -12000000, "operatingIncomeRatio": -0.0464037123, "totalOtherIncomeExpensesNet": 300000, "incomeBeforeTax": -25700000, "incomeBeforeTaxRatio": -0.0993812838, "incomeTaxExpense": -10000000, "netIncome": -16000000, "netIncomeRatio": -0.0618716164, "eps": -1.03, "epsdiluted": -1.03, "weightedAverageShsOut": 15533981, "weightedAverageShsOutDil": 15533981, "link": "https://www.sec.gov/Archives/edgar/data/916540/000091654000000003/0000916540-00-000003-index.html", "finalLink": "https://www.sec.gov/Archives/edgar/data/916540/000091654000000003/", "calculatedOtherExpenses": 31500000, "calculatedOperatingExpenses": 58300000, "calculatedNetInterest": 0, "calculatedOtherIncome": -13700000, "calculatedIncomeNonControlling": 300000, "calculatedEbitda": 19500000}, {"date": "1998-12-31", "symbol": "DAR", "reportedCurrency": "USD", "cik": "0000916540", "fillingDate": "1999-03-31", "acceptedDate": "1999-03-31 00:00:00", "calendarYear": "1998", "period": "FY", "revenue": 337000000, "costOfRevenue": 283800000, "grossProfit": 53200000, "grossProfitRatio": 0.1578635015, "researchAndDevelopmentExpenses": 0, "generalAndAdministrativeExpenses": 0, "sellingAndMarketingExpenses": 0, "sellingGeneralAndAdministrativeExpenses": 33100000, "otherExpenses": 32400000, "operatingExpenses": 65500000, "costAndExpenses": 349300000, "interestIncome": 0, "interestExpense": 0, "depreciationAndAmortization": 32400000, "ebitda": 21500000, "ebitdaratio": 0.0637982196, "operatingIncome": -12300000, "operatingIncomeRatio": -0.0364985163, "totalOtherIncomeExpensesNet": -1400000, "incomeBeforeTax": -26100000, "incomeBeforeTaxRatio": -0.0774480712, "incomeTaxExpense": -9300000, "netIncome": -32100000, "netIncomeRatio": -0.0952522255, "eps": -2.06, "epsdiluted": -2.06, "weightedAverageShsOut": 15582524, "weightedAverageShsOutDil": 15582524, "link": "https://www.sec.gov/Archives/edgar/data/916540/000091654099000003/0000916540-99-000003-index.html", "finalLink": "https://www.sec.gov/Archives/edgar/data/916540/", "calculatedOtherExpenses": 32400000, "calculatedOperatingExpenses": 65500000, "calculatedNetInterest": 0, "calculatedOtherIncome": -13800000, "calculatedIncomeNonControlling": 15300000, "calculatedEbitda": 20100000}, {"date": "1997-12-31", "symbol": "DAR", "reportedCurrency": "USD", "cik": "0000916540", "fillingDate": "1998-03-31", "acceptedDate": "1998-03-31 00:00:00", "calendarYear": "1997", "period": "FY", "revenue": 498400000, "costOfRevenue": 404200000, "grossProfit": 94200000, "grossProfitRatio": 0.1890048154, "researchAndDevelopmentExpenses": 0, "generalAndAdministrativeExpenses": 0, "sellingAndMarketingExpenses": 0, "sellingGeneralAndAdministrativeExpenses": 38600000, "otherExpenses": 33700000, "operatingExpenses": 72300000, "costAndExpenses": 476500000, "interestIncome": 0, "interestExpense": 0, "depreciationAndAmortization": 33700000, "ebitda": 55400000, "ebitdaratio": 0.1111556982, "operatingIncome": 21900000, "operatingIncomeRatio": 0.04394061, "totalOtherIncomeExpensesNet": 200000, "incomeBeforeTax": 8400000, "incomeBeforeTaxRatio": 0.0168539326, "incomeTaxExpense": 3000000, "netIncome": 5400000, "netIncomeRatio": 0.0108346709, "eps": 0.35, "epsdiluted": 0.33, "weightedAverageShsOut": 15428571, "weightedAverageShsOutDil": 16363636, "link": "https://www.sec.gov/Archives/edgar/data/916540/000091654098000004/0000916540-98-000004-index.html", "finalLink": "https://www.sec.gov/Archives/edgar/data/916540/", "calculatedOtherExpenses": 33700000, "calculatedOperatingExpenses": 72300000, "calculatedNetInterest": 0, "calculatedOtherIncome": -13500000, "calculatedIncomeNonControlling": 0, "calculatedEbitda": 55600000}, {"date": "1996-12-28", "symbol": "DAR", "reportedCurrency": "USD", "cik": "0000916540", "fillingDate": "1997-03-27", "acceptedDate": "1997-03-27 00:00:00", "calendarYear": "1996", "period": "FY", "revenue": 488900000, "costOfRevenue": 395000000, "grossProfit": 93900000, "grossProfitRatio": 0.1920638167, "researchAndDevelopmentExpenses": 0, "generalAndAdministrativeExpenses": 0, "sellingAndMarketingExpenses": 0, "sellingGeneralAndAdministrativeExpenses": 38800000, "otherExpenses": 27600000, "operatingExpenses": 66400000, "costAndExpenses": 461400000, "interestIncome": 0, "interestExpense": 0, "depreciationAndAmortization": 27600000, "ebitda": 54600000, "ebitdaratio": 0.11167928, "operatingIncome": 27500000, "operatingIncomeRatio": 0.0562487216, "totalOtherIncomeExpensesNet": 500000, "incomeBeforeTax": 15000000, "incomeBeforeTaxRatio": 0.0306811209, "incomeTaxExpense": 7300000, "netIncome": 7700000, "netIncomeRatio": 0.0157496421, "eps": 0.5, "epsdiluted": 0.46, "weightedAverageShsOut": 15400000, "weightedAverageShsOutDil": 16739130, "link": "https://www.sec.gov/Archives/edgar/data/916540/000091654097000004/0000916540-97-000004-index.html", "finalLink": "https://www.sec.gov/Archives/edgar/data/916540/", "calculatedOtherExpenses": 27600000, "calculatedOperatingExpenses": 66400000, "calculatedNetInterest": 0, "calculatedOtherIncome": -12500000, "calculatedIncomeNonControlling": 0, "calculatedEbitda": 55100000}, {"date": "1995-12-31", "symbol": "DAR", "reportedCurrency": "USD", "cik": "0000916540", "fillingDate": "1995-12-31", "acceptedDate": "1995-12-30 19:00:00", "calendarYear": "1995", "period": "FY", "revenue": 421600000, "costOfRevenue": 336200000, "grossProfit": 85400000, "grossProfitRatio": 0.2025616698, "researchAndDevelopmentExpenses": 0, "generalAndAdministrativeExpenses": 0, "sellingAndMarketingExpenses": 0, "sellingGeneralAndAdministrativeExpenses": 26700000, "otherExpenses": 22600000, "operatingExpenses": 49300000, "costAndExpenses": 385500000, "interestIncome": 0, "interestExpense": 0, "depreciationAndAmortization": 22600000, "ebitda": 58400000, "ebitdaratio": 0.1385199241, "operatingIncome": 36100000, "operatingIncomeRatio": 0.085626186, "totalOtherIncomeExpensesNet": 300000, "incomeBeforeTax": 23100000, "incomeBeforeTaxRatio": 0.0547912713, "incomeTaxExpense": 8700000, "netIncome": 14400000, "netIncomeRatio": 0.0341555977, "eps": 0.95, "epsdiluted": 0.9, "weightedAverageShsOut": 15157895, "weightedAverageShsOutDil": 16000000, "link": "", "finalLink": "", "calculatedOtherExpenses": 22600000, "calculatedOperatingExpenses": 49300000, "calculatedNetInterest": 0, "calculatedOtherIncome": -13000000, "calculatedIncomeNonControlling": 0, "calculatedEbitda": 58700000}, {"date": "1994-12-31", "symbol": "DAR", "reportedCurrency": "USD", "cik": "0000916540", "fillingDate": "1994-12-31", "acceptedDate": "1994-12-30 19:00:00", "calendarYear": "1994", "period": "FY", "revenue": 354300000, "costOfRevenue": 282900000, "grossProfit": 71400000, "grossProfitRatio": 0.2015241321, "researchAndDevelopmentExpenses": 0, "generalAndAdministrativeExpenses": 0, "sellingAndMarketingExpenses": 0, "sellingGeneralAndAdministrativeExpenses": 25700000, "otherExpenses": 19900000, "operatingExpenses": 45600000, "costAndExpenses": 328500000, "interestIncome": 0, "interestExpense": 0, "depreciationAndAmortization": 19900000, "ebitda": 45600000, "ebitdaratio": 0.1287044877, "operatingIncome": 25800000, "operatingIncomeRatio": 0.0728196444, "totalOtherIncomeExpensesNet": 100000, "incomeBeforeTax": 10800000, "incomeBeforeTaxRatio": 0.0304826418, "incomeTaxExpense": 3400000, "netIncome": 7400000, "netIncomeRatio": 0.0208862546, "eps": 0.49, "epsdiluted": 0.49, "weightedAverageShsOut": 15102041, "weightedAverageShsOutDil": 15102041, "link": "", "finalLink": "", "calculatedOtherExpenses": 19900000, "calculatedOperatingExpenses": 45600000, "calculatedNetInterest": 0, "calculatedOtherIncome": -15000000, "calculatedIncomeNonControlling": 0, "calculatedEbitda": 45700000}]}