{"originalCurrency": "USD", "convertedCurrency": "USD", "report": [{"date": "2023-12-31", "symbol": "DBRG", "reportedCurrency": "USD", "cik": "0001679688", "fillingDate": "2024-02-23", "acceptedDate": "2024-02-23 17:23:20", "calendarYear": "2023", "period": "FY", "revenue": 821383000, "costOfRevenue": 36651000, "grossProfit": 784732000, "grossProfitRatio": 0.9553789158, "researchAndDevelopmentExpenses": 0, "generalAndAdministrativeExpenses": 476704000, "sellingAndMarketingExpenses": 0, "sellingGeneralAndAdministrativeExpenses": 476704000, "otherExpenses": -479859000, "operatingExpenses": 479859000, "costAndExpenses": 516510000, "interestIncome": 0, "interestExpense": 24540000, "depreciationAndAmortization": 36651000, "ebitda": 341524000, "ebitdaratio": 0.4157914152, "operatingIncome": 304873000, "operatingIncomeRatio": 0.371170331, "totalOtherIncomeExpensesNet": 60756000, "incomeBeforeTax": 365629000, "incomeBeforeTaxRatio": 0.4451382607, "incomeTaxExpense": 6000, "netIncome": 185280000, "netIncomeRatio": 0.2255707751, "eps": 1.16, "epsdiluted": 1.09, "weightedAverageShsOut": 159868000, "weightedAverageShsOutDil": 169720000, "link": "https://www.sec.gov/Archives/edgar/data/1679688/000167968824000021/0001679688-24-000021-index.htm", "finalLink": "https://www.sec.gov/Archives/edgar/data/1679688/000167968824000021/dbrg-20231231.htm", "calculatedOtherExpenses": 3155000, "calculatedOperatingExpenses": 479859000, "calculatedNetInterest": -24540000, "calculatedOtherIncome": 85296000, "calculatedIncomeNonControlling": 180343000, "calculatedEbitda": 341524000}, {"date": "2022-12-31", "symbol": "DBRG", "reportedCurrency": "USD", "cik": "0001679688", "fillingDate": "2023-02-27", "acceptedDate": "2023-02-27 16:34:40", "calendarYear": "2022", "period": "FY", "revenue": 1144572000, "costOfRevenue": 423332000, "grossProfit": 721240000, "grossProfitRatio": 0.6301394757, "researchAndDevelopmentExpenses": 0, "generalAndAdministrativeExpenses": 570727000, "sellingAndMarketingExpenses": 0, "sellingGeneralAndAdministrativeExpenses": 570727000, "otherExpenses": 576911000, "operatingExpenses": 1147638000, "costAndExpenses": 1570970000, "interestIncome": 30107000, "interestExpense": 198498000, "depreciationAndAmortization": 576911000, "ebitda": 377712000, "ebitdaratio": 0.3300028308, "operatingIncome": -199199000, "operatingIncomeRatio": -0.174037981, "totalOtherIncomeExpensesNet": -208627000, "incomeBeforeTax": -407826000, "incomeBeforeTaxRatio": -0.3563131022, "incomeTaxExpense": 13467000, "netIncome": -421293000, "netIncomeRatio": -0.3680790724, "eps": -2.73, "epsdiluted": -2.73, "weightedAverageShsOut": 154495000, "weightedAverageShsOutDil": 154495000, "link": "https://www.sec.gov/Archives/edgar/data/1679688/000167968823000017/0001679688-23-000017-index.htm", "finalLink": "https://www.sec.gov/Archives/edgar/data/1679688/000167968823000017/dbrg-20221231.htm", "calculatedOtherExpenses": 349712000, "calculatedOperatingExpenses": 920439000, "calculatedNetInterest": -168391000, "calculatedOtherIncome": -40236000, "calculatedIncomeNonControlling": 0, "calculatedEbitda": 377712000}, {"date": "2021-12-31", "symbol": "DBRG", "reportedCurrency": "USD", "cik": "0001679688", "fillingDate": "2022-02-28", "acceptedDate": "2022-02-28 17:32:38", "calendarYear": "2021", "period": "FY", "revenue": 965799000, "costOfRevenue": 344435000, "grossProfit": 621364000, "grossProfitRatio": 0.6433678229, "researchAndDevelopmentExpenses": 0, "generalAndAdministrativeExpenses": 411365000, "sellingAndMarketingExpenses": 0, "sellingGeneralAndAdministrativeExpenses": 411365000, "otherExpenses": 539695000, "operatingExpenses": 951060000, "costAndExpenses": 1295495000, "interestIncome": 8791000, "interestExpense": 186949000, "depreciationAndAmortization": 539695000, "ebitda": 415064000, "ebitdaratio": 0.4297623004, "operatingIncome": -124631000, "operatingIncomeRatio": -0.1290444492, "totalOtherIncomeExpensesNet": -192730000, "incomeBeforeTax": -317361000, "incomeBeforeTaxRatio": -0.3285994291, "incomeTaxExpense": -100538000, "netIncome": -216823000, "netIncomeRatio": -0.2245011643, "eps": -1.76, "epsdiluted": -1.76, "weightedAverageShsOut": 122864000, "weightedAverageShsOutDil": 122864000, "link": "https://www.sec.gov/Archives/edgar/data/1679688/000167968822000008/0001679688-22-000008-index.htm", "finalLink": "https://www.sec.gov/Archives/edgar/data/1679688/000167968822000008/dbrg-20211231.htm", "calculatedOtherExpenses": 334630000, "calculatedOperatingExpenses": 745995000, "calculatedNetInterest": -178158000, "calculatedOtherIncome": -14572000, "calculatedIncomeNonControlling": 0, "calculatedEbitda": 415064000}, {"date": "2020-12-31", "symbol": "DBRG", "reportedCurrency": "USD", "cik": "0001679688", "fillingDate": "2021-03-01", "acceptedDate": "2021-03-01 17:07:45", "calendarYear": "2020", "period": "FY", "revenue": 1236594000, "costOfRevenue": 486245000, "grossProfit": 750349000, "grossProfitRatio": 0.6067868678, "researchAndDevelopmentExpenses": 0, "generalAndAdministrativeExpenses": 348711000, "sellingAndMarketingExpenses": 0, "sellingGeneralAndAdministrativeExpenses": 348711000, "otherExpenses": 431443000, "operatingExpenses": 780154000, "costAndExpenses": 1266399000, "interestIncome": 80471000, "interestExpense": 310454000, "depreciationAndAmortization": 431443000, "ebitda": -273312000, "ebitdaratio": -0.2210199952, "operatingIncome": -704755000, "operatingIncomeRatio": -0.5699162377, "totalOtherIncomeExpensesNet": -1769521000, "incomeBeforeTax": -2474276000, "incomeBeforeTaxRatio": -2.0008798361, "incomeTaxExpense": -10039000, "netIncome": -2464237000, "netIncomeRatio": -1.9927615693, "eps": -20.81, "epsdiluted": -20.81, "weightedAverageShsOut": 118389500, "weightedAverageShsOutDil": 118389500, "link": "https://www.sec.gov/Archives/edgar/data/1679688/000167968821000018/0001679688-21-000018-index.htm", "finalLink": "https://www.sec.gov/Archives/edgar/data/1679688/000167968821000018/clny-20201231.htm", "calculatedOtherExpenses": 1106393000, "calculatedOperatingExpenses": 1455104000, "calculatedNetInterest": -229983000, "calculatedOtherIncome": -1539538000, "calculatedIncomeNonControlling": 0, "calculatedEbitda": -273312000}, {"date": "2019-12-31", "symbol": "DBRG", "reportedCurrency": "USD", "cik": "0001679688", "fillingDate": "2020-03-02", "acceptedDate": "2020-03-02 17:00:37", "calendarYear": "2019", "period": "FY", "revenue": 2326354000, "costOfRevenue": 1169167000, "grossProfit": 1157187000, "grossProfitRatio": 0.4974251554, "researchAndDevelopmentExpenses": 0, "generalAndAdministrativeExpenses": 321746000, "sellingAndMarketingExpenses": 0, "sellingGeneralAndAdministrativeExpenses": 321746000, "otherExpenses": 525672000, "operatingExpenses": 847418000, "costAndExpenses": 2016585000, "interestIncome": 166771000, "interestExpense": 535538000, "depreciationAndAmortization": 489792000, "ebitda": 475755000, "ebitdaratio": 0.2045067088, "operatingIncome": -14037000, "operatingIncomeRatio": -0.0060339054, "totalOtherIncomeExpensesNet": -1622672000, "incomeBeforeTax": -1636709000, "incomeBeforeTaxRatio": -0.7035511362, "incomeTaxExpense": 14003000, "netIncome": -1650712000, "netIncomeRatio": -0.7095704265, "eps": -13.77, "epsdiluted": -13.77, "weightedAverageShsOut": 119897000, "weightedAverageShsOutDil": 119897000, "link": "https://www.sec.gov/Archives/edgar/data/1679688/000167968820000014/0001679688-20-000014-index.htm", "finalLink": "https://www.sec.gov/Archives/edgar/data/1679688/000167968820000014/clny201910-k.htm", "calculatedOtherExpenses": 849478000, "calculatedOperatingExpenses": 1171224000, "calculatedNetInterest": -368767000, "calculatedOtherIncome": -1253905000, "calculatedIncomeNonControlling": 0, "calculatedEbitda": 475755000}, {"date": "2018-12-31", "symbol": "DBRG", "reportedCurrency": "USD", "cik": "0001679688", "fillingDate": "2019-03-01", "acceptedDate": "2019-03-01 16:59:32", "calendarYear": "2018", "period": "FY", "revenue": 2366942000, "costOfRevenue": 1217769000, "grossProfit": 1149173000, "grossProfitRatio": 0.4855095731, "researchAndDevelopmentExpenses": 0, "generalAndAdministrativeExpenses": 313798000, "sellingAndMarketingExpenses": 0, "sellingGeneralAndAdministrativeExpenses": 313798000, "otherExpenses": 51706000, "operatingExpenses": 807749000, "costAndExpenses": 2025518000, "interestIncome": 214588000, "interestExpense": 552838000, "depreciationAndAmortization": 572406000, "ebitda": 965460000, "ebitdaratio": 0.4078933916, "operatingIncome": 414538000, "operatingIncomeRatio": 0.1751365264, "totalOtherIncomeExpensesNet": -383313000, "incomeBeforeTax": -594727000, "incomeBeforeTaxRatio": -0.251263867, "incomeTaxExpense": -59970000, "netIncome": -519607000, "netIncomeRatio": -0.2195267142, "eps": -4.18, "epsdiluted": -4.18, "weightedAverageShsOut": 124248250, "weightedAverageShsOutDil": 124248250, "link": "https://www.sec.gov/Archives/edgar/data/1679688/000167968819000015/0001679688-19-000015-index.htm", "finalLink": "https://www.sec.gov/Archives/edgar/data/1679688/000167968819000015/clny201810-k.htm", "calculatedOtherExpenses": 420837000, "calculatedOperatingExpenses": 734635000, "calculatedNetInterest": -338250000, "calculatedOtherIncome": -671015000, "calculatedIncomeNonControlling": -15150000, "calculatedEbitda": 986944000}, {"date": "2017-12-31", "symbol": "DBRG", "reportedCurrency": "USD", "cik": "0001679688", "fillingDate": "2018-03-01", "acceptedDate": "2018-03-01 17:17:55", "calendarYear": "2017", "period": "FY", "revenue": 2796734000, "costOfRevenue": 1181106000, "grossProfit": 1615628000, "grossProfitRatio": 0.5776838269, "researchAndDevelopmentExpenses": 0, "generalAndAdministrativeExpenses": 460341000, "sellingAndMarketingExpenses": 0, "sellingGeneralAndAdministrativeExpenses": 460341000, "otherExpenses": -25814000, "operatingExpenses": 1097861000, "costAndExpenses": 2278967000, "interestIncome": 416625000, "interestExpense": 574822000, "depreciationAndAmortization": 617779000, "ebitda": 1394883000, "ebitdaratio": 0.4987542612, "operatingIncome": -288123000, "operatingIncomeRatio": -0.1030212383, "totalOtherIncomeExpensesNet": -119512000, "incomeBeforeTax": -176567000, "incomeBeforeTaxRatio": -0.0631332833, "incomeTaxExpense": -98399000, "netIncome": -197891000, "netIncomeRatio": -0.0707578912, "eps": -1.49, "epsdiluted": -1.49, "weightedAverageShsOut": 133150000, "weightedAverageShsOutDil": 133150000, "link": "https://www.sec.gov/Archives/edgar/data/1679688/000167968818000008/0001679688-18-000008-index.htm", "finalLink": "https://www.sec.gov/Archives/edgar/data/1679688/000167968818000008/clns201710-k.htm", "calculatedOtherExpenses": 1443410000, "calculatedOperatingExpenses": 1903751000, "calculatedNetInterest": -158197000, "calculatedOtherIncome": 269753000, "calculatedIncomeNonControlling": 119723000, "calculatedEbitda": 329656000}, {"date": "2016-12-31", "symbol": "DBRG", "reportedCurrency": "USD", "cik": "0001679688", "fillingDate": "2017-02-28", "acceptedDate": "2017-02-28 16:57:01", "calendarYear": "2016", "period": "FY", "revenue": 938232000, "costOfRevenue": 142127000, "grossProfit": 796105000, "grossProfitRatio": 0.8485161453, "researchAndDevelopmentExpenses": 0, "generalAndAdministrativeExpenses": 163537000, "sellingAndMarketingExpenses": 22803000, "sellingGeneralAndAdministrativeExpenses": 163537000, "otherExpenses": 18416000, "operatingExpenses": 370224000, "costAndExpenses": 512351000, "interestIncome": 385851000, "interestExpense": 170083000, "depreciationAndAmortization": 171682000, "ebitda": 615979000, "ebitdaratio": 0.6565316468, "operatingIncome": 203476000, "operatingIncomeRatio": 0.2168717332, "totalOtherIncomeExpensesNet": 39710000, "incomeBeforeTax": 295508000, "incomeBeforeTaxRatio": 0.3149626105, "incomeTaxExpense": 4782000, "netIncome": 115318000, "netIncomeRatio": 0.1229098986, "eps": 1.63, "epsdiluted": 1.58, "weightedAverageShsOut": 41142361, "weightedAverageShsOutDil": 41142361, "link": "https://www.sec.gov/Archives/edgar/data/1679688/000167968817000017/0001679688-17-000017-index.htm", "finalLink": "https://www.sec.gov/Archives/edgar/data/1679688/000167968817000017/clns1231201610-k.htm", "calculatedOtherExpenses": 429092000, "calculatedOperatingExpenses": 592629000, "calculatedNetInterest": 215768000, "calculatedOtherIncome": -123736000, "calculatedIncomeNonControlling": 175408000, "calculatedEbitda": 375158000}, {"date": "2015-12-31", "symbol": "DBRG", "reportedCurrency": "USD", "cik": "0001679688", "fillingDate": "2015-12-31", "acceptedDate": "2015-12-30 19:00:00", "calendarYear": "2015", "period": "FY", "revenue": 841976000, "costOfRevenue": 141082000, "grossProfit": 700894000, "grossProfitRatio": 0.8324394044, "researchAndDevelopmentExpenses": 0, "generalAndAdministrativeExpenses": 137806000, "sellingAndMarketingExpenses": 0, "sellingGeneralAndAdministrativeExpenses": 137806000, "otherExpenses": -5170000, "operatingExpenses": 316258000, "costAndExpenses": 457340000, "interestIncome": 417305000, "interestExpense": 133094000, "depreciationAndAmortization": 140977000, "ebitda": 561929000, "ebitdaratio": 0.6673931323, "operatingIncome": 201462000, "operatingIncomeRatio": 0.2392728534, "totalOtherIncomeExpensesNet": -4802000, "incomeBeforeTax": 246740000, "incomeBeforeTaxRatio": 0.293048733, "incomeTaxExpense": -9296000, "netIncome": 149980000, "netIncomeRatio": 0.1781285927, "eps": 2.6, "epsdiluted": 2.6, "weightedAverageShsOut": 40664500, "weightedAverageShsOutDil": 40664500, "link": "", "finalLink": "", "calculatedOtherExpenses": 361626000, "calculatedOperatingExpenses": 499432000, "calculatedNetInterest": 284211000, "calculatedOtherIncome": -238933000, "calculatedIncomeNonControlling": 106056000, "calculatedEbitda": 342439000}, {"date": "2014-12-31", "symbol": "DBRG", "reportedCurrency": "USD", "cik": "0001679688", "fillingDate": "2014-12-31", "acceptedDate": "2014-12-30 19:00:00", "calendarYear": "2014", "period": "FY", "revenue": 300649000, "costOfRevenue": 11374000, "grossProfit": 289275000, "grossProfitRatio": 0.9621685088, "researchAndDevelopmentExpenses": 0, "generalAndAdministrativeExpenses": 54541000, "sellingAndMarketingExpenses": 0, "sellingGeneralAndAdministrativeExpenses": 54541000, "otherExpenses": 1216000, "operatingExpenses": 63718000, "costAndExpenses": 75092000, "interestIncome": 204361000, "interestExpense": 48365000, "depreciationAndAmortization": 9177000, "ebitda": 235950000, "ebitdaratio": 0.7848022112, "operatingIncome": 156096000, "operatingIncomeRatio": 0.5191968042, "totalOtherIncomeExpensesNet": -19880000, "incomeBeforeTax": 157312000, "incomeBeforeTaxRatio": 0.5232413878, "incomeTaxExpense": -2399000, "netIncome": 123149000, "netIncomeRatio": 0.4096105425, "eps": 0.69, "epsdiluted": 0.69, "weightedAverageShsOut": 141782412, "weightedAverageShsOutDil": 141789743, "link": "", "finalLink": "", "calculatedOtherExpenses": 78638000, "calculatedOperatingExpenses": 133179000, "calculatedNetInterest": 155996000, "calculatedOtherIncome": -154780000, "calculatedIncomeNonControlling": 36562000, "calculatedEbitda": 165273000}, {"date": "2013-12-31", "symbol": "DBRG", "reportedCurrency": "USD", "cik": "0001679688", "fillingDate": "2013-12-31", "acceptedDate": "2013-12-30 19:00:00", "calendarYear": "2013", "period": "FY", "revenue": 180239000, "costOfRevenue": 3425000, "grossProfit": 176814000, "grossProfitRatio": 0.9809974534, "researchAndDevelopmentExpenses": 0, "generalAndAdministrativeExpenses": 33811000, "sellingAndMarketingExpenses": 0, "sellingGeneralAndAdministrativeExpenses": 33811000, "otherExpenses": -44000, "operatingExpenses": 34121000, "costAndExpenses": 37546000, "interestIncome": 77475000, "interestExpense": 18838000, "depreciationAndAmortization": 310000, "ebitda": 142959000, "ebitdaratio": 0.7931635218, "operatingIncome": 122048000, "operatingIncomeRatio": 0.6771453459, "totalOtherIncomeExpensesNet": 2727000, "incomeBeforeTax": 126582000, "incomeBeforeTaxRatio": 0.7023008339, "incomeTaxExpense": 659000, "netIncome": 101765000, "netIncomeRatio": 0.5646114326, "eps": 0.82, "epsdiluted": 0.82, "weightedAverageShsOut": 97042666, "weightedAverageShsOutDil": 97042666, "link": "", "finalLink": "", "calculatedOtherExpenses": 20955000, "calculatedOperatingExpenses": 54766000, "calculatedNetInterest": 58637000, "calculatedOtherIncome": -54103000, "calculatedIncomeNonControlling": 24158000, "calculatedEbitda": 122358000}, {"date": "2012-12-31", "symbol": "DBRG", "reportedCurrency": "USD", "cik": "0001679688", "fillingDate": "2012-12-31", "acceptedDate": "2012-12-30 19:00:00", "calendarYear": "2012", "period": "FY", "revenue": 107155000, "costOfRevenue": 2977000, "grossProfit": 104178000, "grossProfitRatio": 0.9722178153, "researchAndDevelopmentExpenses": 0, "generalAndAdministrativeExpenses": 25328000, "sellingAndMarketingExpenses": 0, "sellingGeneralAndAdministrativeExpenses": 25328000, "otherExpenses": -232000, "operatingExpenses": 25328000, "costAndExpenses": 28305000, "interestIncome": 36445000, "interestExpense": 8248000, "depreciationAndAmortization": 8016000, "ebitda": 78618000, "ebitdaratio": 0.7336848491, "operatingIncome": 70602000, "operatingIncomeRatio": 0.6588773272, "totalOtherIncomeExpensesNet": -232000, "incomeBeforeTax": 70370000, "incomeBeforeTaxRatio": 0.6567122393, "incomeTaxExpense": 2165000, "netIncome": 62011000, "netIncomeRatio": 0.5787037469, "eps": 3.63, "epsdiluted": 3.6, "weightedAverageShsOut": 13169426, "weightedAverageShsOutDil": 13175878, "link": "", "finalLink": "", "calculatedOtherExpenses": 8248000, "calculatedOperatingExpenses": 33576000, "calculatedNetInterest": 28197000, "calculatedOtherIncome": -28429000, "calculatedIncomeNonControlling": 6194000, "calculatedEbitda": 78618000}, {"date": "2011-12-31", "symbol": "DBRG", "reportedCurrency": "USD", "cik": "0001679688", "fillingDate": "2011-12-31", "acceptedDate": "2011-12-30 19:00:00", "calendarYear": "2011", "period": "FY", "revenue": 65469000, "costOfRevenue": 0, "grossProfit": 65469000, "grossProfitRatio": 1, "researchAndDevelopmentExpenses": 0, "generalAndAdministrativeExpenses": 0, "sellingAndMarketingExpenses": 0, "sellingGeneralAndAdministrativeExpenses": 17050000, "otherExpenses": 0, "operatingExpenses": 17050000, "costAndExpenses": 17050000, "interestIncome": 0, "interestExpense": 3011000, "depreciationAndAmortization": 0, "ebitda": 48419000, "ebitdaratio": 0.7395714002, "operatingIncome": 48419000, "operatingIncomeRatio": 0.7395714002, "totalOtherIncomeExpensesNet": -853000, "incomeBeforeTax": 44555000, "incomeBeforeTaxRatio": 0.6805511005, "incomeTaxExpense": 1191000, "netIncome": 42260000, "netIncomeRatio": 0.6454963418, "eps": 4.01, "epsdiluted": 3.98, "weightedAverageShsOut": 10532506, "weightedAverageShsOutDil": 10628365, "link": "", "finalLink": "", "calculatedOtherExpenses": 0, "calculatedOperatingExpenses": 17050000, "calculatedNetInterest": -3011000, "calculatedOtherIncome": -853000, "calculatedIncomeNonControlling": 1104000, "calculatedEbitda": 48419000}, {"date": "2010-12-31", "symbol": "DBRG", "reportedCurrency": "USD", "cik": "0001679688", "fillingDate": "2010-12-31", "acceptedDate": "2010-12-30 19:00:00", "calendarYear": "2010", "period": "FY", "revenue": 27425000, "costOfRevenue": 0, "grossProfit": 27425000, "grossProfitRatio": 1, "researchAndDevelopmentExpenses": 0, "generalAndAdministrativeExpenses": 9327000, "sellingAndMarketingExpenses": 0, "sellingGeneralAndAdministrativeExpenses": 9327000, "otherExpenses": 0, "operatingExpenses": 9327000, "costAndExpenses": 9327000, "interestIncome": 3158000, "interestExpense": 555000, "depreciationAndAmortization": 555000, "ebitda": 18098000, "ebitdaratio": 0.6599088423, "operatingIncome": 17543000, "operatingIncomeRatio": 0.6396718323, "totalOtherIncomeExpensesNet": 454000, "incomeBeforeTax": 17997000, "incomeBeforeTaxRatio": 0.6562260711, "incomeTaxExpense": 243000, "netIncome": 17731000, "netIncomeRatio": 0.6465268915, "eps": 3.27, "epsdiluted": 3.22, "weightedAverageShsOut": 5394591, "weightedAverageShsOutDil": 5499981, "link": "", "finalLink": "", "calculatedOtherExpenses": 555000, "calculatedOperatingExpenses": 9882000, "calculatedNetInterest": 2603000, "calculatedOtherIncome": -2149000, "calculatedIncomeNonControlling": 23000, "calculatedEbitda": 18098000}, {"date": "2009-12-31", "symbol": "DBRG", "reportedCurrency": "USD", "cik": "0001679688", "fillingDate": "2009-12-31", "acceptedDate": "2009-12-30 19:00:00", "calendarYear": "2009", "period": "FY", "revenue": 0, "costOfRevenue": 0, "grossProfit": 0, "grossProfitRatio": 0, "researchAndDevelopmentExpenses": 0, "generalAndAdministrativeExpenses": 0, "sellingAndMarketingExpenses": 0, "sellingGeneralAndAdministrativeExpenses": 0, "otherExpenses": 0, "operatingExpenses": 0, "costAndExpenses": 0, "interestIncome": 0, "interestExpense": 0, "depreciationAndAmortization": 0, "ebitda": 0, "ebitdaratio": 0, "operatingIncome": 0, "operatingIncomeRatio": 0, "totalOtherIncomeExpensesNet": 0, "incomeBeforeTax": 0, "incomeBeforeTaxRatio": 0, "incomeTaxExpense": 0, "netIncome": 0, "netIncomeRatio": 0, "eps": 0, "epsdiluted": 0, "weightedAverageShsOut": 5394591, "weightedAverageShsOutDil": 5394591, "link": "", "finalLink": "", "calculatedOtherExpenses": 0, "calculatedOperatingExpenses": 0, "calculatedNetInterest": 0, "calculatedOtherIncome": 0, "calculatedIncomeNonControlling": 0, "calculatedEbitda": 0}]}