{"originalCurrency": "USD", "convertedCurrency": "USD", "report": [{"date": "2023-12-31", "symbol": "DBX", "reportedCurrency": "USD", "cik": "0001467623", "fillingDate": "2024-02-16", "acceptedDate": "2024-02-16 16:11:15", "calendarYear": "2023", "period": "FY", "revenue": 2501600000, "costOfRevenue": 478500000, "grossProfit": 2023100000, "grossProfitRatio": 0.8087224177, "researchAndDevelopmentExpenses": 936500000, "generalAndAdministrativeExpenses": 237100000, "sellingAndMarketingExpenses": 466000000, "sellingGeneralAndAdministrativeExpenses": 703100000, "otherExpenses": -3700000, "operatingExpenses": 1639600000, "costAndExpenses": 2118100000, "interestIncome": 34600000, "interestExpense": 15200000, "depreciationAndAmortization": 170100000, "ebitda": 553600000, "ebitdaratio": 0.221298369, "operatingIncome": 383500000, "operatingIncomeRatio": 0.1533018868, "totalOtherIncomeExpensesNet": 170900000, "incomeBeforeTax": 554400000, "incomeBeforeTaxRatio": 0.2216181644, "incomeTaxExpense": 100800000, "netIncome": 453600000, "netIncomeRatio": 0.1813239527, "eps": 1.33, "epsdiluted": 1.31, "weightedAverageShsOut": 341200000, "weightedAverageShsOutDil": 345600000, "link": "https://www.sec.gov/Archives/edgar/data/1467623/000146762324000008/0001467623-24-000008-index.htm", "finalLink": "https://www.sec.gov/Archives/edgar/data/1467623/000146762324000008/dbx-20231231.htm", "calculatedOtherExpenses": 0, "calculatedOperatingExpenses": 1639600000, "calculatedNetInterest": 19400000, "calculatedOtherIncome": 151500000, "calculatedIncomeNonControlling": 0, "calculatedEbitda": 553600000}, {"date": "2022-12-31", "symbol": "DBX", "reportedCurrency": "USD", "cik": "0001467623", "fillingDate": "2023-02-23", "acceptedDate": "2023-02-22 18:02:18", "calendarYear": "2022", "period": "FY", "revenue": 2324900000, "costOfRevenue": 444200000, "grossProfit": 1880700000, "grossProfitRatio": 0.8089380188, "researchAndDevelopmentExpenses": 891900000, "generalAndAdministrativeExpenses": 222900000, "sellingAndMarketingExpenses": 409400000, "sellingGeneralAndAdministrativeExpenses": 632300000, "otherExpenses": 8100000, "operatingExpenses": 1524200000, "costAndExpenses": 1968400000, "interestIncome": 15700000, "interestExpense": 3300000, "depreciationAndAmortization": 157100000, "ebitda": 688800000, "ebitdaratio": 0.2962708073, "operatingIncome": 531700000, "operatingIncomeRatio": 0.2286980085, "totalOtherIncomeExpensesNet": -339000000, "incomeBeforeTax": 192700000, "incomeBeforeTaxRatio": 0.0828852854, "incomeTaxExpense": -360500000, "netIncome": 553200000, "netIncomeRatio": 0.2379457181, "eps": 1.53, "epsdiluted": 1.24, "weightedAverageShsOut": 361200000, "weightedAverageShsOutDil": 445900000, "link": "https://www.sec.gov/Archives/edgar/data/1467623/000146762323000012/0001467623-23-000012-index.htm", "finalLink": "https://www.sec.gov/Archives/edgar/data/1467623/000146762323000012/dbx-20221231.htm", "calculatedOtherExpenses": -175200000, "calculatedOperatingExpenses": 1349000000, "calculatedNetInterest": 12400000, "calculatedOtherIncome": -351400000, "calculatedIncomeNonControlling": 0, "calculatedEbitda": 688800000}, {"date": "2021-12-31", "symbol": "DBX", "reportedCurrency": "USD", "cik": "0001467623", "fillingDate": "2022-02-18", "acceptedDate": "2022-02-18 16:22:01", "calendarYear": "2021", "period": "FY", "revenue": 2157900000, "costOfRevenue": 444200000, "grossProfit": 1713700000, "grossProfitRatio": 0.7941517216, "researchAndDevelopmentExpenses": 755900000, "generalAndAdministrativeExpenses": 224600000, "sellingAndMarketingExpenses": 427500000, "sellingGeneralAndAdministrativeExpenses": 652100000, "otherExpenses": 30100000, "operatingExpenses": 1408000000, "costAndExpenses": 1852200000, "interestIncome": 7500000, "interestExpense": -5200000, "depreciationAndAmortization": 214000000, "ebitda": 488400000, "ebitdaratio": 0.2263311553, "operatingIncome": 274400000, "operatingIncomeRatio": 0.1271606655, "totalOtherIncomeExpensesNet": 24900000, "incomeBeforeTax": 299300000, "incomeBeforeTaxRatio": 0.1386996617, "incomeTaxExpense": -36500000, "netIncome": 335800000, "netIncomeRatio": 0.1556142546, "eps": 0.87, "epsdiluted": 0.85, "weightedAverageShsOut": 388000000, "weightedAverageShsOutDil": 395800000, "link": "https://www.sec.gov/Archives/edgar/data/1467623/000146762322000015/0001467623-22-000015-index.htm", "finalLink": "https://www.sec.gov/Archives/edgar/data/1467623/000146762322000015/dbx-20211231.htm", "calculatedOtherExpenses": 31300000, "calculatedOperatingExpenses": 1439300000, "calculatedNetInterest": 12700000, "calculatedOtherIncome": 12200000, "calculatedIncomeNonControlling": 0, "calculatedEbitda": 488400000}, {"date": "2020-12-31", "symbol": "DBX", "reportedCurrency": "USD", "cik": "0001467623", "fillingDate": "2021-02-19", "acceptedDate": "2021-02-19 16:11:31", "calendarYear": "2020", "period": "FY", "revenue": 1913900000, "costOfRevenue": 414600000, "grossProfit": 1499300000, "grossProfitRatio": 0.783374262, "researchAndDevelopmentExpenses": 727500000, "generalAndAdministrativeExpenses": 227800000, "sellingAndMarketingExpenses": 422800000, "sellingGeneralAndAdministrativeExpenses": 650600000, "otherExpenses": 25100000, "operatingExpenses": 1378100000, "costAndExpenses": 1792700000, "interestIncome": 12500000, "interestExpense": 10800000, "depreciationAndAmortization": 159300000, "ebitda": 678700000, "ebitdaratio": 0.3546162286, "operatingIncome": 519400000, "operatingIncomeRatio": 0.2713830399, "totalOtherIncomeExpensesNet": -769600000, "incomeBeforeTax": -250200000, "incomeBeforeTaxRatio": -0.1307278332, "incomeTaxExpense": 6100000, "netIncome": -256300000, "netIncomeRatio": -0.1339150426, "eps": -0.62, "epsdiluted": -0.62, "weightedAverageShsOut": 414300000, "weightedAverageShsOutDil": 414300000, "link": "https://www.sec.gov/Archives/edgar/data/1467623/000146762321000012/0001467623-21-000012-index.htm", "finalLink": "https://www.sec.gov/Archives/edgar/data/1467623/000146762321000012/dbx-20201231.htm", "calculatedOtherExpenses": -398200000, "calculatedOperatingExpenses": 979900000, "calculatedNetInterest": 1700000, "calculatedOtherIncome": -771300000, "calculatedIncomeNonControlling": 0, "calculatedEbitda": 678700000}, {"date": "2019-12-31", "symbol": "DBX", "reportedCurrency": "USD", "cik": "0001467623", "fillingDate": "2020-02-21", "acceptedDate": "2020-02-21 16:33:29", "calendarYear": "2019", "period": "FY", "revenue": 1661300000, "costOfRevenue": 411000000, "grossProfit": 1250300000, "grossProfitRatio": 0.7526033829, "researchAndDevelopmentExpenses": 662100000, "generalAndAdministrativeExpenses": 245400000, "sellingAndMarketingExpenses": 423300000, "sellingGeneralAndAdministrativeExpenses": 668700000, "otherExpenses": 16000000, "operatingExpenses": 1330800000, "costAndExpenses": 1741800000, "interestIncome": 22800000, "interestExpense": 12500000, "depreciationAndAmortization": 173500000, "ebitda": 93000000, "ebitdaratio": 0.0559802564, "operatingIncome": -80500000, "operatingIncomeRatio": -0.0484560284, "totalOtherIncomeExpensesNet": 28500000, "incomeBeforeTax": -52000000, "incomeBeforeTaxRatio": -0.0313007885, "incomeTaxExpense": 700000, "netIncome": -52700000, "netIncomeRatio": -0.0317221453, "eps": -0.13, "epsdiluted": -0.13, "weightedAverageShsOut": 411600000, "weightedAverageShsOutDil": 411600000, "link": "https://www.sec.gov/Archives/edgar/data/1467623/000146762320000011/0001467623-20-000011-index.htm", "finalLink": "https://www.sec.gov/Archives/edgar/data/1467623/000146762320000011/a12311910-k.htm", "calculatedOtherExpenses": 0, "calculatedOperatingExpenses": 1330800000, "calculatedNetInterest": 10300000, "calculatedOtherIncome": 18200000, "calculatedIncomeNonControlling": 0, "calculatedEbitda": 93000000}, {"date": "2018-12-31", "symbol": "DBX", "reportedCurrency": "USD", "cik": "0001467623", "fillingDate": "2019-02-25", "acceptedDate": "2019-02-22 17:51:52", "calendarYear": "2018", "period": "FY", "revenue": 1391700000, "costOfRevenue": 394700000, "grossProfit": 997000000, "grossProfitRatio": 0.7163900266, "researchAndDevelopmentExpenses": 768200000, "generalAndAdministrativeExpenses": 283200000, "sellingAndMarketingExpenses": 439600000, "sellingGeneralAndAdministrativeExpenses": 722800000, "otherExpenses": 6800000, "operatingExpenses": 1491000000, "costAndExpenses": 1885700000, "interestIncome": 0, "interestExpense": 7100000, "depreciationAndAmortization": 166800000, "ebitda": -327200000, "ebitdaratio": -0.2351081411, "operatingIncome": -494000000, "operatingIncomeRatio": -0.3549615578, "totalOtherIncomeExpensesNet": 6800000, "incomeBeforeTax": -480100000, "incomeBeforeTaxRatio": -0.3449737731, "incomeTaxExpense": 4800000, "netIncome": -484900000, "netIncomeRatio": -0.3484227923, "eps": -1.35, "epsdiluted": -1.35, "weightedAverageShsOut": 358600000, "weightedAverageShsOutDil": 358600000, "link": "https://www.sec.gov/Archives/edgar/data/1467623/000146762319000005/0001467623-19-000005-index.htm", "finalLink": "https://www.sec.gov/Archives/edgar/data/1467623/000146762319000005/a12311810-k.htm", "calculatedOtherExpenses": 0, "calculatedOperatingExpenses": 1491000000, "calculatedNetInterest": -7100000, "calculatedOtherIncome": 21000000, "calculatedIncomeNonControlling": 0, "calculatedEbitda": -327200000}, {"date": "2017-12-31", "symbol": "DBX", "reportedCurrency": "USD", "cik": "0001467623", "fillingDate": "2017-12-31", "acceptedDate": "2017-12-30 19:00:00", "calendarYear": "2017", "period": "FY", "revenue": 1106800000, "costOfRevenue": 368900000, "grossProfit": 737900000, "grossProfitRatio": 0.6666967835, "researchAndDevelopmentExpenses": 380300000, "generalAndAdministrativeExpenses": 157300000, "sellingAndMarketingExpenses": 314000000, "sellingGeneralAndAdministrativeExpenses": 471300000, "otherExpenses": 13200000, "operatingExpenses": 851600000, "costAndExpenses": 1220500000, "interestIncome": 0, "interestExpense": 0, "depreciationAndAmortization": 181800000, "ebitda": 68100000, "ebitdaratio": 0.0615287315, "operatingIncome": -113700000, "operatingIncomeRatio": -0.1027285869, "totalOtherIncomeExpensesNet": 13200000, "incomeBeforeTax": -111500000, "incomeBeforeTaxRatio": -0.1007408746, "incomeTaxExpense": 200000, "netIncome": -111700000, "netIncomeRatio": -0.1009215757, "eps": -0.28, "epsdiluted": -0.28, "weightedAverageShsOut": 393023459, "weightedAverageShsOutDil": 393023459, "link": "", "finalLink": "", "calculatedOtherExpenses": 0, "calculatedOperatingExpenses": 851600000, "calculatedNetInterest": 0, "calculatedOtherIncome": 2200000, "calculatedIncomeNonControlling": 0, "calculatedEbitda": 68100000}, {"date": "2016-12-31", "symbol": "DBX", "reportedCurrency": "USD", "cik": "0001467623", "fillingDate": "2016-12-31", "acceptedDate": "2016-12-30 19:00:00", "calendarYear": "2016", "period": "FY", "revenue": 844800000, "costOfRevenue": 390600000, "grossProfit": 454200000, "grossProfitRatio": 0.5376420455, "researchAndDevelopmentExpenses": 289700000, "generalAndAdministrativeExpenses": 107400000, "sellingAndMarketingExpenses": 250600000, "sellingGeneralAndAdministrativeExpenses": 358000000, "otherExpenses": 4900000, "operatingExpenses": 647700000, "costAndExpenses": 1038300000, "interestIncome": 0, "interestExpense": 0, "depreciationAndAmortization": 191600000, "ebitda": -1900000, "ebitdaratio": -0.002249053, "operatingIncome": -193500000, "operatingIncomeRatio": -0.2290482955, "totalOtherIncomeExpensesNet": 4900000, "incomeBeforeTax": -205000000, "incomeBeforeTaxRatio": -0.2426609848, "incomeTaxExpense": 5200000, "netIncome": -210200000, "netIncomeRatio": -0.2488162879, "eps": -0.59, "epsdiluted": -0.59, "weightedAverageShsOut": 358600000, "weightedAverageShsOutDil": 358600000, "link": "", "finalLink": "", "calculatedOtherExpenses": 0, "calculatedOperatingExpenses": 647700000, "calculatedNetInterest": 0, "calculatedOtherIncome": -11500000, "calculatedIncomeNonControlling": 0, "calculatedEbitda": -1900000}, {"date": "2015-12-31", "symbol": "DBX", "reportedCurrency": "USD", "cik": "0001467623", "fillingDate": "2015-12-31", "acceptedDate": "2015-12-30 19:00:00", "calendarYear": "2015", "period": "FY", "revenue": 603800000, "costOfRevenue": 407400000, "grossProfit": 196400000, "grossProfitRatio": 0.3252732693, "researchAndDevelopmentExpenses": 201600000, "generalAndAdministrativeExpenses": 107900000, "sellingAndMarketingExpenses": 193100000, "sellingGeneralAndAdministrativeExpenses": 301000000, "otherExpenses": -4200000, "operatingExpenses": 502600000, "costAndExpenses": 910000000, "interestIncome": 0, "interestExpense": 0, "depreciationAndAmortization": 149600000, "ebitda": -156600000, "ebitdaratio": -0.2593574031, "operatingIncome": -306200000, "operatingIncomeRatio": -0.5071215634, "totalOtherIncomeExpensesNet": -4200000, "incomeBeforeTax": -325600000, "incomeBeforeTaxRatio": -0.5392514078, "incomeTaxExpense": 300000, "netIncome": -325900000, "netIncomeRatio": -0.539748261, "eps": -0.91, "epsdiluted": -0.91, "weightedAverageShsOut": 358600000, "weightedAverageShsOutDil": 358600000, "link": "", "finalLink": "", "calculatedOtherExpenses": 0, "calculatedOperatingExpenses": 502600000, "calculatedNetInterest": 0, "calculatedOtherIncome": -19400000, "calculatedIncomeNonControlling": 0, "calculatedEbitda": -156600000}]}