{"originalCurrency": "USD", "convertedCurrency": "USD", "report": [{"date": "2023-12-31", "symbol": "DD", "reportedCurrency": "USD", "cik": "0001666700", "fillingDate": "2024-02-15", "acceptedDate": "2024-02-15 10:52:57", "calendarYear": "2023", "period": "FY", "revenue": 12068000000, "costOfRevenue": 8435000000, "grossProfit": 3633000000, "grossProfitRatio": 0.3010440835, "researchAndDevelopmentExpenses": 508000000, "generalAndAdministrativeExpenses": 1417000000, "sellingAndMarketingExpenses": -9000000, "sellingGeneralAndAdministrativeExpenses": 1408000000, "otherExpenses": 10000000, "operatingExpenses": 1916000000, "costAndExpenses": 10351000000, "interestIncome": 155000000, "interestExpense": 396000000, "depreciationAndAmortization": 1147000000, "ebitda": 2864000000, "ebitdaratio": 0.2373218429, "operatingIncome": 1717000000, "operatingIncomeRatio": 0.1422770965, "totalOtherIncomeExpensesNet": -1213000000, "incomeBeforeTax": 504000000, "incomeBeforeTaxRatio": 0.0417633411, "incomeTaxExpense": -29000000, "netIncome": 423000000, "netIncomeRatio": 0.0350513755, "eps": 0.94, "epsdiluted": 0.94, "weightedAverageShsOut": 449900000, "weightedAverageShsOutDil": 451200000, "link": "https://www.sec.gov/Archives/edgar/data/1666700/000166670024000008/0001666700-24-000008-index.htm", "finalLink": "https://www.sec.gov/Archives/edgar/data/1666700/000166670024000008/dd-20231231.htm", "calculatedOtherExpenses": 0, "calculatedOperatingExpenses": 1916000000, "calculatedNetInterest": -241000000, "calculatedOtherIncome": -972000000, "calculatedIncomeNonControlling": 110000000, "calculatedEbitda": 2864000000}, {"date": "2022-12-31", "symbol": "DD", "reportedCurrency": "USD", "cik": "0001666700", "fillingDate": "2023-02-15", "acceptedDate": "2023-02-15 15:09:10", "calendarYear": "2022", "period": "FY", "revenue": 13017000000, "costOfRevenue": 8402000000, "grossProfit": 4615000000, "grossProfitRatio": 0.3545363755, "researchAndDevelopmentExpenses": 536000000, "generalAndAdministrativeExpenses": 1439000000, "sellingAndMarketingExpenses": 28000000, "sellingGeneralAndAdministrativeExpenses": 1467000000, "otherExpenses": 590000000, "operatingExpenses": 2593000000, "costAndExpenses": 10995000000, "interestIncome": 50000000, "interestExpense": 492000000, "depreciationAndAmortization": 1180000000, "ebitda": 3468000000, "ebitdaratio": 0.2664208343, "operatingIncome": 2288000000, "operatingIncomeRatio": 0.1757701467, "totalOtherIncomeExpensesNet": -840000000, "incomeBeforeTax": 1448000000, "incomeBeforeTaxRatio": 0.1112391488, "incomeTaxExpense": 387000000, "netIncome": 1061000000, "netIncomeRatio": 0.0815087962, "eps": 2.13, "epsdiluted": 2.12, "weightedAverageShsOut": 498500000, "weightedAverageShsOutDil": 499400000, "link": "https://www.sec.gov/Archives/edgar/data/1666700/000166670023000008/0001666700-23-000008-index.htm", "finalLink": "https://www.sec.gov/Archives/edgar/data/1666700/000166670023000008/dd-20221231.htm", "calculatedOtherExpenses": 324000000, "calculatedOperatingExpenses": 2327000000, "calculatedNetInterest": -442000000, "calculatedOtherIncome": -398000000, "calculatedIncomeNonControlling": 0, "calculatedEbitda": 3468000000}, {"date": "2021-12-31", "symbol": "DD", "reportedCurrency": "USD", "cik": "0001666700", "fillingDate": "2022-02-11", "acceptedDate": "2022-02-11 11:32:25", "calendarYear": "2021", "period": "FY", "revenue": 12566000000, "costOfRevenue": 7971000000, "grossProfit": 4595000000, "grossProfitRatio": 0.3656692663, "researchAndDevelopmentExpenses": 557000000, "generalAndAdministrativeExpenses": 1572000000, "sellingAndMarketingExpenses": 30000000, "sellingGeneralAndAdministrativeExpenses": 1602000000, "otherExpenses": 566000000, "operatingExpenses": 2725000000, "costAndExpenses": 10696000000, "interestIncome": 4000000, "interestExpense": 525000000, "depreciationAndAmortization": 566000000, "ebitda": 2666000000, "ebitdaratio": 0.2121597963, "operatingIncome": 2100000000, "operatingIncomeRatio": 0.167117619, "totalOtherIncomeExpensesNet": -656000000, "incomeBeforeTax": 1444000000, "incomeBeforeTaxRatio": 0.114913258, "incomeTaxExpense": 237000000, "netIncome": 1177000000, "netIncomeRatio": 0.0936654464, "eps": 2.17, "epsdiluted": 2.16, "weightedAverageShsOut": 542700000, "weightedAverageShsOutDil": 544200000, "link": "https://www.sec.gov/Archives/edgar/data/1666700/000166670022000009/0001666700-22-000009-index.htm", "finalLink": "https://www.sec.gov/Archives/edgar/data/1666700/000166670022000009/dd-20211231.htm", "calculatedOtherExpenses": 336000000, "calculatedOperatingExpenses": 2495000000, "calculatedNetInterest": -521000000, "calculatedOtherIncome": -135000000, "calculatedIncomeNonControlling": 30000000, "calculatedEbitda": 2666000000}, {"date": "2020-12-31", "symbol": "DD", "reportedCurrency": "USD", "cik": "0001666700", "fillingDate": "2021-02-12", "acceptedDate": "2021-02-12 09:43:55", "calendarYear": "2020", "period": "FY", "revenue": 20397000000, "costOfRevenue": 13522000000, "grossProfit": 6875000000, "grossProfitRatio": 0.3370593715, "researchAndDevelopmentExpenses": 860000000, "generalAndAdministrativeExpenses": 0, "sellingAndMarketingExpenses": 0, "sellingGeneralAndAdministrativeExpenses": 2235000000, "otherExpenses": 2119000000, "operatingExpenses": 5214000000, "costAndExpenses": 18736000000, "interestIncome": 10000000, "interestExpense": 767000000, "depreciationAndAmortization": 3094000000, "ebitda": 5621000000, "ebitdaratio": 0.2755797421, "operatingIncome": 2527000000, "operatingIncomeRatio": 0.1238907683, "totalOtherIncomeExpensesNet": -5424000000, "incomeBeforeTax": -2897000000, "incomeBeforeTaxRatio": -0.1420306908, "incomeTaxExpense": -23000000, "netIncome": -2874000000, "netIncomeRatio": -0.140903074, "eps": -3.91, "epsdiluted": -3.91, "weightedAverageShsOut": 735500000, "weightedAverageShsOutDil": 735500000, "link": "https://www.sec.gov/Archives/edgar/data/1666700/000166670021000005/0001666700-21-000005-index.htm", "finalLink": "https://www.sec.gov/Archives/edgar/data/1666700/000166670021000005/dd-20201231.htm", "calculatedOtherExpenses": 1253000000, "calculatedOperatingExpenses": 4348000000, "calculatedNetInterest": -757000000, "calculatedOtherIncome": -4667000000, "calculatedIncomeNonControlling": 0, "calculatedEbitda": 5621000000}, {"date": "2019-12-31", "symbol": "DD", "reportedCurrency": "USD", "cik": "0001666700", "fillingDate": "2020-02-14", "acceptedDate": "2020-02-14 13:42:20", "calendarYear": "2019", "period": "FY", "revenue": 21512000000, "costOfRevenue": 14056000000, "grossProfit": 7456000000, "grossProfitRatio": 0.346597248, "researchAndDevelopmentExpenses": 955000000, "generalAndAdministrativeExpenses": 0, "sellingAndMarketingExpenses": 0, "sellingGeneralAndAdministrativeExpenses": 2663000000, "otherExpenses": 1050000000, "operatingExpenses": 4668000000, "costAndExpenses": 18724000000, "interestIncome": 55000000, "interestExpense": 668000000, "depreciationAndAmortization": 1050000000, "ebitda": 4075000000, "ebitdaratio": 0.1894291558, "operatingIncome": 3025000000, "operatingIncomeRatio": 0.1406191893, "totalOtherIncomeExpensesNet": -3499000000, "incomeBeforeTax": -474000000, "incomeBeforeTaxRatio": -0.0220342135, "incomeTaxExpense": 140000000, "netIncome": -614000000, "netIncomeRatio": -0.028542209, "eps": -0.82, "epsdiluted": -0.82, "weightedAverageShsOut": 746300000, "weightedAverageShsOutDil": 746300000, "link": "https://www.sec.gov/Archives/edgar/data/1666700/000166670020000006/0001666700-20-000006-index.htm", "finalLink": "https://www.sec.gov/Archives/edgar/data/1666700/000166670020000006/dupont201910-k.htm", "calculatedOtherExpenses": 813000000, "calculatedOperatingExpenses": 4431000000, "calculatedNetInterest": -613000000, "calculatedOtherIncome": -2886000000, "calculatedIncomeNonControlling": 0, "calculatedEbitda": 4075000000}, {"date": "2018-12-31", "symbol": "DD", "reportedCurrency": "USD", "cik": "0001666700", "fillingDate": "2019-02-11", "acceptedDate": "2019-02-11 10:52:47", "calendarYear": "2018", "period": "FY", "revenue": 85977000000, "costOfRevenue": 65333000000, "grossProfit": 20644000000, "grossProfitRatio": 0.2401107273, "researchAndDevelopmentExpenses": 3060000000, "generalAndAdministrativeExpenses": 0, "sellingAndMarketingExpenses": 0, "sellingGeneralAndAdministrativeExpenses": 6709000000, "otherExpenses": 592000000, "operatingExpenses": 11672000000, "costAndExpenses": 77005000000, "interestIncome": 210000000, "interestExpense": 1504000000, "depreciationAndAmortization": 1903000000, "ebitda": 12468000000, "ebitdaratio": 0.1450155274, "operatingIncome": 8972000000, "operatingIncomeRatio": 0.1043534899, "totalOtherIncomeExpensesNet": -1975000000, "incomeBeforeTax": 5493000000, "incomeBeforeTaxRatio": 0.0638891797, "incomeTaxExpense": 1489000000, "netIncome": 3844000000, "netIncomeRatio": 0.0447096316, "eps": 5.01, "epsdiluted": 4.98, "weightedAverageShsOut": 766999233, "weightedAverageShsOutDil": 771832561, "link": "https://www.sec.gov/Archives/edgar/data/1666700/000166670019000006/0001666700-19-000006-index.htm", "finalLink": "https://www.sec.gov/Archives/edgar/data/1666700/000166670019000006/a2018dwdp10-k.htm", "calculatedOtherExpenses": 1903000000, "calculatedOperatingExpenses": 11672000000, "calculatedNetInterest": -1294000000, "calculatedOtherIncome": -2185000000, "calculatedIncomeNonControlling": 160000000, "calculatedEbitda": 10875000000}, {"date": "2017-12-31", "symbol": "DD", "reportedCurrency": "USD", "cik": "0001666700", "fillingDate": "2018-02-15", "acceptedDate": "2018-02-15 16:04:46", "calendarYear": "2017", "period": "FY", "revenue": 62484000000, "costOfRevenue": 50414000000, "grossProfit": 12070000000, "grossProfitRatio": 0.1931694514, "researchAndDevelopmentExpenses": 2110000000, "generalAndAdministrativeExpenses": 0, "sellingAndMarketingExpenses": 0, "sellingGeneralAndAdministrativeExpenses": 4021000000, "otherExpenses": 966000000, "operatingExpenses": 7144000000, "costAndExpenses": 57558000000, "interestIncome": 147000000, "interestExpense": 1082000000, "depreciationAndAmortization": 1013000000, "ebitda": 7669000000, "ebitdaratio": 0.1227354203, "operatingIncome": 4926000000, "operatingIncomeRatio": 0.0788361821, "totalOtherIncomeExpensesNet": -2651000000, "incomeBeforeTax": 1193000000, "incomeBeforeTaxRatio": 0.0190928878, "incomeTaxExpense": -476000000, "netIncome": 1460000000, "netIncomeRatio": 0.0233659817, "eps": 2.77, "epsdiluted": 2.74, "weightedAverageShsOut": 526599473, "weightedAverageShsOutDil": 532699467, "link": "https://www.sec.gov/Archives/edgar/data/1666700/000166670018000009/0001666700-18-000009-index.htm", "finalLink": "https://www.sec.gov/Archives/edgar/data/1666700/000166670018000009/a2017dwdp10-k.htm", "calculatedOtherExpenses": 1013000000, "calculatedOperatingExpenses": 7144000000, "calculatedNetInterest": -935000000, "calculatedOtherIncome": -2798000000, "calculatedIncomeNonControlling": 209000000, "calculatedEbitda": 5939000000}, {"date": "2016-12-31", "symbol": "DD", "reportedCurrency": "USD", "cik": "0001666700", "fillingDate": "2016-12-31", "acceptedDate": "2016-12-31 00:00:00", "calendarYear": "2016", "period": "FY", "revenue": 48158000000, "costOfRevenue": 37641000000, "grossProfit": 10517000000, "grossProfitRatio": 0.218385315, "researchAndDevelopmentExpenses": 1584000000, "generalAndAdministrativeExpenses": 0, "sellingAndMarketingExpenses": 0, "sellingGeneralAndAdministrativeExpenses": 3304000000, "otherExpenses": 1202000000, "operatingExpenses": 5432000000, "costAndExpenses": 43073000000, "interestIncome": 107000000, "interestExpense": 858000000, "depreciationAndAmortization": 544000000, "ebitda": 7380000000, "ebitdaratio": 0.1532455667, "operatingIncome": 5085000000, "operatingIncomeRatio": 0.1055899331, "totalOtherIncomeExpensesNet": 79000000, "incomeBeforeTax": 4413000000, "incomeBeforeTaxRatio": 0.0916358653, "incomeTaxExpense": 9000000, "netIncome": 4318000000, "netIncomeRatio": 0.089663192, "eps": 11.69, "epsdiluted": 11.53, "weightedAverageShsOut": 369366297, "weightedAverageShsOutDil": 374399625, "link": null, "finalLink": null, "calculatedOtherExpenses": 544000000, "calculatedOperatingExpenses": 5432000000, "calculatedNetInterest": -751000000, "calculatedOtherIncome": 79000000, "calculatedIncomeNonControlling": 86000000, "calculatedEbitda": 5629000000}, {"date": "2015-12-31", "symbol": "DD", "reportedCurrency": "USD", "cik": "0001666700", "fillingDate": "2015-12-31", "acceptedDate": "2015-12-31 00:00:00", "calendarYear": "2015", "period": "FY", "revenue": 48778000000, "costOfRevenue": 37836000000, "grossProfit": 10942000000, "grossProfitRatio": 0.2243224404, "researchAndDevelopmentExpenses": 1598000000, "generalAndAdministrativeExpenses": 0, "sellingAndMarketingExpenses": 0, "sellingGeneralAndAdministrativeExpenses": 2971000000, "otherExpenses": 4592000000, "operatingExpenses": 4988000000, "costAndExpenses": 42824000000, "interestIncome": 71000000, "interestExpense": 946000000, "depreciationAndAmortization": 419000000, "ebitda": 11710000000, "ebitdaratio": 0.2400672434, "operatingIncome": 5954000000, "operatingIncomeRatio": 0.1220632252, "totalOtherIncomeExpensesNet": 4851000000, "incomeBeforeTax": 9930000000, "incomeBeforeTaxRatio": 0.2035753823, "incomeTaxExpense": 2147000000, "netIncome": 7685000000, "netIncomeRatio": 0.1575505351, "eps": 20.4, "epsdiluted": 18.57, "weightedAverageShsOut": 376699623, "weightedAverageShsOutDil": 413799586, "link": null, "finalLink": null, "calculatedOtherExpenses": 419000000, "calculatedOperatingExpenses": 4988000000, "calculatedNetInterest": -875000000, "calculatedOtherIncome": 4851000000, "calculatedIncomeNonControlling": 98000000, "calculatedEbitda": 6373000000}, {"date": "2014-12-31", "symbol": "DD", "reportedCurrency": "USD", "cik": "0001666700", "fillingDate": "2014-12-31", "acceptedDate": "2014-12-31 00:00:00", "calendarYear": "2014", "period": "FY", "revenue": 58167000000, "costOfRevenue": 47464000000, "grossProfit": 10703000000, "grossProfitRatio": 0.1840046762, "researchAndDevelopmentExpenses": 1647000000, "generalAndAdministrativeExpenses": 0, "sellingAndMarketingExpenses": 0, "sellingGeneralAndAdministrativeExpenses": 3106000000, "otherExpenses": -27000000, "operatingExpenses": 5189000000, "costAndExpenses": 52653000000, "interestIncome": 51000000, "interestExpense": 983000000, "depreciationAndAmortization": 436000000, "ebitda": 6809000000, "ebitdaratio": 0.1170595011, "operatingIncome": 5514000000, "operatingIncomeRatio": 0.0947960184, "totalOtherIncomeExpensesNet": 683000000, "incomeBeforeTax": 5265000000, "incomeBeforeTaxRatio": 0.0905152406, "incomeTaxExpense": 1426000000, "netIncome": 3772000000, "netIncomeRatio": 0.0648477659, "eps": 9.66, "epsdiluted": 9.53, "weightedAverageShsOut": 390299609, "weightedAverageShsOutDil": 395666271, "link": null, "finalLink": null, "calculatedOtherExpenses": 436000000, "calculatedOperatingExpenses": 5189000000, "calculatedNetInterest": -932000000, "calculatedOtherIncome": 683000000, "calculatedIncomeNonControlling": 67000000, "calculatedEbitda": 5950000000}, {"date": "2013-12-31", "symbol": "DD", "reportedCurrency": "USD", "cik": "0001666700", "fillingDate": "2013-12-31", "acceptedDate": "2013-12-31 00:00:00", "calendarYear": "2013", "period": "FY", "revenue": 57080000000, "costOfRevenue": 47594000000, "grossProfit": 9486000000, "grossProfitRatio": 0.1661878066, "researchAndDevelopmentExpenses": 1747000000, "generalAndAdministrativeExpenses": 0, "sellingAndMarketingExpenses": 0, "sellingGeneralAndAdministrativeExpenses": 3024000000, "otherExpenses": 2554000000, "operatingExpenses": 5232000000, "costAndExpenses": 52826000000, "interestIncome": 41000000, "interestExpense": 1101000000, "depreciationAndAmortization": 461000000, "ebitda": 8344000000, "ebitdaratio": 0.1461807989, "operatingIncome": 4254000000, "operatingIncomeRatio": 0.0745269797, "totalOtherIncomeExpensesNet": 3610000000, "incomeBeforeTax": 6804000000, "incomeBeforeTaxRatio": 0.1192011212, "incomeTaxExpense": 1988000000, "netIncome": 4787000000, "netIncomeRatio": 0.0838647512, "eps": 12.11, "epsdiluted": 11.13, "weightedAverageShsOut": 395399604, "weightedAverageShsOutDil": 430132903, "link": null, "finalLink": null, "calculatedOtherExpenses": 461000000, "calculatedOperatingExpenses": 5232000000, "calculatedNetInterest": -1060000000, "calculatedOtherIncome": 3610000000, "calculatedIncomeNonControlling": 29000000, "calculatedEbitda": 4715000000}, {"date": "2012-12-31", "symbol": "DD", "reportedCurrency": "USD", "cik": "0001666700", "fillingDate": "2012-12-31", "acceptedDate": "2012-12-31 00:00:00", "calendarYear": "2012", "period": "FY", "revenue": 56786000000, "costOfRevenue": 47792000000, "grossProfit": 8994000000, "grossProfitRatio": 0.1583841088, "researchAndDevelopmentExpenses": 1708000000, "generalAndAdministrativeExpenses": 0, "sellingAndMarketingExpenses": 0, "sellingGeneralAndAdministrativeExpenses": 2861000000, "otherExpenses": -27000000, "operatingExpenses": 5047000000, "costAndExpenses": 52839000000, "interestIncome": 41000000, "interestExpense": 1269000000, "depreciationAndAmortization": 478000000, "ebitda": 4975000000, "ebitdaratio": 0.0876096221, "operatingIncome": 3947000000, "operatingIncomeRatio": 0.0695065685, "totalOtherIncomeExpensesNet": -1054000000, "incomeBeforeTax": 1665000000, "incomeBeforeTaxRatio": 0.0293206072, "incomeTaxExpense": 565000000, "netIncome": 1182000000, "netIncomeRatio": 0.0208149896, "eps": 3.03, "epsdiluted": 3.01, "weightedAverageShsOut": 389899610, "weightedAverageShsOutDil": 392132941, "link": null, "finalLink": null, "calculatedOtherExpenses": 478000000, "calculatedOperatingExpenses": 5047000000, "calculatedNetInterest": -1228000000, "calculatedOtherIncome": -1054000000, "calculatedIncomeNonControlling": -82000000, "calculatedEbitda": 4425000000}, {"date": "2011-12-31", "symbol": "DD", "reportedCurrency": "USD", "cik": "0001666700", "fillingDate": "2011-12-31", "acceptedDate": "2011-12-31 00:00:00", "calendarYear": "2011", "period": "FY", "revenue": 59985000000, "costOfRevenue": 51029000000, "grossProfit": 8956000000, "grossProfitRatio": 0.1493039927, "researchAndDevelopmentExpenses": 1646000000, "generalAndAdministrativeExpenses": 0, "sellingAndMarketingExpenses": 0, "sellingGeneralAndAdministrativeExpenses": 2788000000, "otherExpenses": 496000000, "operatingExpenses": 4930000000, "costAndExpenses": 55959000000, "interestIncome": 40000000, "interestExpense": 1341000000, "depreciationAndAmortization": 496000000, "ebitda": 5785000000, "ebitdaratio": 0.0964407769, "operatingIncome": 4026000000, "operatingIncomeRatio": 0.0671167792, "totalOtherIncomeExpensesNet": 876000000, "incomeBeforeTax": 3601000000, "incomeBeforeTaxRatio": 0.0600316746, "incomeTaxExpense": 817000000, "netIncome": 2742000000, "netIncomeRatio": 0.0457114279, "eps": 7.16, "epsdiluted": 7.1, "weightedAverageShsOut": 382999617, "weightedAverageShsOutDil": 386066280, "link": null, "finalLink": null, "calculatedOtherExpenses": 496000000, "calculatedOperatingExpenses": 4930000000, "calculatedNetInterest": -1301000000, "calculatedOtherIncome": 876000000, "calculatedIncomeNonControlling": 42000000, "calculatedEbitda": 4522000000}, {"date": "2010-12-31", "symbol": "DD", "reportedCurrency": "USD", "cik": "0001666700", "fillingDate": "2010-12-31", "acceptedDate": "2010-12-31 00:00:00", "calendarYear": "2010", "period": "FY", "revenue": 53674000000, "costOfRevenue": 45780000000, "grossProfit": 7894000000, "grossProfitRatio": 0.1470730708, "researchAndDevelopmentExpenses": 1660000000, "generalAndAdministrativeExpenses": 0, "sellingAndMarketingExpenses": 0, "sellingGeneralAndAdministrativeExpenses": 2609000000, "otherExpenses": 509000000, "operatingExpenses": 4778000000, "costAndExpenses": 50558000000, "interestIncome": 37000000, "interestExpense": 1473000000, "depreciationAndAmortization": 2962000000, "ebitda": 7227000000, "ebitdaratio": 0.1346461974, "operatingIncome": 3116000000, "operatingIncomeRatio": 0.0580541789, "totalOtherIncomeExpensesNet": 1122000000, "incomeBeforeTax": 2802000000, "incomeBeforeTaxRatio": 0.0522040467, "incomeTaxExpense": 481000000, "netIncome": 2310000000, "netIncomeRatio": 0.0430375973, "eps": 6.16, "epsdiluted": 6.06, "weightedAverageShsOut": 375299624, "weightedAverageShsOutDil": 381266285, "link": null, "finalLink": null, "calculatedOtherExpenses": 509000000, "calculatedOperatingExpenses": 4778000000, "calculatedNetInterest": -1436000000, "calculatedOtherIncome": 1122000000, "calculatedIncomeNonControlling": 11000000, "calculatedEbitda": 6078000000}, {"date": "2009-12-31", "symbol": "DD", "reportedCurrency": "USD", "cik": "0001666700", "fillingDate": "2009-12-31", "acceptedDate": "2009-12-31 00:00:00", "calendarYear": "2009", "period": "FY", "revenue": 44875000000, "costOfRevenue": 39148000000, "grossProfit": 5727000000, "grossProfitRatio": 0.1276211699, "researchAndDevelopmentExpenses": 1492000000, "generalAndAdministrativeExpenses": 0, "sellingAndMarketingExpenses": 0, "sellingGeneralAndAdministrativeExpenses": 2487000000, "otherExpenses": 399000000, "operatingExpenses": 4378000000, "costAndExpenses": 43526000000, "interestIncome": 39000000, "interestExpense": 1571000000, "depreciationAndAmortization": 399000000, "ebitda": 4033000000, "ebitdaratio": 0.0898718663, "operatingIncome": 1349000000, "operatingIncomeRatio": 0.0300612813, "totalOtherIncomeExpensesNet": -2390000000, "incomeBeforeTax": 469000000, "incomeBeforeTaxRatio": 0.0104512535, "incomeTaxExpense": -97000000, "netIncome": 648000000, "netIncomeRatio": 0.0144401114, "eps": 1.86, "epsdiluted": 1.84, "weightedAverageShsOut": 347732985, "weightedAverageShsOutDil": 351299648, "link": null, "finalLink": null, "calculatedOtherExpenses": 399000000, "calculatedOperatingExpenses": 4378000000, "calculatedNetInterest": -1532000000, "calculatedOtherIncome": 652000000, "calculatedIncomeNonControlling": -82000000, "calculatedEbitda": 1748000000}, {"date": "2008-12-31", "symbol": "DD", "reportedCurrency": "USD", "cik": "0001666700", "fillingDate": "2008-12-31", "acceptedDate": "2008-12-31 00:00:00", "calendarYear": "2008", "period": "FY", "revenue": 57514000000, "costOfRevenue": 52019000000, "grossProfit": 5495000000, "grossProfitRatio": 0.095541955, "researchAndDevelopmentExpenses": 1310000000, "generalAndAdministrativeExpenses": 0, "sellingAndMarketingExpenses": 0, "sellingGeneralAndAdministrativeExpenses": 1969000000, "otherExpenses": 92000000, "operatingExpenses": 5387000000, "costAndExpenses": 57406000000, "interestIncome": 86000000, "interestExpense": 648000000, "depreciationAndAmortization": 2108000000, "ebitda": 4916000000, "ebitdaratio": 0.0854748409, "operatingIncome": 2124000000, "operatingIncomeRatio": 0.0369301387, "totalOtherIncomeExpensesNet": -839000000, "incomeBeforeTax": 1321000000, "incomeBeforeTaxRatio": 0.0229683208, "incomeTaxExpense": 667000000, "netIncome": 579000000, "netIncomeRatio": 0.0100671141, "eps": 1.87, "epsdiluted": 1.85, "weightedAverageShsOut": 310133023, "weightedAverageShsOutDil": 312999687, "link": null, "finalLink": null, "calculatedOtherExpenses": 92000000, "calculatedOperatingExpenses": 3371000000, "calculatedNetInterest": -562000000, "calculatedOtherIncome": -241000000, "calculatedIncomeNonControlling": 75000000, "calculatedEbitda": 4232000000}, {"date": "2007-12-31", "symbol": "DD", "reportedCurrency": "USD", "cik": "0001666700", "fillingDate": "2007-12-31", "acceptedDate": "2007-12-31 00:00:00", "calendarYear": "2007", "period": "FY", "revenue": 53513000000, "costOfRevenue": 46400000000, "grossProfit": 7113000000, "grossProfitRatio": 0.1329209725, "researchAndDevelopmentExpenses": 1305000000, "generalAndAdministrativeExpenses": 0, "sellingAndMarketingExpenses": 0, "sellingGeneralAndAdministrativeExpenses": 1864000000, "otherExpenses": 72000000, "operatingExpenses": 3241000000, "costAndExpenses": 49641000000, "interestIncome": 0, "interestExpense": 0, "depreciationAndAmortization": 2190000000, "ebitda": 6373000000, "ebitdaratio": 0.1190925569, "operatingIncome": 3872000000, "operatingIncomeRatio": 0.0723562499, "totalOtherIncomeExpensesNet": 811000000, "incomeBeforeTax": 4229000000, "incomeBeforeTaxRatio": 0.079027526, "incomeTaxExpense": 1244000000, "netIncome": 2887000000, "netIncomeRatio": 0.0539495076, "eps": 9.09, "epsdiluted": 8.97, "weightedAverageShsOut": 317699682, "weightedAverageShsOutDil": 321866344, "link": null, "finalLink": null, "calculatedOtherExpenses": 72000000, "calculatedOperatingExpenses": 3241000000, "calculatedNetInterest": 0, "calculatedOtherIncome": 357000000, "calculatedIncomeNonControlling": 98000000, "calculatedEbitda": 6062000000}, {"date": "2006-12-31", "symbol": "DD", "reportedCurrency": "USD", "cik": "0001666700", "fillingDate": "2006-12-31", "acceptedDate": "2006-12-31 00:00:00", "calendarYear": "2006", "period": "FY", "revenue": 49124000000, "costOfRevenue": 41526000000, "grossProfit": 7598000000, "grossProfitRatio": 0.1546698152, "researchAndDevelopmentExpenses": 1164000000, "generalAndAdministrativeExpenses": 0, "sellingAndMarketingExpenses": 0, "sellingGeneralAndAdministrativeExpenses": 1663000000, "otherExpenses": 50000000, "operatingExpenses": 2877000000, "costAndExpenses": 44403000000, "interestIncome": 0, "interestExpense": 0, "depreciationAndAmortization": 2074000000, "ebitda": 7072000000, "ebitdaratio": 0.1439622181, "operatingIncome": 4721000000, "operatingIncomeRatio": 0.0961037375, "totalOtherIncomeExpensesNet": 682000000, "incomeBeforeTax": 4972000000, "incomeBeforeTaxRatio": 0.1012132562, "incomeTaxExpense": 1155000000, "netIncome": 3724000000, "netIncomeRatio": 0.0758081589, "eps": 11.61, "epsdiluted": 11.47, "weightedAverageShsOut": 320766345, "weightedAverageShsOutDil": 324799675, "link": null, "finalLink": null, "calculatedOtherExpenses": 50000000, "calculatedOperatingExpenses": 2877000000, "calculatedNetInterest": 0, "calculatedOtherIncome": 251000000, "calculatedIncomeNonControlling": 93000000, "calculatedEbitda": 6795000000}, {"date": "2005-12-31", "symbol": "DD", "reportedCurrency": "USD", "cik": "0001666700", "fillingDate": "2005-12-31", "acceptedDate": "2005-12-31 00:00:00", "calendarYear": "2005", "period": "FY", "revenue": 46307000000, "costOfRevenue": 38276000000, "grossProfit": 8031000000, "grossProfitRatio": 0.1734295031, "researchAndDevelopmentExpenses": 1073000000, "generalAndAdministrativeExpenses": 0, "sellingAndMarketingExpenses": 0, "sellingGeneralAndAdministrativeExpenses": 1545000000, "otherExpenses": 55000000, "operatingExpenses": 2673000000, "costAndExpenses": 40949000000, "interestIncome": 0, "interestExpense": 0, "depreciationAndAmortization": 2079000000, "ebitda": 6796000000, "ebitdaratio": 0.1467596692, "operatingIncome": 5358000000, "operatingIncomeRatio": 0.1157060488, "totalOtherIncomeExpensesNet": 1605000000, "incomeBeforeTax": 6399000000, "incomeBeforeTaxRatio": 0.1381864513, "incomeTaxExpense": 1782000000, "netIncome": 4515000000, "netIncomeRatio": 0.0975014577, "eps": 14.06, "epsdiluted": 13.87, "weightedAverageShsOut": 321066345, "weightedAverageShsOutDil": 325599674, "link": null, "finalLink": null, "calculatedOtherExpenses": 55000000, "calculatedOperatingExpenses": 2673000000, "calculatedNetInterest": 0, "calculatedOtherIncome": 1041000000, "calculatedIncomeNonControlling": 102000000, "calculatedEbitda": 7437000000}, {"date": "2004-12-31", "symbol": "DD", "reportedCurrency": "USD", "cik": "0001666700", "fillingDate": "2004-12-31", "acceptedDate": "2004-12-31 00:00:00", "calendarYear": "2004", "period": "FY", "revenue": 40161000000, "costOfRevenue": 34244000000, "grossProfit": 5917000000, "grossProfitRatio": 0.1473319887, "researchAndDevelopmentExpenses": 1022000000, "generalAndAdministrativeExpenses": 0, "sellingAndMarketingExpenses": 0, "sellingGeneralAndAdministrativeExpenses": 1436000000, "otherExpenses": 81000000, "operatingExpenses": 2539000000, "costAndExpenses": 36783000000, "interestIncome": 0, "interestExpense": 0, "depreciationAndAmortization": 2088000000, "ebitda": 5310000000, "ebitdaratio": 0.1322178233, "operatingIncome": 3378000000, "operatingIncomeRatio": 0.0841114514, "totalOtherIncomeExpensesNet": 1079000000, "incomeBeforeTax": 3796000000, "incomeBeforeTaxRatio": 0.0945195588, "incomeTaxExpense": 877000000, "netIncome": 2797000000, "netIncomeRatio": 0.0696446802, "eps": 8.93, "epsdiluted": 8.8, "weightedAverageShsOut": 313366353, "weightedAverageShsOutDil": 317933015, "link": null, "finalLink": null, "calculatedOtherExpenses": 81000000, "calculatedOperatingExpenses": 2539000000, "calculatedNetInterest": 0, "calculatedOtherIncome": 418000000, "calculatedIncomeNonControlling": 122000000, "calculatedEbitda": 5466000000}, {"date": "2003-12-31", "symbol": "DD", "reportedCurrency": "USD", "cik": "0001666700", "fillingDate": "2003-12-31", "acceptedDate": "2003-12-31 00:00:00", "calendarYear": "2003", "period": "FY", "revenue": 32632000000, "costOfRevenue": 28177000000, "grossProfit": 4455000000, "grossProfitRatio": 0.136522432, "researchAndDevelopmentExpenses": 981000000, "generalAndAdministrativeExpenses": 0, "sellingAndMarketingExpenses": 0, "sellingGeneralAndAdministrativeExpenses": 1392000000, "otherExpenses": 63000000, "operatingExpenses": 2436000000, "costAndExpenses": 30613000000, "interestIncome": 0, "interestExpense": 0, "depreciationAndAmortization": 1903000000, "ebitda": 3776000000, "ebitdaratio": 0.1157146359, "operatingIncome": 2019000000, "operatingIncomeRatio": 0.0618717823, "totalOtherIncomeExpensesNet": 468000000, "incomeBeforeTax": 1751000000, "incomeBeforeTaxRatio": 0.053658985, "incomeTaxExpense": -82000000, "netIncome": 1730000000, "netIncomeRatio": 0.053015445, "eps": 5.65, "epsdiluted": 5.6, "weightedAverageShsOut": 306266360, "weightedAverageShsOutDil": 308699691, "link": null, "finalLink": null, "calculatedOtherExpenses": 63000000, "calculatedOperatingExpenses": 2436000000, "calculatedNetInterest": 0, "calculatedOtherIncome": -268000000, "calculatedIncomeNonControlling": 103000000, "calculatedEbitda": 3922000000}, {"date": "2002-12-31", "symbol": "DD", "reportedCurrency": "USD", "cik": "0001666700", "fillingDate": "2002-12-31", "acceptedDate": "2002-12-31 00:00:00", "calendarYear": "2002", "period": "FY", "revenue": 27609000000, "costOfRevenue": 23780000000, "grossProfit": 3829000000, "grossProfitRatio": 0.1386866601, "researchAndDevelopmentExpenses": 1066000000, "generalAndAdministrativeExpenses": 0, "sellingAndMarketingExpenses": 0, "sellingGeneralAndAdministrativeExpenses": 1598000000, "otherExpenses": 65000000, "operatingExpenses": 2729000000, "costAndExpenses": 26509000000, "interestIncome": 0, "interestExpense": 0, "depreciationAndAmortization": 1825000000, "ebitda": 3979000000, "ebitdaratio": 0.1441196711, "operatingIncome": 1100000000, "operatingIncomeRatio": 0.0398420805, "totalOtherIncomeExpensesNet": -1014000000, "incomeBeforeTax": -622000000, "incomeBeforeTaxRatio": -0.0225288855, "incomeTaxExpense": -280000000, "netIncome": -338000000, "netIncomeRatio": -0.0122423847, "eps": -1.11, "epsdiluted": -1.11, "weightedAverageShsOut": 303499696, "weightedAverageShsOutDil": 303499696, "link": null, "finalLink": null, "calculatedOtherExpenses": 65000000, "calculatedOperatingExpenses": 2729000000, "calculatedNetInterest": 0, "calculatedOtherIncome": -1722000000, "calculatedIncomeNonControlling": -4000000, "calculatedEbitda": 2925000000}, {"date": "2001-12-31", "symbol": "DD", "reportedCurrency": "USD", "cik": "0001666700", "fillingDate": "2001-12-31", "acceptedDate": "2001-12-31 00:00:00", "calendarYear": "2001", "period": "FY", "revenue": 27805000000, "costOfRevenue": 23652000000, "grossProfit": 4153000000, "grossProfitRatio": 0.1493616256, "researchAndDevelopmentExpenses": 1072000000, "generalAndAdministrativeExpenses": 0, "sellingAndMarketingExpenses": 0, "sellingGeneralAndAdministrativeExpenses": 1735000000, "otherExpenses": 178000000, "operatingExpenses": 2985000000, "costAndExpenses": 26637000000, "interestIncome": 0, "interestExpense": 0, "depreciationAndAmortization": 1815000000, "ebitda": 4145000000, "ebitdaratio": 0.1490739076, "operatingIncome": 1168000000, "operatingIncomeRatio": 0.0420068333, "totalOtherIncomeExpensesNet": -1133000000, "incomeBeforeTax": -613000000, "incomeBeforeTaxRatio": -0.0220463945, "incomeTaxExpense": -228000000, "netIncome": -385000000, "netIncomeRatio": -0.0138464305, "eps": -1.28, "epsdiluted": -1.28, "weightedAverageShsOut": 300599699, "weightedAverageShsOutDil": 300599699, "link": null, "finalLink": null, "calculatedOtherExpenses": 178000000, "calculatedOperatingExpenses": 2985000000, "calculatedNetInterest": 0, "calculatedOtherIncome": -1781000000, "calculatedIncomeNonControlling": 0, "calculatedEbitda": 2983000000}, {"date": "2000-12-31", "symbol": "DD", "reportedCurrency": "USD", "cik": "0001666700", "fillingDate": "2000-12-31", "acceptedDate": "2000-12-31 00:00:00", "calendarYear": "2000", "period": "FY", "revenue": 23008000000, "costOfRevenue": 17072000000, "grossProfit": 5936000000, "grossProfitRatio": 0.2579972184, "researchAndDevelopmentExpenses": 892000000, "generalAndAdministrativeExpenses": 0, "sellingAndMarketingExpenses": 0, "sellingGeneralAndAdministrativeExpenses": 1582000000, "otherExpenses": 1315000000, "operatingExpenses": 3789000000, "costAndExpenses": 20861000000, "interestIncome": 0, "interestExpense": 0, "depreciationAndAmortization": 1315000000, "ebitda": 2820000000, "ebitdaratio": 0.122566064, "operatingIncome": 2147000000, "operatingIncomeRatio": 0.0933153686, "totalOtherIncomeExpensesNet": 642000000, "incomeBeforeTax": 2336000000, "incomeBeforeTaxRatio": 0.1015299026, "incomeTaxExpense": 823000000, "netIncome": 1513000000, "netIncomeRatio": 0.0657597357, "eps": 5.05, "epsdiluted": 5.05, "weightedAverageShsOut": 299324308, "weightedAverageShsOutDil": 299324308, "link": null, "finalLink": null, "calculatedOtherExpenses": 1315000000, "calculatedOperatingExpenses": 3789000000, "calculatedNetInterest": 0, "calculatedOtherIncome": 189000000, "calculatedIncomeNonControlling": 0, "calculatedEbitda": 3462000000}, {"date": "1999-12-31", "symbol": "DD", "reportedCurrency": "USD", "cik": "0001666700", "fillingDate": "1999-12-31", "acceptedDate": "1999-12-31 00:00:00", "calendarYear": "1999", "period": "FY", "revenue": 18929000000, "costOfRevenue": 13147000000, "grossProfit": 5782000000, "grossProfitRatio": 0.3054572349, "researchAndDevelopmentExpenses": 845000000, "generalAndAdministrativeExpenses": 0, "sellingAndMarketingExpenses": 0, "sellingGeneralAndAdministrativeExpenses": 1530000000, "otherExpenses": 1301000000, "operatingExpenses": 3676000000, "costAndExpenses": 16823000000, "interestIncome": 0, "interestExpense": 0, "depreciationAndAmortization": 1301000000, "ebitda": 3037000000, "ebitdaratio": 0.1604416504, "operatingIncome": 2106000000, "operatingIncomeRatio": 0.1112578583, "totalOtherIncomeExpensesNet": 370000000, "incomeBeforeTax": 2097000000, "incomeBeforeTaxRatio": 0.1107823974, "incomeTaxExpense": 766000000, "netIncome": 1331000000, "netIncomeRatio": 0.0703153891, "eps": 6.03, "epsdiluted": 6.03, "weightedAverageShsOut": 220805148, "weightedAverageShsOutDil": 220805148, "link": null, "finalLink": null, "calculatedOtherExpenses": 1301000000, "calculatedOperatingExpenses": 3676000000, "calculatedNetInterest": 0, "calculatedOtherIncome": -9000000, "calculatedIncomeNonControlling": 0, "calculatedEbitda": 3407000000}, {"date": "1998-12-31", "symbol": "DD", "reportedCurrency": "USD", "cik": "0001666700", "fillingDate": "1998-12-31", "acceptedDate": "1998-12-31 00:00:00", "calendarYear": "1998", "period": "FY", "revenue": 18441000000, "costOfRevenue": 12582000000, "grossProfit": 5859000000, "grossProfitRatio": 0.317715959, "researchAndDevelopmentExpenses": 807000000, "generalAndAdministrativeExpenses": 0, "sellingAndMarketingExpenses": 0, "sellingGeneralAndAdministrativeExpenses": 1666000000, "otherExpenses": 1305000000, "operatingExpenses": 3778000000, "costAndExpenses": 16360000000, "interestIncome": 0, "interestExpense": 0, "depreciationAndAmortization": 1305000000, "ebitda": 2962000000, "ebitdaratio": 0.1606203568, "operatingIncome": 2081000000, "operatingIncomeRatio": 0.1128463749, "totalOtherIncomeExpensesNet": 424000000, "incomeBeforeTax": 1995000000, "incomeBeforeTaxRatio": 0.1081828534, "incomeTaxExpense": 685000000, "netIncome": 1310000000, "netIncomeRatio": 0.0710373624, "eps": 5.94, "epsdiluted": 5.94, "weightedAverageShsOut": 220376779, "weightedAverageShsOutDil": 220376779, "link": null, "finalLink": null, "calculatedOtherExpenses": 1305000000, "calculatedOperatingExpenses": 3778000000, "calculatedNetInterest": 0, "calculatedOtherIncome": -86000000, "calculatedIncomeNonControlling": 0, "calculatedEbitda": 3386000000}, {"date": "1997-12-31", "symbol": "DD", "reportedCurrency": "USD", "cik": "0001666700", "fillingDate": "1997-12-31", "acceptedDate": "1997-12-31 00:00:00", "calendarYear": "1997", "period": "FY", "revenue": 20018000000, "costOfRevenue": 13453000000, "grossProfit": 6565000000, "grossProfitRatio": 0.3279548406, "researchAndDevelopmentExpenses": 785000000, "generalAndAdministrativeExpenses": 0, "sellingAndMarketingExpenses": 0, "sellingGeneralAndAdministrativeExpenses": 1880000000, "otherExpenses": 1287000000, "operatingExpenses": 3952000000, "costAndExpenses": 17405000000, "interestIncome": 0, "interestExpense": 0, "depreciationAndAmortization": 1287000000, "ebitda": 3094000000, "ebitdaratio": 0.1545608952, "operatingIncome": 2613000000, "operatingIncomeRatio": 0.1305325207, "totalOtherIncomeExpensesNet": 806000000, "incomeBeforeTax": 2849000000, "incomeBeforeTaxRatio": 0.1423219103, "incomeTaxExpense": 1041000000, "netIncome": 1808000000, "netIncomeRatio": 0.0903187132, "eps": 7.84, "epsdiluted": 7.7, "weightedAverageShsOut": 230599769, "weightedAverageShsOutDil": 234799765, "link": null, "finalLink": null, "calculatedOtherExpenses": 1287000000, "calculatedOperatingExpenses": 3952000000, "calculatedNetInterest": 0, "calculatedOtherIncome": 236000000, "calculatedIncomeNonControlling": 0, "calculatedEbitda": 3900000000}, {"date": "1996-12-31", "symbol": "DD", "reportedCurrency": "USD", "cik": "0001666700", "fillingDate": "1996-12-31", "acceptedDate": "1996-12-31 00:00:00", "calendarYear": "1996", "period": "FY", "revenue": 20053000000, "costOfRevenue": 12849000000, "grossProfit": 7204000000, "grossProfitRatio": 0.3592479928, "researchAndDevelopmentExpenses": 0, "generalAndAdministrativeExpenses": 0, "sellingAndMarketingExpenses": 0, "sellingGeneralAndAdministrativeExpenses": 2897000000, "otherExpenses": 1298000000, "operatingExpenses": 4195000000, "costAndExpenses": 17044000000, "interestIncome": 0, "interestExpense": 0, "depreciationAndAmortization": 1298000000, "ebitda": 3534000000, "ebitdaratio": 0.1762329826, "operatingIncome": 3009000000, "operatingIncomeRatio": 0.1500523612, "totalOtherIncomeExpensesNet": 773000000, "incomeBeforeTax": 3094000000, "incomeBeforeTaxRatio": 0.1542911285, "incomeTaxExpense": 1187000000, "netIncome": 1907000000, "netIncomeRatio": 0.0950979903, "eps": 7.91, "epsdiluted": 7.91, "weightedAverageShsOut": 241138758, "weightedAverageShsOutDil": 241138758, "link": null, "finalLink": null, "calculatedOtherExpenses": 1298000000, "calculatedOperatingExpenses": 4195000000, "calculatedNetInterest": 0, "calculatedOtherIncome": 85000000, "calculatedIncomeNonControlling": 0, "calculatedEbitda": 4307000000}, {"date": "1995-12-31", "symbol": "DD", "reportedCurrency": "USD", "cik": "0001666700", "fillingDate": "1995-12-31", "acceptedDate": "1995-12-31 00:00:00", "calendarYear": "1995", "period": "FY", "revenue": 20200000000, "costOfRevenue": 11933000000, "grossProfit": 8267000000, "grossProfitRatio": 0.4092574257, "researchAndDevelopmentExpenses": 0, "generalAndAdministrativeExpenses": 0, "sellingAndMarketingExpenses": 0, "sellingGeneralAndAdministrativeExpenses": 2995000000, "otherExpenses": 1442000000, "operatingExpenses": 4437000000, "costAndExpenses": 16370000000, "interestIncome": 0, "interestExpense": 0, "depreciationAndAmortization": 1442000000, "ebitda": 5139000000, "ebitdaratio": 0.2544059406, "operatingIncome": 3830000000, "operatingIncomeRatio": 0.1896039604, "totalOtherIncomeExpensesNet": 133000000, "incomeBeforeTax": 3326000000, "incomeBeforeTaxRatio": 0.1646534653, "incomeTaxExpense": 1442000000, "netIncome": 2071000000, "netIncomeRatio": 0.1025247525, "eps": 7.72, "epsdiluted": 7.72, "weightedAverageShsOut": 268199731, "weightedAverageShsOutDil": 268199731, "link": null, "finalLink": null, "calculatedOtherExpenses": 1442000000, "calculatedOperatingExpenses": 4437000000, "calculatedNetInterest": 0, "calculatedOtherIncome": -504000000, "calculatedIncomeNonControlling": -187000000, "calculatedEbitda": 5272000000}, {"date": "1994-12-31", "symbol": "DD", "reportedCurrency": "USD", "cik": "0001666700", "fillingDate": "1994-12-31", "acceptedDate": "1994-12-31 00:00:00", "calendarYear": "1994", "period": "FY", "revenue": 20015000000, "costOfRevenue": 11863000000, "grossProfit": 8152000000, "grossProfitRatio": 0.4072945291, "researchAndDevelopmentExpenses": 0, "generalAndAdministrativeExpenses": 0, "sellingAndMarketingExpenses": 0, "sellingGeneralAndAdministrativeExpenses": 4282000000, "otherExpenses": 1525000000, "operatingExpenses": 5807000000, "costAndExpenses": 17670000000, "interestIncome": 0, "interestExpense": 0, "depreciationAndAmortization": 1525000000, "ebitda": 3560000000, "ebitdaratio": 0.1778666, "operatingIncome": 2345000000, "operatingIncomeRatio": 0.1171621284, "totalOtherIncomeExpensesNet": 310000000, "incomeBeforeTax": 1717000000, "incomeBeforeTaxRatio": 0.0857856608, "incomeTaxExpense": 779000000, "netIncome": 938000000, "netIncomeRatio": 0.0468648514, "eps": 3.4, "epsdiluted": 3.4, "weightedAverageShsOut": 276099723, "weightedAverageShsOutDil": 276099723, "link": null, "finalLink": null, "calculatedOtherExpenses": 1525000000, "calculatedOperatingExpenses": 5807000000, "calculatedNetInterest": 0, "calculatedOtherIncome": -628000000, "calculatedIncomeNonControlling": 0, "calculatedEbitda": 3870000000}, {"date": "1993-12-31", "symbol": "DD", "reportedCurrency": "USD", "cik": "0001666700", "fillingDate": "1993-12-31", "acceptedDate": "1993-12-31 00:00:00", "calendarYear": "1993", "period": "FY", "revenue": 18060000000, "costOfRevenue": 11002000000, "grossProfit": 7058000000, "grossProfitRatio": 0.3908084164, "researchAndDevelopmentExpenses": 0, "generalAndAdministrativeExpenses": 0, "sellingAndMarketingExpenses": 0, "sellingGeneralAndAdministrativeExpenses": 4066000000, "otherExpenses": 1552000000, "operatingExpenses": 5618000000, "costAndExpenses": 16620000000, "interestIncome": 0, "interestExpense": 0, "depreciationAndAmortization": 1552000000, "ebitda": 2241000000, "ebitdaratio": 0.1240863787, "operatingIncome": 1440000000, "operatingIncomeRatio": 0.0797342193, "totalOtherIncomeExpensesNet": 751000000, "incomeBeforeTax": 1250000000, "incomeBeforeTaxRatio": 0.069213732, "incomeTaxExpense": 606000000, "netIncome": 644000000, "netIncomeRatio": 0.0356589147, "eps": 2.34, "epsdiluted": 2.34, "weightedAverageShsOut": 274760485, "weightedAverageShsOutDil": 274760485, "link": null, "finalLink": null, "calculatedOtherExpenses": 1552000000, "calculatedOperatingExpenses": 5618000000, "calculatedNetInterest": 0, "calculatedOtherIncome": -190000000, "calculatedIncomeNonControlling": 0, "calculatedEbitda": 2992000000}, {"date": "1992-12-31", "symbol": "DD", "reportedCurrency": "USD", "cik": "0001666700", "fillingDate": "1992-12-31", "acceptedDate": "1992-12-31 00:00:00", "calendarYear": "1992", "period": "FY", "revenue": 18971000000, "costOfRevenue": 11217000000, "grossProfit": 7754000000, "grossProfitRatio": 0.4087291129, "researchAndDevelopmentExpenses": 0, "generalAndAdministrativeExpenses": 0, "sellingAndMarketingExpenses": 0, "sellingGeneralAndAdministrativeExpenses": 4977000000, "otherExpenses": 1487000000, "operatingExpenses": 6464000000, "costAndExpenses": 17681000000, "interestIncome": 0, "interestExpense": 0, "depreciationAndAmortization": 1487000000, "ebitda": 2422000000, "ebitdaratio": 0.1276685467, "operatingIncome": 1290000000, "operatingIncomeRatio": 0.0679985241, "totalOtherIncomeExpensesNet": 355000000, "incomeBeforeTax": 550000000, "incomeBeforeTaxRatio": 0.0289916188, "incomeTaxExpense": 274000000, "netIncome": -489000000, "netIncomeRatio": -0.0257761847, "eps": -1.79, "epsdiluted": -1.79, "weightedAverageShsOut": 272861589, "weightedAverageShsOutDil": 272861589, "link": null, "finalLink": null, "calculatedOtherExpenses": 1487000000, "calculatedOperatingExpenses": 6464000000, "calculatedNetInterest": 0, "calculatedOtherIncome": -740000000, "calculatedIncomeNonControlling": 765000000, "calculatedEbitda": 2777000000}, {"date": "1991-12-31", "symbol": "DD", "reportedCurrency": "USD", "cik": "0001666700", "fillingDate": "1991-12-31", "acceptedDate": "1991-12-31 00:00:00", "calendarYear": "1991", "period": "FY", "revenue": 18807000000, "costOfRevenue": 11196000000, "grossProfit": 7611000000, "grossProfitRatio": 0.4046897432, "researchAndDevelopmentExpenses": 0, "generalAndAdministrativeExpenses": 0, "sellingAndMarketingExpenses": 0, "sellingGeneralAndAdministrativeExpenses": 4465000000, "otherExpenses": 1465000000, "operatingExpenses": 5930000000, "costAndExpenses": 17126000000, "interestIncome": 0, "interestExpense": 0, "depreciationAndAmortization": 1465000000, "ebitda": 2435000000, "ebitdaratio": 0.1294730685, "operatingIncome": 1681000000, "operatingIncomeRatio": 0.0893816132, "totalOtherIncomeExpensesNet": 711000000, "incomeBeforeTax": 1452000000, "incomeBeforeTaxRatio": 0.0772052959, "incomeTaxExpense": 510000000, "netIncome": 942000000, "netIncomeRatio": 0.0500877333, "eps": 3.48, "epsdiluted": 3.48, "weightedAverageShsOut": 270978708, "weightedAverageShsOutDil": 270978708, "link": null, "finalLink": null, "calculatedOtherExpenses": 1465000000, "calculatedOperatingExpenses": 5930000000, "calculatedNetInterest": 0, "calculatedOtherIncome": -229000000, "calculatedIncomeNonControlling": 0, "calculatedEbitda": 3146000000}, {"date": "1990-12-31", "symbol": "DD", "reportedCurrency": "USD", "cik": "0001666700", "fillingDate": "1990-12-31", "acceptedDate": "1990-12-31 00:00:00", "calendarYear": "1990", "period": "FY", "revenue": 19773000000, "costOfRevenue": 11839000000, "grossProfit": 7934000000, "grossProfitRatio": 0.4012542356, "researchAndDevelopmentExpenses": 0, "generalAndAdministrativeExpenses": 0, "sellingAndMarketingExpenses": 0, "sellingGeneralAndAdministrativeExpenses": 3859000000, "otherExpenses": 1322000000, "operatingExpenses": 5181000000, "costAndExpenses": 17020000000, "interestIncome": 0, "interestExpense": 0, "depreciationAndAmortization": 1322000000, "ebitda": 3525000000, "ebitdaratio": 0.1782734031, "operatingIncome": 2753000000, "operatingIncomeRatio": 0.1392302635, "totalOtherIncomeExpensesNet": 550000000, "incomeBeforeTax": 2362000000, "incomeBeforeTaxRatio": 0.1194558236, "incomeTaxExpense": 978000000, "netIncome": 1384000000, "netIncomeRatio": 0.0699944369, "eps": 5.12, "epsdiluted": 5.12, "weightedAverageShsOut": 270259990, "weightedAverageShsOutDil": 270259990, "link": null, "finalLink": null, "calculatedOtherExpenses": 1322000000, "calculatedOperatingExpenses": 5181000000, "calculatedNetInterest": 0, "calculatedOtherIncome": -391000000, "calculatedIncomeNonControlling": 0, "calculatedEbitda": 4075000000}, {"date": "1989-12-31", "symbol": "DD", "reportedCurrency": "USD", "cik": "0001666700", "fillingDate": "1989-12-31", "acceptedDate": "1989-12-31 00:00:00", "calendarYear": "1989", "period": "FY", "revenue": 17600000000, "costOfRevenue": 9417000000, "grossProfit": 8183000000, "grossProfitRatio": 0.4649431818, "researchAndDevelopmentExpenses": 0, "generalAndAdministrativeExpenses": 0, "sellingAndMarketingExpenses": 0, "sellingGeneralAndAdministrativeExpenses": 3066000000, "otherExpenses": 1061000000, "operatingExpenses": 4127000000, "costAndExpenses": 13544000000, "interestIncome": 0, "interestExpense": 0, "depreciationAndAmortization": 1061000000, "ebitda": 4725000000, "ebitdaratio": 0.2684659091, "operatingIncome": 4056000000, "operatingIncomeRatio": 0.2304545455, "totalOtherIncomeExpensesNet": 392000000, "incomeBeforeTax": 3923000000, "incomeBeforeTaxRatio": 0.2228977273, "incomeTaxExpense": 1436000000, "netIncome": 2487000000, "netIncomeRatio": 0.1413068182, "eps": 9.23, "epsdiluted": 9.23, "weightedAverageShsOut": 269570301, "weightedAverageShsOutDil": 269570301, "link": null, "finalLink": null, "calculatedOtherExpenses": 1061000000, "calculatedOperatingExpenses": 4127000000, "calculatedNetInterest": 0, "calculatedOtherIncome": -133000000, "calculatedIncomeNonControlling": 0, "calculatedEbitda": 5117000000}, {"date": "1988-12-31", "symbol": "DD", "reportedCurrency": "USD", "cik": "0001666700", "fillingDate": "1988-12-31", "acceptedDate": "1988-12-31 00:00:00", "calendarYear": "1988", "period": "FY", "revenue": 16682000000, "costOfRevenue": 8763000000, "grossProfit": 7919000000, "grossProfitRatio": 0.474703273, "researchAndDevelopmentExpenses": 0, "generalAndAdministrativeExpenses": 0, "sellingAndMarketingExpenses": 0, "sellingGeneralAndAdministrativeExpenses": 2812000000, "otherExpenses": 981000000, "operatingExpenses": 3793000000, "costAndExpenses": 12556000000, "interestIncome": 0, "interestExpense": 0, "depreciationAndAmortization": 981000000, "ebitda": 4996000000, "ebitdaratio": 0.2994844743, "operatingIncome": 4126000000, "operatingIncomeRatio": 0.2473324541, "totalOtherIncomeExpensesNet": 111000000, "incomeBeforeTax": 3867000000, "incomeBeforeTaxRatio": 0.2318067378, "incomeTaxExpense": 1457000000, "netIncome": 2410000000, "netIncomeRatio": 0.1444670903, "eps": 8.75, "epsdiluted": 8.75, "weightedAverageShsOut": 275437161, "weightedAverageShsOutDil": 275437161, "link": null, "finalLink": null, "calculatedOtherExpenses": 981000000, "calculatedOperatingExpenses": 3793000000, "calculatedNetInterest": 0, "calculatedOtherIncome": -259000000, "calculatedIncomeNonControlling": 0, "calculatedEbitda": 5107000000}, {"date": "1987-12-31", "symbol": "DD", "reportedCurrency": "USD", "cik": "0001666700", "fillingDate": "1987-12-31", "acceptedDate": "1987-12-31 00:00:00", "calendarYear": "1987", "period": "FY", "revenue": 13377000000, "costOfRevenue": 7846000000, "grossProfit": 5531000000, "grossProfitRatio": 0.4134708829, "researchAndDevelopmentExpenses": 0, "generalAndAdministrativeExpenses": 0, "sellingAndMarketingExpenses": 0, "sellingGeneralAndAdministrativeExpenses": 2405000000, "otherExpenses": 814000000, "operatingExpenses": 3219000000, "costAndExpenses": 11065000000, "interestIncome": 0, "interestExpense": 0, "depreciationAndAmortization": 814000000, "ebitda": 2934000000, "ebitdaratio": 0.2193316887, "operatingIncome": 2312000000, "operatingIncomeRatio": 0.1728339688, "totalOtherIncomeExpensesNet": 192000000, "incomeBeforeTax": 2131000000, "incomeBeforeTaxRatio": 0.1593032818, "incomeTaxExpense": 886000000, "netIncome": 1245000000, "netIncomeRatio": 0.0930701951, "eps": 4.38, "epsdiluted": 4.38, "weightedAverageShsOut": 284211928, "weightedAverageShsOutDil": 284211928, "link": null, "finalLink": null, "calculatedOtherExpenses": 814000000, "calculatedOperatingExpenses": 3219000000, "calculatedNetInterest": 0, "calculatedOtherIncome": -181000000, "calculatedIncomeNonControlling": 0, "calculatedEbitda": 3126000000}, {"date": "1986-12-31", "symbol": "DD", "reportedCurrency": "USD", "cik": "0001666700", "fillingDate": "1986-12-31", "acceptedDate": "1986-12-31 00:00:00", "calendarYear": "1986", "period": "FY", "revenue": 11113000000, "costOfRevenue": 7588000000, "grossProfit": 3525000000, "grossProfitRatio": 0.3171960767, "researchAndDevelopmentExpenses": 0, "generalAndAdministrativeExpenses": 0, "sellingAndMarketingExpenses": 0, "sellingGeneralAndAdministrativeExpenses": 1496000000, "otherExpenses": 744000000, "operatingExpenses": 2240000000, "costAndExpenses": 9828000000, "interestIncome": 0, "interestExpense": 0, "depreciationAndAmortization": 744000000, "ebitda": 1731000000, "ebitdaratio": 0.1557635202, "operatingIncome": 1285000000, "operatingIncomeRatio": 0.1156303428, "totalOtherIncomeExpensesNet": 298000000, "incomeBeforeTax": 1236000000, "incomeBeforeTaxRatio": 0.1112210924, "incomeTaxExpense": 495000000, "netIncome": 741000000, "netIncomeRatio": 0.0666786646, "eps": 2.58, "epsdiluted": 2.58, "weightedAverageShsOut": 287029742, "weightedAverageShsOutDil": 287029742, "link": null, "finalLink": null, "calculatedOtherExpenses": 744000000, "calculatedOperatingExpenses": 2240000000, "calculatedNetInterest": 0, "calculatedOtherIncome": -49000000, "calculatedIncomeNonControlling": 0, "calculatedEbitda": 2029000000}, {"date": "1985-12-31", "symbol": "DD", "reportedCurrency": "USD", "cik": "0001666700", "fillingDate": "1985-12-31", "acceptedDate": "1985-12-31 00:00:00", "calendarYear": "1985", "period": "FY", "revenue": 11537000000, "costOfRevenue": 8638000000, "grossProfit": 2899000000, "grossProfitRatio": 0.2512784953, "researchAndDevelopmentExpenses": 0, "generalAndAdministrativeExpenses": 0, "sellingAndMarketingExpenses": 0, "sellingGeneralAndAdministrativeExpenses": 1285000000, "otherExpenses": 977000000, "operatingExpenses": 2262000000, "costAndExpenses": 10900000000, "interestIncome": 0, "interestExpense": 0, "depreciationAndAmortization": 977000000, "ebitda": 1836000000, "ebitdaratio": 0.1591401578, "operatingIncome": 637000000, "operatingIncomeRatio": 0.0552136604, "totalOtherIncomeExpensesNet": -222000000, "incomeBeforeTax": 30000000, "incomeBeforeTaxRatio": 0.0026003294, "incomeTaxExpense": -28000000, "netIncome": 58000000, "netIncomeRatio": 0.0050273035, "eps": 0.2, "epsdiluted": 0.2, "weightedAverageShsOut": 285382096, "weightedAverageShsOutDil": 285382096, "link": null, "finalLink": null, "calculatedOtherExpenses": 977000000, "calculatedOperatingExpenses": 2262000000, "calculatedNetInterest": 0, "calculatedOtherIncome": -607000000, "calculatedIncomeNonControlling": 0, "calculatedEbitda": 1614000000}]}