{"originalCurrency": "USD", "convertedCurrency": "USD", "report": [{"date": "2024-02-03", "symbol": "DDS", "reportedCurrency": "USD", "cik": "0000028917", "fillingDate": "2024-03-29", "acceptedDate": "2024-03-29 15:25:10", "calendarYear": "2023", "period": "FY", "revenue": 6874420000, "costOfRevenue": 4210680999, "grossProfit": 2663739001, "grossProfitRatio": 0.3874856353, "researchAndDevelopmentExpenses": 0, "generalAndAdministrativeExpenses": 1738984000, "sellingAndMarketingExpenses": 38100000, "sellingGeneralAndAdministrativeExpenses": 1738984000, "otherExpenses": -18791000, "operatingExpenses": 1738984000, "costAndExpenses": 5949665000, "interestIncome": 45240000, "interestExpense": 40640000, "depreciationAndAmortization": 179573000, "ebitda": 1104328000, "ebitdaratio": 0.1606430797, "operatingIncome": 924755000, "operatingIncomeRatio": 0.1345211669, "totalOtherIncomeExpensesNet": -8138000, "incomeBeforeTax": 916617000, "incomeBeforeTaxRatio": 0.1333373579, "incomeTaxExpense": 177770000, "netIncome": 738847000, "netIncomeRatio": 0.1074777218, "eps": 44.73, "epsdiluted": 44.73, "weightedAverageShsOut": 16517000, "weightedAverageShsOutDil": 16517000, "link": "https://www.sec.gov/Archives/edgar/data/28917/000002891724000011/0000028917-24-000011-index.htm", "finalLink": "https://www.sec.gov/Archives/edgar/data/28917/000002891724000011/dds-20240203x10k.htm", "calculatedOtherExpenses": 1, "calculatedOperatingExpenses": 1738984001, "calculatedNetInterest": 4600000, "calculatedOtherIncome": -12738000, "calculatedIncomeNonControlling": 0, "calculatedEbitda": 1104328000}, {"date": "2023-01-28", "symbol": "DDS", "reportedCurrency": "USD", "cik": "0000028917", "fillingDate": "2023-03-27", "acceptedDate": "2023-03-27 17:16:24", "calendarYear": "2022", "period": "FY", "revenue": 6996200000, "costOfRevenue": 3983600000, "grossProfit": 3012600000, "grossProfitRatio": 0.4306051857, "researchAndDevelopmentExpenses": 0, "generalAndAdministrativeExpenses": 1697500000, "sellingAndMarketingExpenses": 38600000, "sellingGeneralAndAdministrativeExpenses": 1697500000, "otherExpenses": 188500000, "operatingExpenses": 1886000000, "costAndExpenses": 5869600000, "interestIncome": 12827000, "interestExpense": 30500000, "depreciationAndAmortization": 190000000, "ebitda": 1308900000, "ebitdaratio": 0.1870872759, "operatingIncome": 1118900000, "operatingIncomeRatio": 0.1599296761, "totalOtherIncomeExpensesNet": -9500000, "incomeBeforeTax": 1109400000, "incomeBeforeTaxRatio": 0.1585717961, "incomeTaxExpense": 217800000, "netIncome": 891637000, "netIncomeRatio": 0.1274458992, "eps": 50.81, "epsdiluted": 50.81, "weightedAverageShsOut": 17549000, "weightedAverageShsOutDil": 17549000, "link": "https://www.sec.gov/Archives/edgar/data/28917/000002891723000007/0000028917-23-000007-index.htm", "finalLink": "https://www.sec.gov/Archives/edgar/data/28917/000002891723000007/dds-20230128x10k.htm", "calculatedOtherExpenses": 196200000, "calculatedOperatingExpenses": 1893700000, "calculatedNetInterest": -17673000, "calculatedOtherIncome": 8173000, "calculatedIncomeNonControlling": -37000, "calculatedEbitda": 1308900000}, {"date": "2022-01-29", "symbol": "DDS", "reportedCurrency": "USD", "cik": "0000028917", "fillingDate": "2022-03-29", "acceptedDate": "2022-03-29 16:59:33", "calendarYear": "2021", "period": "FY", "revenue": 6624300000, "costOfRevenue": 3747700000, "grossProfit": 2876600000, "grossProfitRatio": 0.4342496566, "researchAndDevelopmentExpenses": 0, "generalAndAdministrativeExpenses": 1559100000, "sellingAndMarketingExpenses": 32000000, "sellingGeneralAndAdministrativeExpenses": 1559100000, "otherExpenses": 199300000, "operatingExpenses": 1758400000, "costAndExpenses": 5506100000, "interestIncome": 1847000, "interestExpense": 43100000, "depreciationAndAmortization": 201400000, "ebitda": 1308200000, "ebitdaratio": 0.1974850173, "operatingIncome": 1106800000, "operatingIncomeRatio": 0.1670818049, "totalOtherIncomeExpensesNet": -18400000, "incomeBeforeTax": 1088400000, "incomeBeforeTaxRatio": 0.1643041529, "incomeTaxExpense": 225900000, "netIncome": 862473000, "netIncomeRatio": 0.1301983606, "eps": 41.88, "epsdiluted": 41.88, "weightedAverageShsOut": 20592000, "weightedAverageShsOutDil": 20592000, "link": "https://www.sec.gov/Archives/edgar/data/28917/000002891722000009/0000028917-22-000009-index.htm", "finalLink": "https://www.sec.gov/Archives/edgar/data/28917/000002891722000009/dds-20220129.htm", "calculatedOtherExpenses": 210700000, "calculatedOperatingExpenses": 1769800000, "calculatedNetInterest": -41253000, "calculatedOtherIncome": 22853000, "calculatedIncomeNonControlling": 27000, "calculatedEbitda": 1308200000}, {"date": "2021-01-30", "symbol": "DDS", "reportedCurrency": "USD", "cik": "0000028917", "fillingDate": "2021-03-29", "acceptedDate": "2021-03-29 17:14:08", "calendarYear": "2020", "period": "FY", "revenue": 4433200000, "costOfRevenue": 3069100000, "grossProfit": 1364100000, "grossProfitRatio": 0.3077009835, "researchAndDevelopmentExpenses": 0, "generalAndAdministrativeExpenses": 1233700000, "sellingAndMarketingExpenses": 18400000, "sellingGeneralAndAdministrativeExpenses": 1233700000, "otherExpenses": 213400000, "operatingExpenses": 1447100000, "costAndExpenses": 4516200000, "interestIncome": 505000, "interestExpense": 49100000, "depreciationAndAmortization": 216300000, "ebitda": 124900000, "ebitdaratio": 0.0281737797, "operatingIncome": -91400000, "operatingIncomeRatio": -0.0206171614, "totalOtherIncomeExpensesNet": -62000000, "incomeBeforeTax": -153400000, "incomeBeforeTaxRatio": -0.0346025444, "incomeTaxExpense": -81700000, "netIncome": -71700000, "netIncomeRatio": -0.0161734187, "eps": -3.16, "epsdiluted": -3.16, "weightedAverageShsOut": 22697000, "weightedAverageShsOutDil": 22697000, "link": "https://www.sec.gov/Archives/edgar/data/28917/000002891721000066/0000028917-21-000066-index.htm", "finalLink": "https://www.sec.gov/Archives/edgar/data/28917/000002891721000066/dds-20210130.htm", "calculatedOtherExpenses": 221800000, "calculatedOperatingExpenses": 1455500000, "calculatedNetInterest": -48595000, "calculatedOtherIncome": -13405000, "calculatedIncomeNonControlling": 0, "calculatedEbitda": 124900000}, {"date": "2020-02-01", "symbol": "DDS", "reportedCurrency": "USD", "cik": "0000028917", "fillingDate": "2020-03-31", "acceptedDate": "2020-03-31 16:22:02", "calendarYear": "2019", "period": "FY", "revenue": 6347900000, "costOfRevenue": 4240700000, "grossProfit": 2107200000, "grossProfitRatio": 0.3319522992, "researchAndDevelopmentExpenses": 0, "generalAndAdministrativeExpenses": 1717400000, "sellingAndMarketingExpenses": 39200000, "sellingGeneralAndAdministrativeExpenses": 1717400000, "otherExpenses": 222300000, "operatingExpenses": 1939700000, "costAndExpenses": 6180400000, "interestIncome": 1259000, "interestExpense": 46200000, "depreciationAndAmortization": 224300000, "ebitda": 384100000, "ebitdaratio": 0.0605081996, "operatingIncome": 159800000, "operatingIncomeRatio": 0.0251736795, "totalOtherIncomeExpensesNet": -25900000, "incomeBeforeTax": 133900000, "incomeBeforeTaxRatio": 0.02109359, "incomeTaxExpense": 22800000, "netIncome": 111081000, "netIncomeRatio": 0.0174988579, "eps": 4.38, "epsdiluted": 4.38, "weightedAverageShsOut": 25364000, "weightedAverageShsOutDil": 25364000, "link": "https://www.sec.gov/Archives/edgar/data/28917/000002891720000041/0000028917-20-000041-index.htm", "finalLink": "https://www.sec.gov/Archives/edgar/data/28917/000002891720000041/dds-02012020x10k.htm", "calculatedOtherExpenses": 230000000, "calculatedOperatingExpenses": 1947400000, "calculatedNetInterest": -44941000, "calculatedOtherIncome": 19041000, "calculatedIncomeNonControlling": 19000, "calculatedEbitda": 384100000}, {"date": "2019-02-02", "symbol": "DDS", "reportedCurrency": "USD", "cik": "0000028917", "fillingDate": "2019-03-29", "acceptedDate": "2019-03-29 17:23:25", "calendarYear": "2018", "period": "FY", "revenue": 6503300000, "costOfRevenue": 4291500000, "grossProfit": 2211800000, "grossProfitRatio": 0.3401042548, "researchAndDevelopmentExpenses": 0, "generalAndAdministrativeExpenses": 1719800000, "sellingAndMarketingExpenses": 40400000, "sellingGeneralAndAdministrativeExpenses": 1719800000, "otherExpenses": -7700000, "operatingExpenses": 1943600000, "costAndExpenses": 6235100000, "interestIncome": 1030000, "interestExpense": 52500000, "depreciationAndAmortization": 225800000, "ebitda": 486300000, "ebitdaratio": 0.0747774207, "operatingIncome": 268188000, "operatingIncomeRatio": 0.0412387557, "totalOtherIncomeExpensesNet": -7700000, "incomeBeforeTax": 208000000, "incomeBeforeTaxRatio": 0.0319837621, "incomeTaxExpense": 37700000, "netIncome": 170300000, "netIncomeRatio": 0.0261867052, "eps": 6.24, "epsdiluted": 6.24, "weightedAverageShsOut": 27300000, "weightedAverageShsOutDil": 27300000, "link": "https://www.sec.gov/Archives/edgar/data/28917/000002891719000078/0000028917-19-000078-index.htm", "finalLink": "https://www.sec.gov/Archives/edgar/data/28917/000002891719000078/dds-02022019x10k.htm", "calculatedOtherExpenses": 223812000, "calculatedOperatingExpenses": 1943612000, "calculatedNetInterest": -51470000, "calculatedOtherIncome": -8718000, "calculatedIncomeNonControlling": 0, "calculatedEbitda": 493988000}, {"date": "2018-02-03", "symbol": "DDS", "reportedCurrency": "USD", "cik": "0000028917", "fillingDate": "2018-03-30", "acceptedDate": "2018-03-30 16:54:35", "calendarYear": "2017", "period": "FY", "revenue": 6422700000, "costOfRevenue": 4199700000, "grossProfit": 2223000000, "grossProfitRatio": 0.3461161194, "researchAndDevelopmentExpenses": 0, "generalAndAdministrativeExpenses": 1720200000, "sellingAndMarketingExpenses": 42500000, "sellingGeneralAndAdministrativeExpenses": 1720200000, "otherExpenses": 231595000, "operatingExpenses": 1951800000, "costAndExpenses": 6151500000, "interestIncome": 842000, "interestExpense": 62600000, "depreciationAndAmortization": 233700000, "ebitda": 504900000, "ebitdaratio": 0.0786117988, "operatingIncome": 271206000, "operatingIncomeRatio": 0.0422261666, "totalOtherIncomeExpensesNet": 4100000, "incomeBeforeTax": 212700000, "incomeBeforeTaxRatio": 0.0331169134, "incomeTaxExpense": -7800000, "netIncome": 221300000, "netIncomeRatio": 0.0344559142, "eps": 7.51, "epsdiluted": 7.5, "weightedAverageShsOut": 29487000, "weightedAverageShsOutDil": 29500000, "link": "https://www.sec.gov/Archives/edgar/data/28917/000002891718000159/0000028917-18-000159-index.htm", "finalLink": "https://www.sec.gov/Archives/edgar/data/28917/000002891718000159/dds-02032018x10k.htm", "calculatedOtherExpenses": 231594000, "calculatedOperatingExpenses": 1951794000, "calculatedNetInterest": -61758000, "calculatedOtherIncome": 3252000, "calculatedIncomeNonControlling": -800000, "calculatedEbitda": 504906000}, {"date": "2017-01-28", "symbol": "DDS", "reportedCurrency": "USD", "cik": "0000028917", "fillingDate": "2017-03-24", "acceptedDate": "2017-03-24 17:11:04", "calendarYear": "2016", "period": "FY", "revenue": 6418000000, "costOfRevenue": 4166400000, "grossProfit": 2251600000, "grossProfitRatio": 0.3508258024, "researchAndDevelopmentExpenses": 0, "generalAndAdministrativeExpenses": 1681600000, "sellingAndMarketingExpenses": 42800000, "sellingGeneralAndAdministrativeExpenses": 1681600000, "otherExpenses": 243657000, "operatingExpenses": 1925300000, "costAndExpenses": 6091700000, "interestIncome": 663000, "interestExpense": 63100000, "depreciationAndAmortization": 246000000, "ebitda": 572300000, "ebitdaratio": 0.0891710813, "operatingIncome": 326329000, "operatingIncomeRatio": 0.0508459022, "totalOtherIncomeExpensesNet": -5500000, "incomeBeforeTax": 257700000, "incomeBeforeTaxRatio": 0.0401526955, "incomeTaxExpense": 88500000, "netIncome": 169200000, "netIncomeRatio": 0.0263633531, "eps": 4.93, "epsdiluted": 4.93, "weightedAverageShsOut": 34300000, "weightedAverageShsOutDil": 34300000, "link": "https://www.sec.gov/Archives/edgar/data/28917/000002891717000058/0000028917-17-000058-index.htm", "finalLink": "https://www.sec.gov/Archives/edgar/data/28917/000002891717000058/dds-01282017x10k.htm", "calculatedOtherExpenses": 243671000, "calculatedOperatingExpenses": 1925271000, "calculatedNetInterest": -62437000, "calculatedOtherIncome": -6192000, "calculatedIncomeNonControlling": 0, "calculatedEbitda": 572329000}, {"date": "2016-01-30", "symbol": "DDS", "reportedCurrency": "USD", "cik": "0000028917", "fillingDate": "2016-03-23", "acceptedDate": "2016-03-23 16:50:28", "calendarYear": "2015", "period": "FY", "revenue": 6754500000, "costOfRevenue": 4350800000, "grossProfit": 2403700000, "grossProfitRatio": 0.3558664594, "researchAndDevelopmentExpenses": 0, "generalAndAdministrativeExpenses": 1696600000, "sellingAndMarketingExpenses": 49800000, "sellingGeneralAndAdministrativeExpenses": 1696600000, "otherExpenses": 250011000, "operatingExpenses": 1946600000, "costAndExpenses": 6297400000, "interestIncome": 1305000, "interestExpense": 60900000, "depreciationAndAmortization": 252100000, "ebitda": 709200000, "ebitdaratio": 0.1049966689, "operatingIncome": 457081000, "operatingIncomeRatio": 0.06767059, "totalOtherIncomeExpensesNet": 12600000, "incomeBeforeTax": 408800000, "incomeBeforeTaxRatio": 0.0605226146, "incomeTaxExpense": 140800000, "netIncome": 269400000, "netIncomeRatio": 0.0398845214, "eps": 6.91, "epsdiluted": 6.91, "weightedAverageShsOut": 39000000, "weightedAverageShsOutDil": 39000000, "link": "https://www.sec.gov/Archives/edgar/data/28917/000002891716000262/0000028917-16-000262-index.htm", "finalLink": "https://www.sec.gov/Archives/edgar/data/28917/000002891716000262/dds-01302016x10k.htm", "calculatedOtherExpenses": 250019000, "calculatedOperatingExpenses": 1946619000, "calculatedNetInterest": -59595000, "calculatedOtherIncome": 11314000, "calculatedIncomeNonControlling": -1400000, "calculatedEbitda": 709181000}, {"date": "2015-01-31", "symbol": "DDS", "reportedCurrency": "USD", "cik": "0000028917", "fillingDate": "2015-03-25", "acceptedDate": "2015-03-25 16:35:28", "calendarYear": "2014", "period": "FY", "revenue": 6780200000, "costOfRevenue": 4272600000, "grossProfit": 2507600000, "grossProfitRatio": 0.3698415976, "researchAndDevelopmentExpenses": 0, "generalAndAdministrativeExpenses": 1690900000, "sellingAndMarketingExpenses": 56000000, "sellingGeneralAndAdministrativeExpenses": 1690900000, "otherExpenses": 250683000, "operatingExpenses": 1941600000, "costAndExpenses": 6214200000, "interestIncome": 1234000, "interestExpense": 61300000, "depreciationAndAmortization": 252300000, "ebitda": 818300000, "ebitdaratio": 0.1206896552, "operatingIncome": 566005000, "operatingIncomeRatio": 0.0834791009, "totalOtherIncomeExpensesNet": 6100000, "incomeBeforeTax": 510800000, "incomeBeforeTaxRatio": 0.0753370107, "incomeTaxExpense": 179500000, "netIncome": 331900000, "netIncomeRatio": 0.0489513584, "eps": 7.79, "epsdiluted": 7.79, "weightedAverageShsOut": 42600000, "weightedAverageShsOutDil": 42600000, "link": "https://www.sec.gov/Archives/edgar/data/28917/000002891715000046/0000028917-15-000046-index.htm", "finalLink": "https://www.sec.gov/Archives/edgar/data/28917/000002891715000046/dds-01312015x10k.htm", "calculatedOtherExpenses": 250695000, "calculatedOperatingExpenses": 1941595000, "calculatedNetInterest": -60066000, "calculatedOtherIncome": 4861000, "calculatedIncomeNonControlling": -600000, "calculatedEbitda": 818305000}, {"date": "2014-02-01", "symbol": "DDS", "reportedCurrency": "USD", "cik": "0000028917", "fillingDate": "2014-03-27", "acceptedDate": "2014-03-27 16:21:16", "calendarYear": "2013", "period": "FY", "revenue": 6691700000, "costOfRevenue": 4223700000, "grossProfit": 2468000000, "grossProfitRatio": 0.3688150993, "researchAndDevelopmentExpenses": 0, "generalAndAdministrativeExpenses": 1658800000, "sellingAndMarketingExpenses": 65000000, "sellingGeneralAndAdministrativeExpenses": 1658800000, "otherExpenses": 255490000, "operatingExpenses": 1914300000, "costAndExpenses": 6138000000, "interestIncome": 1022000, "interestExpense": 64500000, "depreciationAndAmortization": 257200000, "ebitda": 810900000, "ebitdaratio": 0.1211799692, "operatingIncome": 553703000, "operatingIncomeRatio": 0.0827447435, "totalOtherIncomeExpensesNet": 7000000, "incomeBeforeTax": 496200000, "incomeBeforeTaxRatio": 0.0741515609, "incomeTaxExpense": 173400000, "netIncome": 323700000, "netIncomeRatio": 0.048373358, "eps": 7.1, "epsdiluted": 7.1, "weightedAverageShsOut": 45587464, "weightedAverageShsOutDil": 45600000, "link": "https://www.sec.gov/Archives/edgar/data/28917/000002891714000049/0000028917-14-000049-index.htm", "finalLink": "https://www.sec.gov/Archives/edgar/data/28917/000002891714000049/dds-02012014x10k.htm", "calculatedOtherExpenses": 255497000, "calculatedOperatingExpenses": 1914297000, "calculatedNetInterest": -63478000, "calculatedOtherIncome": 5975000, "calculatedIncomeNonControlling": -900000, "calculatedEbitda": 810903000}, {"date": "2013-02-02", "symbol": "DDS", "reportedCurrency": "USD", "cik": "0000028917", "fillingDate": "2013-03-28", "acceptedDate": "2013-03-28 16:53:03", "calendarYear": "2012", "period": "FY", "revenue": 6751600000, "costOfRevenue": 4247100000, "grossProfit": 2504500000, "grossProfitRatio": 0.3709491084, "researchAndDevelopmentExpenses": 0, "generalAndAdministrativeExpenses": 1706300000, "sellingAndMarketingExpenses": 77000000, "sellingGeneralAndAdministrativeExpenses": 1706300000, "otherExpenses": 259621000, "operatingExpenses": 1965900000, "costAndExpenses": 6213000000, "interestIncome": 1417000, "interestExpense": 69600000, "depreciationAndAmortization": 261500000, "ebitda": 800100000, "ebitdaratio": 0.1185052432, "operatingIncome": 538502000, "operatingIncomeRatio": 0.0797591682, "totalOtherIncomeExpensesNet": 10800000, "incomeBeforeTax": 479800000, "incomeBeforeTaxRatio": 0.0710646365, "incomeTaxExpense": 145100000, "netIncome": 336000000, "netIncomeRatio": 0.0497659814, "eps": 6.98, "epsdiluted": 6.87, "weightedAverageShsOut": 48100000, "weightedAverageShsOutDil": 48900000, "link": "https://www.sec.gov/Archives/edgar/data/28917/000104746913003588/0001047469-13-003588-index.htm", "finalLink": "https://www.sec.gov/Archives/edgar/data/28917/000104746913003588/a2212208z10-k.htm", "calculatedOtherExpenses": 259698000, "calculatedOperatingExpenses": 1965998000, "calculatedNetInterest": -68183000, "calculatedOtherIncome": 9481000, "calculatedIncomeNonControlling": -1300000, "calculatedEbitda": 800002000}, {"date": "2012-01-28", "symbol": "DDS", "reportedCurrency": "USD", "cik": "0000028917", "fillingDate": "2012-03-22", "acceptedDate": "2012-03-22 17:10:47", "calendarYear": "2011", "period": "FY", "revenue": 6399800000, "costOfRevenue": 4041600000, "grossProfit": 2358200000, "grossProfitRatio": 0.368480265, "researchAndDevelopmentExpenses": 0, "generalAndAdministrativeExpenses": 1679000000, "sellingAndMarketingExpenses": 0, "sellingGeneralAndAdministrativeExpenses": 1679000000, "otherExpenses": 257685000, "operatingExpenses": 1936700000, "costAndExpenses": 5978300000, "interestIncome": 1658000, "interestExpense": 72100000, "depreciationAndAmortization": 259600000, "ebitda": 681100000, "ebitdaratio": 0.1064252008, "operatingIncome": 421513000, "operatingIncomeRatio": 0.0658634645, "totalOtherIncomeExpensesNet": 47300000, "incomeBeforeTax": 396700000, "incomeBeforeTaxRatio": 0.0619863121, "incomeTaxExpense": -62500000, "netIncome": 463900000, "netIncomeRatio": 0.0724866402, "eps": 8.67, "epsdiluted": 8.52, "weightedAverageShsOut": 53500000, "weightedAverageShsOutDil": 54400000, "link": "https://www.sec.gov/Archives/edgar/data/28917/000104746912003143/0001047469-12-003143-index.htm", "finalLink": "https://www.sec.gov/Archives/edgar/data/28917/000104746912003143/a2208236z10-k.htm", "calculatedOtherExpenses": 257687000, "calculatedOperatingExpenses": 1936687000, "calculatedNetInterest": -70442000, "calculatedOtherIncome": 45629000, "calculatedIncomeNonControlling": -4700000, "calculatedEbitda": 681113000}, {"date": "2011-01-29", "symbol": "DDS", "reportedCurrency": "USD", "cik": "0000028917", "fillingDate": "2011-03-23", "acceptedDate": "2011-03-23 15:32:53", "calendarYear": "2010", "period": "FY", "revenue": 6253500000, "costOfRevenue": 3976100000, "grossProfit": 2277400000, "grossProfitRatio": 0.3641800592, "researchAndDevelopmentExpenses": 0, "generalAndAdministrativeExpenses": 1676800000, "sellingAndMarketingExpenses": 0, "sellingGeneralAndAdministrativeExpenses": 1676800000, "otherExpenses": 255918000, "operatingExpenses": 1938300000, "costAndExpenses": 5914400000, "interestIncome": 0, "interestExpense": 73800000, "depreciationAndAmortization": 263400000, "ebitda": 602500000, "ebitdaratio": 0.0963460462, "operatingIncome": 344716000, "operatingIncomeRatio": 0.0551236907, "totalOtherIncomeExpensesNet": 3400000, "incomeBeforeTax": 268700000, "incomeBeforeTaxRatio": 0.042967938, "incomeTaxExpense": 84500000, "netIncome": 179600000, "netIncomeRatio": 0.0287199168, "eps": 2.68, "epsdiluted": 2.67, "weightedAverageShsOut": 66900000, "weightedAverageShsOutDil": 67200000, "link": "https://www.sec.gov/Archives/edgar/data/28917/000104746911002536/0001047469-11-002536-index.htm", "finalLink": "https://www.sec.gov/Archives/edgar/data/28917/000104746911002536/a2202861z10-k.htm", "calculatedOtherExpenses": 255884000, "calculatedOperatingExpenses": 1932684000, "calculatedNetInterest": -73800000, "calculatedOtherIncome": -2216000, "calculatedIncomeNonControlling": 4600000, "calculatedEbitda": 608116000}, {"date": "2010-01-30", "symbol": "DDS", "reportedCurrency": "USD", "cik": "0000028917", "fillingDate": "2010-03-26", "acceptedDate": "2010-03-26 16:31:22", "calendarYear": "2009", "period": "FY", "revenue": 6226600000, "costOfRevenue": 4102900000, "grossProfit": 2123700000, "grossProfitRatio": 0.3410689622, "researchAndDevelopmentExpenses": 0, "generalAndAdministrativeExpenses": 1702400000, "sellingAndMarketingExpenses": 0, "sellingGeneralAndAdministrativeExpenses": 1702400000, "otherExpenses": 259670000, "operatingExpenses": 1965300000, "costAndExpenses": 6068200000, "interestIncome": 0, "interestExpense": 74000000, "depreciationAndAmortization": 264800000, "ebitda": 423200000, "ebitdaratio": 0.0679664665, "operatingIncome": 161612000, "operatingIncomeRatio": 0.0259550959, "totalOtherIncomeExpensesNet": 100000, "incomeBeforeTax": 84500000, "incomeBeforeTaxRatio": 0.0135708091, "incomeTaxExpense": 12700000, "netIncome": 68500000, "netIncomeRatio": 0.0110011884, "eps": 0.93, "epsdiluted": 0.93, "weightedAverageShsOut": 73800000, "weightedAverageShsOutDil": 73800000, "link": "https://www.sec.gov/Archives/edgar/data/28917/000104746910002784/0001047469-10-002784-index.htm", "finalLink": "https://www.sec.gov/Archives/edgar/data/28917/000104746910002784/a2197591z10-k.htm", "calculatedOtherExpenses": 259688000, "calculatedOperatingExpenses": 1962088000, "calculatedNetInterest": -74000000, "calculatedOtherIncome": -3112000, "calculatedIncomeNonControlling": 3300000, "calculatedEbitda": 426412000}, {"date": "2009-01-31", "symbol": "DDS", "reportedCurrency": "USD", "cik": "0000028917", "fillingDate": "2009-04-01", "acceptedDate": "2009-04-01 16:47:21", "calendarYear": "2008", "period": "FY", "revenue": 6988440000, "costOfRevenue": 4827769000, "grossProfit": 2160671000, "grossProfitRatio": 0.3091778709, "researchAndDevelopmentExpenses": 0, "generalAndAdministrativeExpenses": 0, "sellingAndMarketingExpenses": 0, "sellingGeneralAndAdministrativeExpenses": 1994213000, "otherExpenses": 284287000, "operatingExpenses": 2278500000, "costAndExpenses": 7106269000, "interestIncome": 0, "interestExpense": 88821000, "depreciationAndAmortization": 286184000, "ebitda": 341710000, "ebitdaratio": 0.0488964633, "operatingIncome": -117829000, "operatingIncomeRatio": -0.0168605583, "totalOtherIncomeExpensesNet": -174935000, "incomeBeforeTax": -380005000, "incomeBeforeTaxRatio": -0.054376227, "incomeTaxExpense": -140520000, "netIncome": -241065000, "netIncomeRatio": -0.0344948229, "eps": -3.25, "epsdiluted": -3.25, "weightedAverageShsOut": 74278461, "weightedAverageShsOutDil": 74278461, "link": "https://www.sec.gov/Archives/edgar/data/28917/000119312509070701/0001193125-09-070701-index.htm", "finalLink": "https://www.sec.gov/Archives/edgar/data/28917/000119312509070701/d10k.htm", "calculatedOtherExpenses": 284287000, "calculatedOperatingExpenses": 2278500000, "calculatedNetInterest": -88821000, "calculatedOtherIncome": -173355000, "calculatedIncomeNonControlling": 1580000, "calculatedEbitda": 168355000}, {"date": "2008-02-02", "symbol": "DDS", "reportedCurrency": "USD", "cik": "0000028917", "fillingDate": "2008-04-02", "acceptedDate": "2008-04-02 16:53:27", "calendarYear": "2007", "period": "FY", "revenue": 7370806000, "costOfRevenue": 4786655000, "grossProfit": 2584151000, "grossProfitRatio": 0.3505927303, "researchAndDevelopmentExpenses": 0, "generalAndAdministrativeExpenses": 0, "sellingAndMarketingExpenses": 0, "sellingGeneralAndAdministrativeExpenses": 2125275000, "otherExpenses": 298927000, "operatingExpenses": 2424202000, "costAndExpenses": 7210857000, "interestIncome": 0, "interestExpense": 91556000, "depreciationAndAmortization": 300859000, "ebitda": 468683000, "ebitdaratio": 0.0635863975, "operatingIncome": 159949000, "operatingIncomeRatio": 0.0217003405, "totalOtherIncomeExpensesNet": -1622000, "incomeBeforeTax": 60518000, "incomeBeforeTaxRatio": 0.0082104996, "incomeTaxExpense": 13010000, "netIncome": 53761000, "netIncomeRatio": 0.0072937749, "eps": 0.69, "epsdiluted": 0.68, "weightedAverageShsOut": 78406000, "weightedAverageShsOutDil": 79103000, "link": "https://www.sec.gov/Archives/edgar/data/28917/000119312508073400/0001193125-08-073400-index.htm", "finalLink": "https://www.sec.gov/Archives/edgar/data/28917/000119312508073400/d10k.htm", "calculatedOtherExpenses": 298927000, "calculatedOperatingExpenses": 2424202000, "calculatedNetInterest": -91556000, "calculatedOtherIncome": -7875000, "calculatedIncomeNonControlling": -6253000, "calculatedEbitda": 460808000}, {"date": "2007-02-03", "symbol": "DDS", "reportedCurrency": "USD", "cik": "0000028917", "fillingDate": "2007-04-04", "acceptedDate": "2007-04-04 13:27:14", "calendarYear": "2006", "period": "FY", "revenue": 7810067000, "costOfRevenue": 5032351000, "grossProfit": 2777716000, "grossProfitRatio": 0.3556584086, "researchAndDevelopmentExpenses": 0, "generalAndAdministrativeExpenses": 0, "sellingAndMarketingExpenses": 0, "sellingGeneralAndAdministrativeExpenses": 2151498000, "otherExpenses": 301147000, "operatingExpenses": 2452645000, "costAndExpenses": 7484996000, "interestIncome": 0, "interestExpense": 87642000, "depreciationAndAmortization": 303256000, "ebitda": 611914000, "ebitdaratio": 0.0783493919, "operatingIncome": 325071000, "operatingIncomeRatio": 0.0416220501, "totalOtherIncomeExpensesNet": 28797000, "incomeBeforeTax": 253842000, "incomeBeforeTaxRatio": 0.0325018979, "incomeTaxExpense": 20580000, "netIncome": 245646000, "netIncomeRatio": 0.0314524831, "eps": 3.09, "epsdiluted": 3.05, "weightedAverageShsOut": 79603000, "weightedAverageShsOutDil": 80475000, "link": "https://www.sec.gov/Archives/edgar/data/28917/000119312507074149/0001193125-07-074149-index.htm", "finalLink": "https://www.sec.gov/Archives/edgar/data/28917/000119312507074149/d10k.htm", "calculatedOtherExpenses": 301147000, "calculatedOperatingExpenses": 2452645000, "calculatedNetInterest": -87642000, "calculatedOtherIncome": 16413000, "calculatedIncomeNonControlling": -12384000, "calculatedEbitda": 628327000}, {"date": "2006-01-28", "symbol": "DDS", "reportedCurrency": "USD", "cik": "0000028917", "fillingDate": "2006-04-03", "acceptedDate": "2006-04-03 16:16:01", "calendarYear": "2005", "period": "FY", "revenue": 7707993000, "costOfRevenue": 5014021000, "grossProfit": 2693972000, "grossProfitRatio": 0.3495036905, "researchAndDevelopmentExpenses": 0, "generalAndAdministrativeExpenses": 0, "sellingAndMarketingExpenses": 0, "sellingGeneralAndAdministrativeExpenses": 2089019000, "otherExpenses": 301864000, "operatingExpenses": 2390883000, "costAndExpenses": 7404904000, "interestIncome": 0, "interestExpense": 147802000, "depreciationAndAmortization": 304376000, "ebitda": 521397000, "ebitdaratio": 0.0676436785, "operatingIncome": 303089000, "operatingIncomeRatio": 0.0393213901, "totalOtherIncomeExpensesNet": 86068000, "incomeBeforeTax": 135785000, "incomeBeforeTaxRatio": 0.0176161291, "incomeTaxExpense": 14300000, "netIncome": 121485000, "netIncomeRatio": 0.0157609121, "eps": 1.49, "epsdiluted": 1.49, "weightedAverageShsOut": 81504000, "weightedAverageShsOutDil": 81661000, "link": "https://www.sec.gov/Archives/edgar/data/28917/000119312506071918/0001193125-06-071918-index.htm", "finalLink": "https://www.sec.gov/Archives/edgar/data/28917/000119312506071918/d10k.htm", "calculatedOtherExpenses": 301864000, "calculatedOperatingExpenses": 2390883000, "calculatedNetInterest": -147802000, "calculatedOtherIncome": -19502000, "calculatedIncomeNonControlling": 0, "calculatedEbitda": 607465000}, {"date": "2005-01-29", "symbol": "DDS", "reportedCurrency": "USD", "cik": "0000028917", "fillingDate": "2005-04-14", "acceptedDate": "2005-04-14 16:12:36", "calendarYear": "2004", "period": "FY", "revenue": 7528572000, "costOfRevenue": 5017765000, "grossProfit": 2510807000, "grossProfitRatio": 0.3335037508, "researchAndDevelopmentExpenses": 0, "generalAndAdministrativeExpenses": 0, "sellingAndMarketingExpenses": 0, "sellingGeneralAndAdministrativeExpenses": 2153565000, "otherExpenses": 301917000, "operatingExpenses": 2455482000, "costAndExpenses": 7473247000, "interestIncome": 0, "interestExpense": 0, "depreciationAndAmortization": 305536000, "ebitda": 92579000, "ebitdaratio": 0.0122970199, "operatingIncome": 55325000, "operatingIncomeRatio": 0.0073486712, "totalOtherIncomeExpensesNet": 268282000, "incomeBeforeTax": 184551000, "incomeBeforeTaxRatio": 0.0245134137, "incomeTaxExpense": 66885000, "netIncome": 117666000, "netIncomeRatio": 0.0156292588, "eps": 1.41, "epsdiluted": 1.41, "weightedAverageShsOut": 83451064, "weightedAverageShsOutDil": 83451064, "link": "https://www.sec.gov/Archives/edgar/data/28917/000002891705000026/0000028917-05-000026-index.htm", "finalLink": "https://www.sec.gov/Archives/edgar/data/28917/000002891705000026/f10k_012905.htm", "calculatedOtherExpenses": 301917000, "calculatedOperatingExpenses": 2455482000, "calculatedNetInterest": 0, "calculatedOtherIncome": 129226000, "calculatedIncomeNonControlling": 0, "calculatedEbitda": 360861000}, {"date": "2004-01-31", "symbol": "DDS", "reportedCurrency": "USD", "cik": "0000028917", "fillingDate": "2004-04-13", "acceptedDate": "2004-04-13 16:38:36", "calendarYear": "2003", "period": "FY", "revenue": 7598934000, "costOfRevenue": 5170173000, "grossProfit": 2428761000, "grossProfitRatio": 0.3196186465, "researchAndDevelopmentExpenses": 0, "generalAndAdministrativeExpenses": 0, "sellingAndMarketingExpenses": 0, "sellingGeneralAndAdministrativeExpenses": 2162048000, "otherExpenses": 290661000, "operatingExpenses": 2452709000, "costAndExpenses": 7622882000, "interestIncome": 0, "interestExpense": 0, "depreciationAndAmortization": 297201000, "ebitda": 52246000, "ebitdaratio": 0.0068754381, "operatingIncome": -23948000, "operatingIncomeRatio": -0.0031514947, "totalOtherIncomeExpensesNet": 221007000, "incomeBeforeTax": 15994000, "incomeBeforeTaxRatio": 0.0021047689, "incomeTaxExpense": 6650000, "netIncome": 9344000, "netIncomeRatio": 0.0012296462, "eps": 0.11, "epsdiluted": 0.11, "weightedAverageShsOut": 84945455, "weightedAverageShsOutDil": 84945455, "link": "https://www.sec.gov/Archives/edgar/data/28917/000002891704000028/0000028917-04-000028-index.htm", "finalLink": "https://www.sec.gov/Archives/edgar/data/28917/000002891704000028/f10k_013104.htm", "calculatedOtherExpenses": 290661000, "calculatedOperatingExpenses": 2452709000, "calculatedNetInterest": 0, "calculatedOtherIncome": 39942000, "calculatedIncomeNonControlling": 0, "calculatedEbitda": 273253000}, {"date": "2003-02-01", "symbol": "DDS", "reportedCurrency": "USD", "cik": "0000028917", "fillingDate": "2003-04-10", "acceptedDate": "2003-04-10 14:46:35", "calendarYear": "2002", "period": "FY", "revenue": 7910996000, "costOfRevenue": 5254134000, "grossProfit": 2656862000, "grossProfitRatio": 0.3358441845, "researchAndDevelopmentExpenses": 0, "generalAndAdministrativeExpenses": 0, "sellingAndMarketingExpenses": 0, "sellingGeneralAndAdministrativeExpenses": 2232134000, "otherExpenses": 301407000, "operatingExpenses": 2533541000, "costAndExpenses": 7787675000, "interestIncome": 0, "interestExpense": 0, "depreciationAndAmortization": 305545000, "ebitda": 158147000, "ebitdaratio": 0.0199907825, "operatingIncome": 123321000, "operatingIncomeRatio": 0.0155885555, "totalOtherIncomeExpensesNet": 270719000, "incomeBeforeTax": 211100000, "incomeBeforeTaxRatio": 0.026684377, "incomeTaxExpense": 74800000, "netIncome": -398405000, "netIncomeRatio": -0.0503609154, "eps": -4.71, "epsdiluted": -4.67, "weightedAverageShsOut": 84513000, "weightedAverageShsOutDil": 85316000, "link": "https://www.sec.gov/Archives/edgar/data/28917/000002891703000046/0000028917-03-000046-index.htm", "finalLink": "https://www.sec.gov/Archives/edgar/data/28917/000002891703000046/f10k_020103.htm", "calculatedOtherExpenses": 301407000, "calculatedOperatingExpenses": 2533541000, "calculatedNetInterest": 0, "calculatedOtherIncome": 87779000, "calculatedIncomeNonControlling": 534705000, "calculatedEbitda": 428866000}, {"date": "2002-02-02", "symbol": "DDS", "reportedCurrency": "USD", "cik": "0000028917", "fillingDate": "2002-05-01", "acceptedDate": "2002-05-01 14:21:50", "calendarYear": "2001", "period": "FY", "revenue": 8154911000, "costOfRevenue": 5507702000, "grossProfit": 2647209000, "grossProfitRatio": 0.3246153146, "researchAndDevelopmentExpenses": 0, "generalAndAdministrativeExpenses": 0, "sellingAndMarketingExpenses": 0, "sellingGeneralAndAdministrativeExpenses": 2264172000, "otherExpenses": 310754000, "operatingExpenses": 2574926000, "costAndExpenses": 8082628000, "interestIncome": 0, "interestExpense": 0, "depreciationAndAmortization": 313711000, "ebitda": 156318000, "ebitdaratio": 0.0191685722, "operatingIncome": 72283000, "operatingIncomeRatio": 0.0088637387, "totalOtherIncomeExpensesNet": 229676000, "incomeBeforeTax": 111571000, "incomeBeforeTaxRatio": 0.0136814491, "incomeTaxExpense": 45785000, "netIncome": 71798000, "netIncomeRatio": 0.0088042653, "eps": 0.85, "epsdiluted": 0.85, "weightedAverageShsOut": 84020000, "weightedAverageShsOutDil": 84487000, "link": "https://www.sec.gov/Archives/edgar/data/28917/000002891702000016/0000028917-02-000016-index.htm", "finalLink": "https://www.sec.gov/Archives/edgar/data/28917/000002891702000016/f10k_020202.htm", "calculatedOtherExpenses": 310754000, "calculatedOperatingExpenses": 2574926000, "calculatedNetInterest": 0, "calculatedOtherIncome": 39288000, "calculatedIncomeNonControlling": -6012000, "calculatedEbitda": 385994000}, {"date": "2001-02-03", "symbol": "DDS", "reportedCurrency": "USD", "cik": "0000028917", "fillingDate": "2001-05-07", "acceptedDate": "2001-05-07 00:00:00", "calendarYear": "2000", "period": "FY", "revenue": 8566560000, "costOfRevenue": 5802147000, "grossProfit": 2764413000, "grossProfitRatio": 0.3226981425, "researchAndDevelopmentExpenses": 0, "generalAndAdministrativeExpenses": 0, "sellingAndMarketingExpenses": 0, "sellingGeneralAndAdministrativeExpenses": 2219818000, "otherExpenses": 303198000, "operatingExpenses": 2523016000, "costAndExpenses": 8325163000, "interestIncome": 0, "interestExpense": 0, "depreciationAndAmortization": 306096000, "ebitda": 423707000, "ebitdaratio": 0.0494605769, "operatingIncome": 241397000, "operatingIncomeRatio": 0.028178989, "totalOtherIncomeExpensesNet": 123786000, "incomeBeforeTax": 140860000, "incomeBeforeTaxRatio": 0.0164430063, "incomeTaxExpense": 44030000, "netIncome": -5850000, "netIncomeRatio": -0.0006828879, "eps": -0.0642, "epsdiluted": -0.0641, "weightedAverageShsOut": 91171000, "weightedAverageShsOutDil": 91199000, "link": "https://www.sec.gov/Archives/edgar/data/28917/000002891701500005/0000028917-01-500005-index.htm", "finalLink": "https://www.sec.gov/Archives/edgar/data/28917/000002891701500005/f10k_020301.htm", "calculatedOtherExpenses": 303198000, "calculatedOperatingExpenses": 2523016000, "calculatedNetInterest": 0, "calculatedOtherIncome": -100537000, "calculatedIncomeNonControlling": 102680000, "calculatedEbitda": 547493000}, {"date": "2000-01-29", "symbol": "DDS", "reportedCurrency": "USD", "cik": "0000028917", "fillingDate": "2000-04-28", "acceptedDate": "2000-04-28 00:00:00", "calendarYear": "1999", "period": "FY", "revenue": 8676711000, "costOfRevenue": 5834443000, "grossProfit": 2842268000, "grossProfitRatio": 0.3275743539, "researchAndDevelopmentExpenses": 0, "generalAndAdministrativeExpenses": 0, "sellingAndMarketingExpenses": 0, "sellingGeneralAndAdministrativeExpenses": 2200697000, "otherExpenses": 295874000, "operatingExpenses": 2496571000, "costAndExpenses": 8331014000, "interestIncome": 0, "interestExpense": 0, "depreciationAndAmortization": 295874000, "ebitda": 466753000, "ebitdaratio": 0.0537937705, "operatingIncome": 345697000, "operatingIncomeRatio": 0.0398419401, "totalOtherIncomeExpensesNet": 174818000, "incomeBeforeTax": 283949000, "incomeBeforeTaxRatio": 0.0327254187, "incomeTaxExpense": 120220000, "netIncome": 163729000, "netIncomeRatio": 0.0188699382, "eps": 1.55, "epsdiluted": 1.55, "weightedAverageShsOut": 105465000, "weightedAverageShsOutDil": 105618000, "link": "https://www.sec.gov/Archives/edgar/data/28917/000002891700000002/0000028917-00-000002-index.html", "finalLink": "https://www.sec.gov/Archives/edgar/data/28917/000002891700000002/0000028917-00-000002-d1.html", "calculatedOtherExpenses": 295874000, "calculatedOperatingExpenses": 2496571000, "calculatedNetInterest": 0, "calculatedOtherIncome": -61748000, "calculatedIncomeNonControlling": 0, "calculatedEbitda": 641571000}, {"date": "1999-01-30", "symbol": "DDS", "reportedCurrency": "USD", "cik": "0000028917", "fillingDate": "1999-04-30", "acceptedDate": "1999-04-30 00:00:00", "calendarYear": "1998", "period": "FY", "revenue": 7796700000, "costOfRevenue": 5215900000, "grossProfit": 2580800000, "grossProfitRatio": 0.3310118383, "researchAndDevelopmentExpenses": 0, "generalAndAdministrativeExpenses": 0, "sellingAndMarketingExpenses": 0, "sellingGeneralAndAdministrativeExpenses": 2138200000, "otherExpenses": 241900000, "operatingExpenses": 2380100000, "costAndExpenses": 7596000000, "interestIncome": 0, "interestExpense": 0, "depreciationAndAmortization": 241900000, "ebitda": 227600000, "ebitdaratio": 0.0291918376, "operatingIncome": 200700000, "operatingIncomeRatio": 0.0257416599, "totalOtherIncomeExpensesNet": 215000000, "incomeBeforeTax": 219100000, "incomeBeforeTaxRatio": 0.0281016327, "incomeTaxExpense": 83800000, "netIncome": 135300000, "netIncomeRatio": 0.0173534957, "eps": 1.26, "epsdiluted": 1.26, "weightedAverageShsOut": 107380952, "weightedAverageShsOutDil": 107380952, "link": "https://www.sec.gov/Archives/edgar/data/28917/000002891799000002/0000028917-99-000002-index.html", "finalLink": "https://www.sec.gov/Archives/edgar/data/28917/", "calculatedOtherExpenses": 241900000, "calculatedOperatingExpenses": 2380100000, "calculatedNetInterest": 0, "calculatedOtherIncome": 18400000, "calculatedIncomeNonControlling": 0, "calculatedEbitda": 442600000}, {"date": "1998-01-31", "symbol": "DDS", "reportedCurrency": "USD", "cik": "0000028917", "fillingDate": "1998-04-24", "acceptedDate": "1998-04-24 00:00:00", "calendarYear": "1997", "period": "FY", "revenue": 6631800000, "costOfRevenue": 4391800000, "grossProfit": 2240000000, "grossProfitRatio": 0.3377665189, "researchAndDevelopmentExpenses": 0, "generalAndAdministrativeExpenses": 0, "sellingAndMarketingExpenses": 0, "sellingGeneralAndAdministrativeExpenses": 1684400000, "otherExpenses": 201400000, "operatingExpenses": 1885800000, "costAndExpenses": 6277600000, "interestIncome": 0, "interestExpense": 0, "depreciationAndAmortization": 201400000, "ebitda": 370400000, "ebitdaratio": 0.0558521065, "operatingIncome": 354200000, "operatingIncomeRatio": 0.0534093308, "totalOtherIncomeExpensesNet": 185200000, "incomeBeforeTax": 410000000, "incomeBeforeTaxRatio": 0.061823336, "incomeTaxExpense": 151700000, "netIncome": 258300000, "netIncomeRatio": 0.0389487017, "eps": 2.32, "epsdiluted": 2.31, "weightedAverageShsOut": 111336207, "weightedAverageShsOutDil": 111818182, "link": "https://www.sec.gov/Archives/edgar/data/28917/000002891798000004/0000028917-98-000004-index.html", "finalLink": "https://www.sec.gov/Archives/edgar/data/28917/", "calculatedOtherExpenses": 201400000, "calculatedOperatingExpenses": 1885800000, "calculatedNetInterest": 0, "calculatedOtherIncome": 55800000, "calculatedIncomeNonControlling": 0, "calculatedEbitda": 555600000}, {"date": "1997-02-01", "symbol": "DDS", "reportedCurrency": "USD", "cik": "0000028917", "fillingDate": "1997-04-28", "acceptedDate": "1997-04-28 00:00:00", "calendarYear": "1996", "period": "FY", "revenue": 6227600000, "costOfRevenue": 4123300000, "grossProfit": 2104300000, "grossProfitRatio": 0.3378990301, "researchAndDevelopmentExpenses": 0, "generalAndAdministrativeExpenses": 0, "sellingAndMarketingExpenses": 0, "sellingGeneralAndAdministrativeExpenses": 1594200000, "otherExpenses": 195200000, "operatingExpenses": 1789400000, "costAndExpenses": 5912700000, "interestIncome": 0, "interestExpense": 0, "depreciationAndAmortization": 195200000, "ebitda": 325600000, "ebitdaratio": 0.0522833836, "operatingIncome": 314900000, "operatingIncomeRatio": 0.0505652258, "totalOtherIncomeExpensesNet": 184500000, "incomeBeforeTax": 378700000, "incomeBeforeTaxRatio": 0.0608099428, "incomeTaxExpense": 140100000, "netIncome": 238600000, "netIncomeRatio": 0.0383133149, "eps": 2.1, "epsdiluted": 2.09, "weightedAverageShsOut": 113619048, "weightedAverageShsOutDil": 114162679, "link": "https://www.sec.gov/Archives/edgar/data/28917/000002891797000003/0000028917-97-000003-index.html", "finalLink": "https://www.sec.gov/Archives/edgar/data/28917/", "calculatedOtherExpenses": 195200000, "calculatedOperatingExpenses": 1789400000, "calculatedNetInterest": 0, "calculatedOtherIncome": 63800000, "calculatedIncomeNonControlling": 0, "calculatedEbitda": 510100000}, {"date": "1996-02-03", "symbol": "DDS", "reportedCurrency": "USD", "cik": "0000028917", "fillingDate": "1996-05-02", "acceptedDate": "1996-05-02 00:00:00", "calendarYear": "1995", "period": "FY", "revenue": 5918000000, "costOfRevenue": 3951100000, "grossProfit": 1966900000, "grossProfitRatio": 0.332358905, "researchAndDevelopmentExpenses": 0, "generalAndAdministrativeExpenses": 0, "sellingAndMarketingExpenses": 0, "sellingGeneralAndAdministrativeExpenses": 1436400000, "otherExpenses": 193300000, "operatingExpenses": 1629700000, "costAndExpenses": 5580800000, "interestIncome": 0, "interestExpense": 0, "depreciationAndAmortization": 193300000, "ebitda": 478000000, "ebitdaratio": 0.0807705306, "operatingIncome": 337200000, "operatingIncomeRatio": 0.056978709, "totalOtherIncomeExpensesNet": 52500000, "incomeBeforeTax": 269700000, "incomeBeforeTaxRatio": 0.0455728287, "incomeTaxExpense": 102500000, "netIncome": 167200000, "netIncomeRatio": 0.0282527881, "eps": 1.48, "epsdiluted": 1.48, "weightedAverageShsOut": 112972973, "weightedAverageShsOutDil": 112972973, "link": "https://www.sec.gov/Archives/edgar/data/28917/000002891796000005/0000028917-96-000005-index.html", "finalLink": "https://www.sec.gov/Archives/edgar/data/28917/", "calculatedOtherExpenses": 193300000, "calculatedOperatingExpenses": 1629700000, "calculatedNetInterest": 0, "calculatedOtherIncome": -67500000, "calculatedIncomeNonControlling": 0, "calculatedEbitda": 530500000}, {"date": "1995-01-28", "symbol": "DDS", "reportedCurrency": "USD", "cik": "0000028917", "fillingDate": "1995-04-28", "acceptedDate": "1995-04-28 00:00:00", "calendarYear": "1994", "period": "FY", "revenue": 5545800000, "costOfRevenue": 3677900000, "grossProfit": 1867900000, "grossProfitRatio": 0.3368134444, "researchAndDevelopmentExpenses": 0, "generalAndAdministrativeExpenses": 0, "sellingAndMarketingExpenses": 0, "sellingGeneralAndAdministrativeExpenses": 1328400000, "otherExpenses": 191900000, "operatingExpenses": 1520300000, "costAndExpenses": 5198200000, "interestIncome": 0, "interestExpense": 0, "depreciationAndAmortization": 191900000, "ebitda": 356700000, "ebitdaratio": 0.0643189441, "operatingIncome": 347600000, "operatingIncomeRatio": 0.0626780627, "totalOtherIncomeExpensesNet": 182800000, "incomeBeforeTax": 406100000, "incomeBeforeTaxRatio": 0.0732265859, "incomeTaxExpense": 154300000, "netIncome": 251800000, "netIncomeRatio": 0.0454037289, "eps": 2.23, "epsdiluted": 2.23, "weightedAverageShsOut": 112914798, "weightedAverageShsOutDil": 112914798, "link": "https://www.sec.gov/Archives/edgar/data/28917/000002891795000002/0000028917-95-000002-index.html", "finalLink": "https://www.sec.gov/Archives/edgar/data/28917/", "calculatedOtherExpenses": 191900000, "calculatedOperatingExpenses": 1520300000, "calculatedNetInterest": 0, "calculatedOtherIncome": 58500000, "calculatedIncomeNonControlling": 0, "calculatedEbitda": 539500000}, {"date": "1994-01-29", "symbol": "DDS", "reportedCurrency": "USD", "cik": "0000028917", "fillingDate": "1994-04-29", "acceptedDate": "1994-04-29 00:00:00", "calendarYear": "1993", "period": "FY", "revenue": 5130600000, "costOfRevenue": 3305100000, "grossProfit": 1825500000, "grossProfitRatio": 0.3558063384, "researchAndDevelopmentExpenses": 0, "generalAndAdministrativeExpenses": 0, "sellingAndMarketingExpenses": 0, "sellingGeneralAndAdministrativeExpenses": 1304000000, "otherExpenses": 172800000, "operatingExpenses": 1476800000, "costAndExpenses": 4781900000, "interestIncome": 0, "interestExpense": 0, "depreciationAndAmortization": 172800000, "ebitda": 339800000, "ebitdaratio": 0.0662300706, "operatingIncome": 348700000, "operatingIncomeRatio": 0.0679647605, "totalOtherIncomeExpensesNet": 181700000, "incomeBeforeTax": 399500000, "incomeBeforeTaxRatio": 0.0778661365, "incomeTaxExpense": 158400000, "netIncome": 241100000, "netIncomeRatio": 0.0469925545, "eps": 2.14, "epsdiluted": 2.14, "weightedAverageShsOut": 112663551, "weightedAverageShsOutDil": 112663551, "link": "https://www.sec.gov/Archives/edgar/data/28917/000002891794000006/0000028917-94-000006-index.html", "finalLink": "https://www.sec.gov/Archives/edgar/data/28917/", "calculatedOtherExpenses": 172800000, "calculatedOperatingExpenses": 1476800000, "calculatedNetInterest": 0, "calculatedOtherIncome": 50800000, "calculatedIncomeNonControlling": 0, "calculatedEbitda": 521500000}, {"date": "1993-01-31", "symbol": "DDS", "reportedCurrency": "USD", "cik": "0000028917", "fillingDate": "1993-01-31", "acceptedDate": "1993-01-30 19:00:00", "calendarYear": "1992", "period": "FY", "revenue": 4714000000, "costOfRevenue": 3042000000, "grossProfit": 1672000000, "grossProfitRatio": 0.3546881629, "researchAndDevelopmentExpenses": 0, "generalAndAdministrativeExpenses": 0, "sellingAndMarketingExpenses": 0, "sellingGeneralAndAdministrativeExpenses": 1207000000, "otherExpenses": 137000000, "operatingExpenses": 1344000000, "costAndExpenses": 4386000000, "interestIncome": 0, "interestExpense": 0, "depreciationAndAmortization": 137000000, "ebitda": 295800000, "ebitdaratio": 0.0627492575, "operatingIncome": 328000000, "operatingIncomeRatio": 0.0695799745, "totalOtherIncomeExpensesNet": 169200000, "incomeBeforeTax": 375300000, "incomeBeforeTaxRatio": 0.079613916, "incomeTaxExpense": 138900000, "netIncome": 236400000, "netIncomeRatio": 0.0501484938, "eps": 2.11, "epsdiluted": 2.11, "weightedAverageShsOut": 112037915, "weightedAverageShsOutDil": 112037915, "link": "", "finalLink": "", "calculatedOtherExpenses": 137000000, "calculatedOperatingExpenses": 1344000000, "calculatedNetInterest": 0, "calculatedOtherIncome": 47300000, "calculatedIncomeNonControlling": 0, "calculatedEbitda": 465000000}, {"date": "1992-01-31", "symbol": "DDS", "reportedCurrency": "USD", "cik": "0000028917", "fillingDate": "1992-01-31", "acceptedDate": "1992-01-30 19:00:00", "calendarYear": "1991", "period": "FY", "revenue": 4036400000, "costOfRevenue": 2564800000, "grossProfit": 1471600000, "grossProfitRatio": 0.3645823011, "researchAndDevelopmentExpenses": 0, "generalAndAdministrativeExpenses": 0, "sellingAndMarketingExpenses": 0, "sellingGeneralAndAdministrativeExpenses": 1074300000, "otherExpenses": 113800000, "operatingExpenses": 1188100000, "costAndExpenses": 3752900000, "interestIncome": 0, "interestExpense": 0, "depreciationAndAmortization": 113800000, "ebitda": 249200000, "ebitdaratio": 0.0617381825, "operatingIncome": 283500000, "operatingIncomeRatio": 0.0702358537, "totalOtherIncomeExpensesNet": 148100000, "incomeBeforeTax": 322200000, "incomeBeforeTaxRatio": 0.0798236052, "incomeTaxExpense": 116000000, "netIncome": 206200000, "netIncomeRatio": 0.0510851254, "eps": 1.84, "epsdiluted": 1.84, "weightedAverageShsOut": 112065217, "weightedAverageShsOutDil": 112065217, "link": "", "finalLink": "", "calculatedOtherExpenses": 113800000, "calculatedOperatingExpenses": 1188100000, "calculatedNetInterest": 0, "calculatedOtherIncome": 38700000, "calculatedIncomeNonControlling": 0, "calculatedEbitda": 397300000}, {"date": "1991-01-31", "symbol": "DDS", "reportedCurrency": "USD", "cik": "0000028917", "fillingDate": "1991-01-31", "acceptedDate": "1991-01-30 19:00:00", "calendarYear": "1990", "period": "FY", "revenue": 3605500000, "costOfRevenue": 2287100000, "grossProfit": 1318400000, "grossProfitRatio": 0.3656635695, "researchAndDevelopmentExpenses": 0, "generalAndAdministrativeExpenses": 0, "sellingAndMarketingExpenses": 0, "sellingGeneralAndAdministrativeExpenses": 969600000, "otherExpenses": 99500000, "operatingExpenses": 1069100000, "costAndExpenses": 3356200000, "interestIncome": 0, "interestExpense": 0, "depreciationAndAmortization": 99500000, "ebitda": 220400000, "ebitdaratio": 0.061128831, "operatingIncome": 249300000, "operatingIncomeRatio": 0.0691443628, "totalOtherIncomeExpensesNet": 128400000, "incomeBeforeTax": 280800000, "incomeBeforeTaxRatio": 0.0778810151, "incomeTaxExpense": 98000000, "netIncome": 182800000, "netIncomeRatio": 0.050700319, "eps": 1.67, "epsdiluted": 1.67, "weightedAverageShsOut": 109461078, "weightedAverageShsOutDil": 109461078, "link": "", "finalLink": "", "calculatedOtherExpenses": 99500000, "calculatedOperatingExpenses": 1069100000, "calculatedNetInterest": 0, "calculatedOtherIncome": 31500000, "calculatedIncomeNonControlling": 0, "calculatedEbitda": 348800000}, {"date": "1990-01-31", "symbol": "DDS", "reportedCurrency": "USD", "cik": "0000028917", "fillingDate": "1990-01-31", "acceptedDate": "1990-01-30 19:00:00", "calendarYear": "1989", "period": "FY", "revenue": 3049100000, "costOfRevenue": 1926300000, "grossProfit": 1122800000, "grossProfitRatio": 0.3682398085, "researchAndDevelopmentExpenses": 0, "generalAndAdministrativeExpenses": 0, "sellingAndMarketingExpenses": 0, "sellingGeneralAndAdministrativeExpenses": 827100000, "otherExpenses": 86400000, "operatingExpenses": 913500000, "costAndExpenses": 2839800000, "interestIncome": 0, "interestExpense": 0, "depreciationAndAmortization": 86400000, "ebitda": 185300000, "ebitdaratio": 0.0607720311, "operatingIncome": 209300000, "operatingIncomeRatio": 0.0686432062, "totalOtherIncomeExpensesNet": 110400000, "incomeBeforeTax": 227900000, "incomeBeforeTaxRatio": 0.0747433669, "incomeTaxExpense": 79800000, "netIncome": 148100000, "netIncomeRatio": 0.0485717097, "eps": 1.45, "epsdiluted": 1.45, "weightedAverageShsOut": 102137931, "weightedAverageShsOutDil": 102137931, "link": "", "finalLink": "", "calculatedOtherExpenses": 86400000, "calculatedOperatingExpenses": 913500000, "calculatedNetInterest": 0, "calculatedOtherIncome": 18600000, "calculatedIncomeNonControlling": 0, "calculatedEbitda": 295700000}, {"date": "1989-01-31", "symbol": "DDS", "reportedCurrency": "USD", "cik": "0000028917", "fillingDate": "1989-01-31", "acceptedDate": "1989-01-30 19:00:00", "calendarYear": "1988", "period": "FY", "revenue": 2558400000, "costOfRevenue": 1636300000, "grossProfit": 922100000, "grossProfitRatio": 0.3604205754, "researchAndDevelopmentExpenses": 0, "generalAndAdministrativeExpenses": 0, "sellingAndMarketingExpenses": 0, "sellingGeneralAndAdministrativeExpenses": 691700000, "otherExpenses": 73900000, "operatingExpenses": 765600000, "costAndExpenses": 2401900000, "interestIncome": 0, "interestExpense": 0, "depreciationAndAmortization": 73900000, "ebitda": 133300000, "ebitdaratio": 0.0521028768, "operatingIncome": 156500000, "operatingIncomeRatio": 0.0611710444, "totalOtherIncomeExpensesNet": 97100000, "incomeBeforeTax": 172500000, "incomeBeforeTaxRatio": 0.0674249531, "incomeTaxExpense": 58700000, "netIncome": 113800000, "netIncomeRatio": 0.0444809256, "eps": 1.18, "epsdiluted": 1.18, "weightedAverageShsOut": 96440678, "weightedAverageShsOutDil": 96440678, "link": "", "finalLink": "", "calculatedOtherExpenses": 73900000, "calculatedOperatingExpenses": 765600000, "calculatedNetInterest": 0, "calculatedOtherIncome": 16000000, "calculatedIncomeNonControlling": 0, "calculatedEbitda": 230400000}, {"date": "1988-01-31", "symbol": "DDS", "reportedCurrency": "USD", "cik": "0000028917", "fillingDate": "1988-01-31", "acceptedDate": "1988-01-30 19:00:00", "calendarYear": "1987", "period": "FY", "revenue": 2206300000, "costOfRevenue": 1398800000, "grossProfit": 807500000, "grossProfitRatio": 0.3659973712, "researchAndDevelopmentExpenses": 0, "generalAndAdministrativeExpenses": 0, "sellingAndMarketingExpenses": 0, "sellingGeneralAndAdministrativeExpenses": 609000000, "otherExpenses": 63400000, "operatingExpenses": 672400000, "costAndExpenses": 2071200000, "interestIncome": 0, "interestExpense": 0, "depreciationAndAmortization": 63400000, "ebitda": 114100000, "ebitdaratio": 0.0517155419, "operatingIncome": 135100000, "operatingIncomeRatio": 0.0612337397, "totalOtherIncomeExpensesNet": 84400000, "incomeBeforeTax": 155200000, "incomeBeforeTaxRatio": 0.0703440149, "incomeTaxExpense": 64000000, "netIncome": 91200000, "netIncomeRatio": 0.0413361737, "eps": 0.94, "epsdiluted": 0.94, "weightedAverageShsOut": 97021277, "weightedAverageShsOutDil": 97021277, "link": "", "finalLink": "", "calculatedOtherExpenses": 63400000, "calculatedOperatingExpenses": 672400000, "calculatedNetInterest": 0, "calculatedOtherIncome": 20100000, "calculatedIncomeNonControlling": 0, "calculatedEbitda": 198500000}, {"date": "1987-01-31", "symbol": "DDS", "reportedCurrency": "USD", "cik": "0000028917", "fillingDate": "1987-01-31", "acceptedDate": "1987-01-30 19:00:00", "calendarYear": "1986", "period": "FY", "revenue": 1851400000, "costOfRevenue": 1179200000, "grossProfit": 672200000, "grossProfitRatio": 0.3630765907, "researchAndDevelopmentExpenses": 0, "generalAndAdministrativeExpenses": 0, "sellingAndMarketingExpenses": 0, "sellingGeneralAndAdministrativeExpenses": 512800000, "otherExpenses": 51300000, "operatingExpenses": 564100000, "costAndExpenses": 1743300000, "interestIncome": 0, "interestExpense": 0, "depreciationAndAmortization": 51300000, "ebitda": 87700000, "ebitdaratio": 0.0473695582, "operatingIncome": 108100000, "operatingIncomeRatio": 0.0583882467, "totalOtherIncomeExpensesNet": 71700000, "incomeBeforeTax": 131900000, "incomeBeforeTaxRatio": 0.0712433834, "incomeTaxExpense": 57400000, "netIncome": 74500000, "netIncomeRatio": 0.0402398185, "eps": 0.78, "epsdiluted": 0.78, "weightedAverageShsOut": 95512821, "weightedAverageShsOutDil": 95512821, "link": "", "finalLink": "", "calculatedOtherExpenses": 51300000, "calculatedOperatingExpenses": 564100000, "calculatedNetInterest": 0, "calculatedOtherIncome": 23800000, "calculatedIncomeNonControlling": 0, "calculatedEbitda": 159400000}, {"date": "1986-01-31", "symbol": "DDS", "reportedCurrency": "USD", "cik": "0000028917", "fillingDate": "1986-01-31", "acceptedDate": "1986-01-30 19:00:00", "calendarYear": "1985", "period": "FY", "revenue": 1601400000, "costOfRevenue": 1016200000, "grossProfit": 585200000, "grossProfitRatio": 0.3654302485, "researchAndDevelopmentExpenses": 0, "generalAndAdministrativeExpenses": 0, "sellingAndMarketingExpenses": 0, "sellingGeneralAndAdministrativeExpenses": 444800000, "otherExpenses": 39900000, "operatingExpenses": 484700000, "costAndExpenses": 1500900000, "interestIncome": 0, "interestExpense": 0, "depreciationAndAmortization": 39900000, "ebitda": 80900000, "ebitdaratio": 0.0505182965, "operatingIncome": 100500000, "operatingIncomeRatio": 0.0627575871, "totalOtherIncomeExpensesNet": 59500000, "incomeBeforeTax": 114900000, "incomeBeforeTaxRatio": 0.071749719, "incomeTaxExpense": 48000000, "netIncome": 66900000, "netIncomeRatio": 0.041775946, "eps": 0.76, "epsdiluted": 0.76, "weightedAverageShsOut": 88026316, "weightedAverageShsOutDil": 88026316, "link": "", "finalLink": "", "calculatedOtherExpenses": 39900000, "calculatedOperatingExpenses": 484700000, "calculatedNetInterest": 0, "calculatedOtherIncome": 14400000, "calculatedIncomeNonControlling": 0, "calculatedEbitda": 140400000}]}