{"originalCurrency": "USD", "convertedCurrency": "USD", "report": [{"date": "2023-10-29", "symbol": "DE", "reportedCurrency": "USD", "cik": "0000315189", "fillingDate": "2023-12-15", "acceptedDate": "2023-12-15 10:27:39", "calendarYear": "2023", "period": "FY", "revenue": 60248000000, "costOfRevenue": 37715000000, "grossProfit": 22533000000, "grossProfitRatio": 0.3740041163, "researchAndDevelopmentExpenses": 2177000000, "generalAndAdministrativeExpenses": 4618000000, "sellingAndMarketingExpenses": -23000000, "sellingGeneralAndAdministrativeExpenses": 4595000000, "otherExpenses": 1003000000, "operatingExpenses": 8064000000, "costAndExpenses": 45779000000, "interestIncome": 29000000, "interestExpense": 2453000000, "depreciationAndAmortization": 2004000000, "ebitda": 17476000000, "ebitdaratio": 0.2900677201, "operatingIncome": 15472000000, "operatingIncomeRatio": 0.2568052052, "totalOtherIncomeExpensesNet": 1003000000, "incomeBeforeTax": 13019000000, "incomeBeforeTaxRatio": 0.2160901607, "incomeTaxExpense": 2871000000, "netIncome": 10166000000, "netIncomeRatio": 0.1687358916, "eps": 34.79, "epsdiluted": 34.63, "weightedAverageShsOut": 292200000, "weightedAverageShsOutDil": 293600000, "link": "https://www.sec.gov/Archives/edgar/data/315189/000155837023019812/0001558370-23-019812-index.htm", "finalLink": "https://www.sec.gov/Archives/edgar/data/315189/000155837023019812/de-20231029x10k.htm", "calculatedOtherExpenses": 289000000, "calculatedOperatingExpenses": 7061000000, "calculatedNetInterest": -2424000000, "calculatedOtherIncome": -29000000, "calculatedIncomeNonControlling": -18000000, "calculatedEbitda": 17476000000}, {"date": "2022-10-30", "symbol": "DE", "reportedCurrency": "USD", "cik": "0000315189", "fillingDate": "2022-12-15", "acceptedDate": "2022-12-15 11:32:02", "calendarYear": "2022", "period": "FY", "revenue": 52577000000, "costOfRevenue": 35338000000, "grossProfit": 17239000000, "grossProfitRatio": 0.3278810126, "researchAndDevelopmentExpenses": 1912000000, "generalAndAdministrativeExpenses": 3912000000, "sellingAndMarketingExpenses": -49000000, "sellingGeneralAndAdministrativeExpenses": 3863000000, "otherExpenses": 1275000000, "operatingExpenses": 7050000000, "costAndExpenses": 42388000000, "interestIncome": 14000000, "interestExpense": 1062000000, "depreciationAndAmortization": 1895000000, "ebitda": 12084000000, "ebitdaratio": 0.2298343382, "operatingIncome": 10189000000, "operatingIncomeRatio": 0.1937919623, "totalOtherIncomeExpensesNet": -1062000000, "incomeBeforeTax": 9127000000, "incomeBeforeTaxRatio": 0.173593016, "incomeTaxExpense": 2007000000, "netIncome": 7131000000, "netIncomeRatio": 0.1356296479, "eps": 23.42, "epsdiluted": 23.28, "weightedAverageShsOut": 304500000, "weightedAverageShsOutDil": 306300000, "link": "https://www.sec.gov/Archives/edgar/data/315189/000155837022018703/0001558370-22-018703-index.htm", "finalLink": "https://www.sec.gov/Archives/edgar/data/315189/000155837022018703/de-20221030x10k.htm", "calculatedOtherExpenses": 1275000000, "calculatedOperatingExpenses": 7050000000, "calculatedNetInterest": -1048000000, "calculatedOtherIncome": -14000000, "calculatedIncomeNonControlling": -11000000, "calculatedEbitda": 12084000000}, {"date": "2021-10-31", "symbol": "DE", "reportedCurrency": "USD", "cik": "0000315189", "fillingDate": "2021-12-16", "acceptedDate": "2021-12-16 11:39:34", "calendarYear": "2021", "period": "FY", "revenue": 43033000000, "costOfRevenue": 29116000000, "grossProfit": 13917000000, "grossProfitRatio": 0.3234029698, "researchAndDevelopmentExpenses": 1587000000, "generalAndAdministrativeExpenses": 3435000000, "sellingAndMarketingExpenses": -52000000, "sellingGeneralAndAdministrativeExpenses": 3383000000, "otherExpenses": 1343000000, "operatingExpenses": 6313000000, "costAndExpenses": 35429000000, "interestIncome": 41000000, "interestExpense": 993000000, "depreciationAndAmortization": 2050000000, "ebitda": 10645000000, "ebitdaratio": 0.2473682987, "operatingIncome": 8595000000, "operatingIncomeRatio": 0.1997304394, "totalOtherIncomeExpensesNet": -993000000, "incomeBeforeTax": 7602000000, "incomeBeforeTaxRatio": 0.1766551251, "incomeTaxExpense": 1658000000, "netIncome": 5963000000, "netIncomeRatio": 0.1385680757, "eps": 19.14, "epsdiluted": 18.99, "weightedAverageShsOut": 311600000, "weightedAverageShsOutDil": 314000000, "link": "https://www.sec.gov/Archives/edgar/data/315189/000155837021016864/0001558370-21-016864-index.htm", "finalLink": "https://www.sec.gov/Archives/edgar/data/315189/000155837021016864/de-20211031x10k.htm", "calculatedOtherExpenses": 352000000, "calculatedOperatingExpenses": 5322000000, "calculatedNetInterest": -952000000, "calculatedOtherIncome": -41000000, "calculatedIncomeNonControlling": -19000000, "calculatedEbitda": 10645000000}, {"date": "2020-11-01", "symbol": "DE", "reportedCurrency": "USD", "cik": "0000315189", "fillingDate": "2020-12-17", "acceptedDate": "2020-12-17 11:19:00", "calendarYear": "2020", "period": "FY", "revenue": 34722000000, "costOfRevenue": 23677000000, "grossProfit": 11045000000, "grossProfitRatio": 0.3180980358, "researchAndDevelopmentExpenses": 1644000000, "generalAndAdministrativeExpenses": 3677000000, "sellingAndMarketingExpenses": -200000000, "sellingGeneralAndAdministrativeExpenses": 3477000000, "otherExpenses": 1612000000, "operatingExpenses": 6733000000, "costAndExpenses": 30410000000, "interestIncome": 26000000, "interestExpense": 1247000000, "depreciationAndAmortization": 2118000000, "ebitda": 7248000000, "ebitdaratio": 0.208743736, "operatingIncome": 5130000000, "operatingIncomeRatio": 0.1477449456, "totalOtherIncomeExpensesNet": -1247000000, "incomeBeforeTax": 3883000000, "incomeBeforeTaxRatio": 0.1118311157, "incomeTaxExpense": 1082000000, "netIncome": 2751000000, "netIncomeRatio": 0.0792293071, "eps": 8.78, "epsdiluted": 8.69, "weightedAverageShsOut": 313500000, "weightedAverageShsOutDil": 316600000, "link": "https://www.sec.gov/Archives/edgar/data/315189/000155837020014436/0001558370-20-014436-index.htm", "finalLink": "https://www.sec.gov/Archives/edgar/data/315189/000155837020014436/de-20201101x10k.htm", "calculatedOtherExpenses": 794000000, "calculatedOperatingExpenses": 5915000000, "calculatedNetInterest": -1221000000, "calculatedOtherIncome": -26000000, "calculatedIncomeNonControlling": 50000000, "calculatedEbitda": 7248000000}, {"date": "2019-11-03", "symbol": "DE", "reportedCurrency": "USD", "cik": "0000315189", "fillingDate": "2019-12-19", "acceptedDate": "2019-12-19 15:37:52", "calendarYear": "2019", "period": "FY", "revenue": 38379000000, "costOfRevenue": 26792000000, "grossProfit": 11587000000, "grossProfitRatio": 0.3019098986, "researchAndDevelopmentExpenses": 1783000000, "generalAndAdministrativeExpenses": 3694000000, "sellingAndMarketingExpenses": -143000000, "sellingGeneralAndAdministrativeExpenses": 3551000000, "otherExpenses": 1578000000, "operatingExpenses": 6912000000, "costAndExpenses": 33704000000, "interestIncome": 25000000, "interestExpense": 1466000000, "depreciationAndAmortization": 2019000000, "ebitda": 7573000000, "ebitdaratio": 0.1973214518, "operatingIncome": 5554000000, "operatingIncomeRatio": 0.1447145574, "totalOtherIncomeExpensesNet": -1466000000, "incomeBeforeTax": 4088000000, "incomeBeforeTaxRatio": 0.1065165846, "incomeTaxExpense": 852000000, "netIncome": 3253000000, "netIncomeRatio": 0.0847598947, "eps": 10.28, "epsdiluted": 10.15, "weightedAverageShsOut": 316500000, "weightedAverageShsOutDil": 320600000, "link": "https://www.sec.gov/Archives/edgar/data/315189/000155837019011614/0001558370-19-011614-index.htm", "finalLink": "https://www.sec.gov/Archives/edgar/data/315189/000155837019011614/de-20191103x10k.htm", "calculatedOtherExpenses": 699000000, "calculatedOperatingExpenses": 6033000000, "calculatedNetInterest": -1441000000, "calculatedOtherIncome": -25000000, "calculatedIncomeNonControlling": -17000000, "calculatedEbitda": 7573000000}, {"date": "2018-10-28", "symbol": "DE", "reportedCurrency": "USD", "cik": "0000315189", "fillingDate": "2018-12-17", "acceptedDate": "2018-12-17 12:00:46", "calendarYear": "2018", "period": "FY", "revenue": 36457300000, "costOfRevenue": 25571200000, "grossProfit": 10886100000, "grossProfitRatio": 0.2985986346, "researchAndDevelopmentExpenses": 1657600000, "generalAndAdministrativeExpenses": 3455500000, "sellingAndMarketingExpenses": 0, "sellingGeneralAndAdministrativeExpenses": 3455500000, "otherExpenses": 900400000, "operatingExpenses": 6512200000, "costAndExpenses": 32083400000, "interestIncome": 0, "interestExpense": 1203600000, "depreciationAndAmortization": 1927100000, "ebitda": 7201400000, "ebitdaratio": 0.1975297128, "operatingIncome": 4042400000, "operatingIncomeRatio": 0.1108803998, "totalOtherIncomeExpensesNet": 900400000, "incomeBeforeTax": 4070700000, "incomeBeforeTaxRatio": 0.1116566504, "incomeTaxExpense": 1726900000, "netIncome": 2368400000, "netIncomeRatio": 0.0649636698, "eps": 7.34, "epsdiluted": 7.24, "weightedAverageShsOut": 322600000, "weightedAverageShsOutDil": 327300000, "link": "https://www.sec.gov/Archives/edgar/data/315189/000104746918007694/0001047469-18-007694-index.htm", "finalLink": "https://www.sec.gov/Archives/edgar/data/315189/000104746918007694/a2236950z10-k.htm", "calculatedOtherExpenses": 1730600000, "calculatedOperatingExpenses": 6843700000, "calculatedNetInterest": -1203600000, "calculatedOtherIncome": 1231900000, "calculatedIncomeNonControlling": -24600000, "calculatedEbitda": 5969500000}, {"date": "2017-10-29", "symbol": "DE", "reportedCurrency": "USD", "cik": "0000315189", "fillingDate": "2017-12-18", "acceptedDate": "2017-12-18 11:40:12", "calendarYear": "2017", "period": "FY", "revenue": 28616600000, "costOfRevenue": 19933500000, "grossProfit": 8683100000, "grossProfitRatio": 0.3034287791, "researchAndDevelopmentExpenses": 1367700000, "generalAndAdministrativeExpenses": 3066600000, "sellingAndMarketingExpenses": 0, "sellingGeneralAndAdministrativeExpenses": 3066600000, "otherExpenses": 1121100000, "operatingExpenses": 5750900000, "costAndExpenses": 25684400000, "interestIncome": 0, "interestExpense": 899500000, "depreciationAndAmortization": 1715500000, "ebitda": 5768800000, "ebitdaratio": 0.2015892873, "operatingIncome": 2369300000, "operatingIncomeRatio": 0.0827946017, "totalOtherIncomeExpensesNet": 1121100000, "incomeBeforeTax": 3153800000, "incomeBeforeTaxRatio": 0.11020876, "incomeTaxExpense": 971100000, "netIncome": 2159100000, "netIncomeRatio": 0.0754492148, "eps": 6.76, "epsdiluted": 6.68, "weightedAverageShsOut": 319500000, "weightedAverageShsOutDil": 323300000, "link": "https://www.sec.gov/Archives/edgar/data/315189/000104746917007719/0001047469-17-007719-index.htm", "finalLink": "https://www.sec.gov/Archives/edgar/data/315189/000104746917007719/a2233505z10-k.htm", "calculatedOtherExpenses": 1879500000, "calculatedOperatingExpenses": 6313800000, "calculatedNetInterest": -899500000, "calculatedOtherIncome": 1684000000, "calculatedIncomeNonControlling": 23600000, "calculatedEbitda": 4084800000}, {"date": "2016-10-31", "symbol": "DE", "reportedCurrency": "USD", "cik": "0000315189", "fillingDate": "2016-12-19", "acceptedDate": "2016-12-19 10:46:49", "calendarYear": "2016", "period": "FY", "revenue": 25898500000, "costOfRevenue": 18248900000, "grossProfit": 7649600000, "grossProfitRatio": 0.2953684576, "researchAndDevelopmentExpenses": 1389100000, "generalAndAdministrativeExpenses": 2763700000, "sellingAndMarketingExpenses": 0, "sellingGeneralAndAdministrativeExpenses": 2763700000, "otherExpenses": 745500000, "operatingExpenses": 5407400000, "costAndExpenses": 23656300000, "interestIncome": 0, "interestExpense": 763700000, "depreciationAndAmortization": 1559800000, "ebitda": 4547500000, "ebitdaratio": 0.1755893198, "operatingIncome": 2192100000, "operatingIncomeRatio": 0.0846419677, "totalOtherIncomeExpensesNet": 745500000, "incomeBeforeTax": 2224000000, "incomeBeforeTaxRatio": 0.0858736992, "incomeTaxExpense": 700100000, "netIncome": 1523900000, "netIncomeRatio": 0.0588412456, "eps": 4.83, "epsdiluted": 4.81, "weightedAverageShsOut": 315200000, "weightedAverageShsOutDil": 316600000, "link": "https://www.sec.gov/Archives/edgar/data/315189/000104746916017244/0001047469-16-017244-index.htm", "finalLink": "https://www.sec.gov/Archives/edgar/data/315189/000104746916017244/a2230400z10-k.htm", "calculatedOtherExpenses": 1304700000, "calculatedOperatingExpenses": 5457500000, "calculatedNetInterest": -763700000, "calculatedOtherIncome": 795600000, "calculatedIncomeNonControlling": 0, "calculatedEbitda": 3751900000}, {"date": "2015-10-31", "symbol": "DE", "reportedCurrency": "USD", "cik": "0000315189", "fillingDate": "2015-12-18", "acceptedDate": "2015-12-18 13:02:26", "calendarYear": "2015", "period": "FY", "revenue": 28156300000, "costOfRevenue": 20143200000, "grossProfit": 8013100000, "grossProfitRatio": 0.2845935013, "researchAndDevelopmentExpenses": 1425100000, "generalAndAdministrativeExpenses": 2873300000, "sellingAndMarketingExpenses": 0, "sellingGeneralAndAdministrativeExpenses": 2873300000, "otherExpenses": 706500000, "operatingExpenses": 5259500000, "costAndExpenses": 25402700000, "interestIncome": 0, "interestExpense": 680000000, "depreciationAndAmortization": 1382400000, "ebitda": 4842500000, "ebitdaratio": 0.1719863761, "operatingIncome": 2728700000, "operatingIncomeRatio": 0.0969125915, "totalOtherIncomeExpensesNet": 706500000, "incomeBeforeTax": 2780100000, "incomeBeforeTaxRatio": 0.0987381154, "incomeTaxExpense": 840100000, "netIncome": 1940000000, "netIncomeRatio": 0.0689010985, "eps": 5.81, "epsdiluted": 5.77, "weightedAverageShsOut": 333600000, "weightedAverageShsOutDil": 336000000, "link": "https://www.sec.gov/Archives/edgar/data/315189/000104746915009300/0001047469-15-009300-index.htm", "finalLink": "https://www.sec.gov/Archives/edgar/data/315189/000104746915009300/a2226814z10-k.htm", "calculatedOtherExpenses": 986000000, "calculatedOperatingExpenses": 5284400000, "calculatedNetInterest": -680000000, "calculatedOtherIncome": 731400000, "calculatedIncomeNonControlling": 0, "calculatedEbitda": 4111100000}, {"date": "2014-10-31", "symbol": "DE", "reportedCurrency": "USD", "cik": "0000315189", "fillingDate": "2014-12-19", "acceptedDate": "2014-12-19 10:46:48", "calendarYear": "2014", "period": "FY", "revenue": 35242700000, "costOfRevenue": 24775800000, "grossProfit": 10466900000, "grossProfitRatio": 0.2969948386, "researchAndDevelopmentExpenses": 1452000000, "generalAndAdministrativeExpenses": 3284400000, "sellingAndMarketingExpenses": 0, "sellingGeneralAndAdministrativeExpenses": 3284400000, "otherExpenses": 824200000, "operatingExpenses": 5829700000, "costAndExpenses": 30605500000, "interestIncome": 0, "interestExpense": 664000000, "depreciationAndAmortization": 1306500000, "ebitda": 6767900000, "ebitdaratio": 0.1920369325, "operatingIncome": 4763500000, "operatingIncomeRatio": 0.1351627429, "totalOtherIncomeExpensesNet": 824200000, "incomeBeforeTax": 4797400000, "incomeBeforeTaxRatio": 0.1361246443, "incomeTaxExpense": 1626500000, "netIncome": 3161700000, "netIncomeRatio": 0.0897121957, "eps": 8.71, "epsdiluted": 8.63, "weightedAverageShsOut": 363000000, "weightedAverageShsOutDil": 366100000, "link": "https://www.sec.gov/Archives/edgar/data/315189/000110465914087794/0001104659-14-087794-index.htm", "finalLink": "https://www.sec.gov/Archives/edgar/data/315189/000110465914087794/a14-20671_110k.htm", "calculatedOtherExpenses": 967000000, "calculatedOperatingExpenses": 5703400000, "calculatedNetInterest": -664000000, "calculatedOtherIncome": 697900000, "calculatedIncomeNonControlling": 9200000, "calculatedEbitda": 6070000000}, {"date": "2013-10-31", "symbol": "DE", "reportedCurrency": "USD", "cik": "0000315189", "fillingDate": "2013-12-16", "acceptedDate": "2013-12-16 12:34:48", "calendarYear": "2013", "period": "FY", "revenue": 37113000000, "costOfRevenue": 25667300000, "grossProfit": 11445700000, "grossProfitRatio": 0.3084013688, "researchAndDevelopmentExpenses": 1477300000, "generalAndAdministrativeExpenses": 3605500000, "sellingAndMarketingExpenses": 0, "sellingGeneralAndAdministrativeExpenses": 3605500000, "otherExpenses": 682400000, "operatingExpenses": 5903400000, "costAndExpenses": 31570700000, "interestIncome": 0, "interestExpense": 741300000, "depreciationAndAmortization": 1140300000, "ebitda": 7365000000, "ebitdaratio": 0.1984479832, "operatingIncome": 5452600000, "operatingIncomeRatio": 0.1469188694, "totalOtherIncomeExpensesNet": 682400000, "incomeBeforeTax": 5483400000, "incomeBeforeTaxRatio": 0.1477487673, "incomeTaxExpense": 1945900000, "netIncome": 3537300000, "netIncomeRatio": 0.0953116159, "eps": 9.18, "epsdiluted": 9.09, "weightedAverageShsOut": 385300000, "weightedAverageShsOutDil": 389200000, "link": "https://www.sec.gov/Archives/edgar/data/315189/000110465913090354/0001104659-13-090354-index.htm", "finalLink": "https://www.sec.gov/Archives/edgar/data/315189/000110465913090354/a13-17985_110k.htm", "calculatedOtherExpenses": 910300000, "calculatedOperatingExpenses": 5993100000, "calculatedNetInterest": -741300000, "calculatedOtherIncome": 772100000, "calculatedIncomeNonControlling": 200000, "calculatedEbitda": 6592900000}, {"date": "2012-10-31", "symbol": "DE", "reportedCurrency": "USD", "cik": "0000315189", "fillingDate": "2012-12-17", "acceptedDate": "2012-12-17 11:17:35", "calendarYear": "2012", "period": "FY", "revenue": 35482200000, "costOfRevenue": 25007800000, "grossProfit": 10474400000, "grossProfitRatio": 0.2952015377, "researchAndDevelopmentExpenses": 1433600000, "generalAndAdministrativeExpenses": 3417000000, "sellingAndMarketingExpenses": 0, "sellingGeneralAndAdministrativeExpenses": 3417000000, "otherExpenses": 674900000, "operatingExpenses": 5632100000, "costAndExpenses": 30639900000, "interestIncome": 0, "interestExpense": 782800000, "depreciationAndAmortization": 1004200000, "ebitda": 6521400000, "ebitdaratio": 0.1837935641, "operatingIncome": 4706000000, "operatingIncomeRatio": 0.132629882, "totalOtherIncomeExpensesNet": 674900000, "incomeBeforeTax": 4734400000, "incomeBeforeTaxRatio": 0.1334302834, "incomeTaxExpense": 1659400000, "netIncome": 3064700000, "netIncomeRatio": 0.0863728856, "eps": 7.72, "epsdiluted": 7.63, "weightedAverageShsOut": 397100000, "weightedAverageShsOutDil": 401500000, "link": "https://www.sec.gov/Archives/edgar/data/315189/000110465912084558/0001104659-12-084558-index.htm", "finalLink": "https://www.sec.gov/Archives/edgar/data/315189/000110465912084558/a12-16222_110k.htm", "calculatedOtherExpenses": 917800000, "calculatedOperatingExpenses": 5768400000, "calculatedNetInterest": -782800000, "calculatedOtherIncome": 811200000, "calculatedIncomeNonControlling": 10300000, "calculatedEbitda": 5710200000}, {"date": "2011-10-31", "symbol": "DE", "reportedCurrency": "USD", "cik": "0000315189", "fillingDate": "2011-12-19", "acceptedDate": "2011-12-19 10:24:03", "calendarYear": "2011", "period": "FY", "revenue": 31388700000, "costOfRevenue": 21919400000, "grossProfit": 9469300000, "grossProfitRatio": 0.3016786296, "researchAndDevelopmentExpenses": 1226200000, "generalAndAdministrativeExpenses": 3168700000, "sellingAndMarketingExpenses": 0, "sellingGeneralAndAdministrativeExpenses": 3168700000, "otherExpenses": 623800000, "operatingExpenses": 5110900000, "costAndExpenses": 27030300000, "interestIncome": 0, "interestExpense": 759400000, "depreciationAndAmortization": 914900000, "ebitda": 5897100000, "ebitdaratio": 0.187873343, "operatingIncome": 4201000000, "operatingIncomeRatio": 0.1338379735, "totalOtherIncomeExpensesNet": 623800000, "incomeBeforeTax": 4222800000, "incomeBeforeTaxRatio": 0.134532491, "incomeTaxExpense": 1423600000, "netIncome": 2799900000, "netIncomeRatio": 0.0892008908, "eps": 6.71, "epsdiluted": 6.63, "weightedAverageShsOut": 417400000, "weightedAverageShsOutDil": 422400000, "link": "https://www.sec.gov/Archives/edgar/data/315189/000110465911070023/0001104659-11-070023-index.htm", "finalLink": "https://www.sec.gov/Archives/edgar/data/315189/000110465911070023/a11-24734_110k.htm", "calculatedOtherExpenses": 873400000, "calculatedOperatingExpenses": 5268300000, "calculatedNetInterest": -759400000, "calculatedOtherIncome": 781200000, "calculatedIncomeNonControlling": -700000, "calculatedEbitda": 5115900000}, {"date": "2010-10-31", "symbol": "DE", "reportedCurrency": "USD", "cik": "0000315189", "fillingDate": "2010-12-17", "acceptedDate": "2010-12-17 11:19:30", "calendarYear": "2010", "period": "FY", "revenue": 25398500000, "costOfRevenue": 17398800000, "grossProfit": 7999700000, "grossProfitRatio": 0.3149674193, "researchAndDevelopmentExpenses": 1052400000, "generalAndAdministrativeExpenses": 2968700000, "sellingAndMarketingExpenses": 0, "sellingGeneralAndAdministrativeExpenses": 2968700000, "otherExpenses": 606100000, "operatingExpenses": 4769200000, "costAndExpenses": 22168000000, "interestIncome": 0, "interestExpense": 811400000, "depreciationAndAmortization": 914800000, "ebitda": 4751400000, "ebitdaratio": 0.1870740398, "operatingIncome": 3005200000, "operatingIncomeRatio": 0.1183219481, "totalOtherIncomeExpensesNet": 606100000, "incomeBeforeTax": 3025200000, "incomeBeforeTaxRatio": 0.1191093962, "incomeTaxExpense": 1161600000, "netIncome": 1865000000, "netIncomeRatio": 0.0734295332, "eps": 4.4, "epsdiluted": 4.35, "weightedAverageShsOut": 424000000, "weightedAverageShsOutDil": 428600000, "link": "https://www.sec.gov/Archives/edgar/data/315189/000110465910063219/0001104659-10-063219-index.htm", "finalLink": "https://www.sec.gov/Archives/edgar/data/315189/000110465910063219/a10-17745_110k.htm", "calculatedOtherExpenses": 973400000, "calculatedOperatingExpenses": 4994500000, "calculatedNetInterest": -811400000, "calculatedOtherIncome": 831400000, "calculatedIncomeNonControlling": -1400000, "calculatedEbitda": 3920000000}, {"date": "2009-10-31", "symbol": "DE", "reportedCurrency": "USD", "cik": "0000315189", "fillingDate": "2009-12-17", "acceptedDate": "2009-12-17 10:42:28", "calendarYear": "2009", "period": "FY", "revenue": 22598200000, "costOfRevenue": 16255200000, "grossProfit": 6343000000, "grossProfitRatio": 0.2806860723, "researchAndDevelopmentExpenses": 977000000, "generalAndAdministrativeExpenses": 2780600000, "sellingAndMarketingExpenses": 0, "sellingGeneralAndAdministrativeExpenses": 2780600000, "otherExpenses": 514200000, "operatingExpenses": 4475000000, "costAndExpenses": 20730200000, "interestIncome": 0, "interestExpense": 1042400000, "depreciationAndAmortization": 873300000, "ebitda": 3255500000, "ebitdaratio": 0.1440601464, "operatingIncome": 1322000000, "operatingIncomeRatio": 0.0585002345, "totalOtherIncomeExpensesNet": 514200000, "incomeBeforeTax": 1339800000, "incomeBeforeTaxRatio": 0.0592879079, "incomeTaxExpense": 460000000, "netIncome": 873500000, "netIncomeRatio": 0.0386535211, "eps": 2.07, "epsdiluted": 2.06, "weightedAverageShsOut": 422800000, "weightedAverageShsOutDil": 424400000, "link": "https://www.sec.gov/Archives/edgar/data/315189/000110465909070344/0001104659-09-070344-index.htm", "finalLink": "https://www.sec.gov/Archives/edgar/data/315189/000110465909070344/a09-32005_110k.htm", "calculatedOtherExpenses": 1263400000, "calculatedOperatingExpenses": 5021000000, "calculatedNetInterest": -1042400000, "calculatedOtherIncome": 1060200000, "calculatedIncomeNonControlling": 6300000, "calculatedEbitda": 2195300000}, {"date": "2008-10-31", "symbol": "DE", "reportedCurrency": "USD", "cik": "0000315189", "fillingDate": "2008-12-18", "acceptedDate": "2008-12-18 16:57:34", "calendarYear": "2008", "period": "FY", "revenue": 28292900000, "costOfRevenue": 21006800000, "grossProfit": 7286100000, "grossProfitRatio": 0.2575239724, "researchAndDevelopmentExpenses": 943100000, "generalAndAdministrativeExpenses": 2960200000, "sellingAndMarketingExpenses": 0, "sellingGeneralAndAdministrativeExpenses": 2960200000, "otherExpenses": 539000000, "operatingExpenses": 4183300000, "costAndExpenses": 25190100000, "interestIncome": 0, "interestExpense": 1137000000, "depreciationAndAmortization": 831000000, "ebitda": 3912800000, "ebitdaratio": 0.1382961803, "operatingIncome": 3081800000, "operatingIncomeRatio": 0.1089248539, "totalOtherIncomeExpensesNet": 21000000, "incomeBeforeTax": 3123800000, "incomeBeforeTaxRatio": 0.1104093253, "incomeTaxExpense": 1111200000, "netIncome": 2052800000, "netIncomeRatio": 0.0725553054, "eps": 4.76, "epsdiluted": 4.7, "weightedAverageShsOut": 431100000, "weightedAverageShsOutDil": 436300000, "link": "https://www.sec.gov/Archives/edgar/data/315189/000110465908077324/0001104659-08-077324-index.htm", "finalLink": "https://www.sec.gov/Archives/edgar/data/315189/000110465908077324/a08-29515_110k.htm", "calculatedOtherExpenses": 301000000, "calculatedOperatingExpenses": 4204300000, "calculatedNetInterest": -1137000000, "calculatedOtherIncome": 1179000000, "calculatedIncomeNonControlling": -40200000, "calculatedEbitda": 3912800000}, {"date": "2007-10-31", "symbol": "DE", "reportedCurrency": "USD", "cik": "0000315189", "fillingDate": "2007-12-20", "acceptedDate": "2007-12-20 10:34:02", "calendarYear": "2007", "period": "FY", "revenue": 24082200000, "costOfRevenue": 16252800000, "grossProfit": 7829400000, "grossProfitRatio": 0.3251114931, "researchAndDevelopmentExpenses": 816800000, "generalAndAdministrativeExpenses": 3185900000, "sellingAndMarketingExpenses": 0, "sellingGeneralAndAdministrativeExpenses": 3185900000, "otherExpenses": 0, "operatingExpenses": 4002700000, "costAndExpenses": 20255500000, "interestIncome": 0, "interestExpense": 583700000, "depreciationAndAmortization": 744400000, "ebitda": 4032800000, "ebitdaratio": 0.1674597836, "operatingIncome": 3288400000, "operatingIncomeRatio": 0.1365489864, "totalOtherIncomeExpensesNet": 567500000, "incomeBeforeTax": 2675500000, "incomeBeforeTaxRatio": 0.1110986538, "incomeTaxExpense": 883000000, "netIncome": 1821700000, "netIncomeRatio": 0.0756450823, "eps": 4.05, "epsdiluted": 4, "weightedAverageShsOut": 449300000, "weightedAverageShsOutDil": 455000000, "link": "https://www.sec.gov/Archives/edgar/data/315189/000110465907090067/0001104659-07-090067-index.htm", "finalLink": "https://www.sec.gov/Archives/edgar/data/315189/000110465907090067/a07-30888_110k.htm", "calculatedOtherExpenses": 538300000, "calculatedOperatingExpenses": 4541000000, "calculatedNetInterest": -583700000, "calculatedOtherIncome": -29200000, "calculatedIncomeNonControlling": -29200000, "calculatedEbitda": 4032800000}, {"date": "2006-10-31", "symbol": "DE", "reportedCurrency": "USD", "cik": "0000315189", "fillingDate": "2006-12-19", "acceptedDate": "2006-12-19 15:06:31", "calendarYear": "2006", "period": "FY", "revenue": 22147800000, "costOfRevenue": 15362000000, "grossProfit": 6785800000, "grossProfitRatio": 0.3063870904, "researchAndDevelopmentExpenses": 725800000, "generalAndAdministrativeExpenses": 2868700000, "sellingAndMarketingExpenses": 0, "sellingGeneralAndAdministrativeExpenses": 2868700000, "otherExpenses": 0, "operatingExpenses": 3594500000, "costAndExpenses": 18956500000, "interestIncome": 0, "interestExpense": 268900000, "depreciationAndAmortization": 691400000, "ebitda": 3395700000, "ebitdaratio": 0.1533199686, "operatingIncome": 2704300000, "operatingIncomeRatio": 0.122102421, "totalOtherIncomeExpensesNet": 508000000, "incomeBeforeTax": 2173800000, "incomeBeforeTaxRatio": 0.0981497034, "incomeTaxExpense": 741600000, "netIncome": 1693800000, "netIncomeRatio": 0.0764771219, "eps": 3.63, "epsdiluted": 3.59, "weightedAverageShsOut": 466800000, "weightedAverageShsOutDil": 471600000, "link": "https://www.sec.gov/Archives/edgar/data/315189/000110465906082456/0001104659-06-082456-index.htm", "finalLink": "https://www.sec.gov/Archives/edgar/data/315189/000110465906082456/a06-25680_110k.htm", "calculatedOtherExpenses": 487000000, "calculatedOperatingExpenses": 4081500000, "calculatedNetInterest": -268900000, "calculatedOtherIncome": -261600000, "calculatedIncomeNonControlling": -261600000, "calculatedEbitda": 3395700000}, {"date": "2005-10-31", "symbol": "DE", "reportedCurrency": "USD", "cik": "0000315189", "fillingDate": "2005-12-20", "acceptedDate": "2005-12-20 14:57:28", "calendarYear": "2005", "period": "FY", "revenue": 21930500000, "costOfRevenue": 16117800000, "grossProfit": 5812700000, "grossProfitRatio": 0.2650509564, "researchAndDevelopmentExpenses": 677300000, "generalAndAdministrativeExpenses": 2218600000, "sellingAndMarketingExpenses": 0, "sellingGeneralAndAdministrativeExpenses": 2218600000, "otherExpenses": 0, "operatingExpenses": 2895900000, "costAndExpenses": 19013700000, "interestIncome": 0, "interestExpense": 390200000, "depreciationAndAmortization": 636500000, "ebitda": 3188600000, "ebitdaratio": 0.1453956818, "operatingIncome": 2552100000, "operatingIncomeRatio": 0.1163721757, "totalOtherIncomeExpensesNet": 370800000, "incomeBeforeTax": 2155800000, "incomeBeforeTaxRatio": 0.0983014523, "incomeTaxExpense": 715100000, "netIncome": 1446800000, "netIncomeRatio": 0.0659720481, "eps": 2.98, "epsdiluted": 2.94, "weightedAverageShsOut": 486600000, "weightedAverageShsOutDil": 492800000, "link": "https://www.sec.gov/Archives/edgar/data/315189/000110465905061732/0001104659-05-061732-index.htm", "finalLink": "https://www.sec.gov/Archives/edgar/data/315189/000110465905061732/a05-21685_110k.htm", "calculatedOtherExpenses": 364700000, "calculatedOperatingExpenses": 3260600000, "calculatedNetInterest": -390200000, "calculatedOtherIncome": -6100000, "calculatedIncomeNonControlling": -6100000, "calculatedEbitda": 3188600000}, {"date": "2004-10-31", "symbol": "DE", "reportedCurrency": "USD", "cik": "0000315189", "fillingDate": "2004-12-21", "acceptedDate": "2004-12-21 14:05:01", "calendarYear": "2004", "period": "FY", "revenue": 19986100000, "costOfRevenue": 14217800000, "grossProfit": 5768300000, "grossProfitRatio": 0.2886155878, "researchAndDevelopmentExpenses": 611600000, "generalAndAdministrativeExpenses": 2450900000, "sellingAndMarketingExpenses": 0, "sellingGeneralAndAdministrativeExpenses": 2450900000, "otherExpenses": 0, "operatingExpenses": 3062500000, "costAndExpenses": 17280300000, "interestIncome": 0, "interestExpense": 240000000, "depreciationAndAmortization": 621000000, "ebitda": 2975600000, "ebitdaratio": 0.148883474, "operatingIncome": 2354600000, "operatingIncomeRatio": 0.1178118793, "totalOtherIncomeExpensesNet": 352100000, "incomeBeforeTax": 2113700000, "incomeBeforeTaxRatio": 0.1057585022, "incomeTaxExpense": 708500000, "netIncome": 1406100000, "netIncomeRatio": 0.070353896, "eps": 2.85, "epsdiluted": 2.78, "weightedAverageShsOut": 494400000, "weightedAverageShsOutDil": 506200000, "link": "https://www.sec.gov/Archives/edgar/data/315189/000110465904040625/0001104659-04-040625-index.htm", "finalLink": "https://www.sec.gov/Archives/edgar/data/315189/000110465904040625/a04-14942_110k.htm", "calculatedOtherExpenses": 351200000, "calculatedOperatingExpenses": 3413700000, "calculatedNetInterest": -240000000, "calculatedOtherIncome": -900000, "calculatedIncomeNonControlling": -900000, "calculatedEbitda": 2975600000}, {"date": "2003-10-31", "symbol": "DE", "reportedCurrency": "USD", "cik": "0000315189", "fillingDate": "2003-12-22", "acceptedDate": "2003-12-22 15:09:06", "calendarYear": "2003", "period": "FY", "revenue": 15534600000, "costOfRevenue": 11288800000, "grossProfit": 4245800000, "grossProfitRatio": 0.2733124767, "researchAndDevelopmentExpenses": 577300000, "generalAndAdministrativeExpenses": 2068700000, "sellingAndMarketingExpenses": 0, "sellingGeneralAndAdministrativeExpenses": 2068700000, "otherExpenses": 0, "operatingExpenses": 2646000000, "costAndExpenses": 13934800000, "interestIncome": 0, "interestExpense": 374400000, "depreciationAndAmortization": 631400000, "ebitda": 1985800000, "ebitdaratio": 0.1278307777, "operatingIncome": 1354400000, "operatingIncomeRatio": 0.0871860235, "totalOtherIncomeExpensesNet": 254100000, "incomeBeforeTax": 971300000, "incomeBeforeTaxRatio": 0.0625249443, "incomeTaxExpense": 336900000, "netIncome": 643100000, "netIncomeRatio": 0.0413979118, "eps": 1.34, "epsdiluted": 1.32, "weightedAverageShsOut": 479925373, "weightedAverageShsOutDil": 487196970, "link": "https://www.sec.gov/Archives/edgar/data/315189/000119312503098064/0001193125-03-098064-index.htm", "finalLink": "https://www.sec.gov/Archives/edgar/data/315189/000119312503098064/d10k.htm", "calculatedOtherExpenses": 245400000, "calculatedOperatingExpenses": 2891400000, "calculatedNetInterest": -374400000, "calculatedOtherIncome": -8700000, "calculatedIncomeNonControlling": -8700000, "calculatedEbitda": 1985800000}, {"date": "2002-10-31", "symbol": "DE", "reportedCurrency": "USD", "cik": "0000315189", "fillingDate": "2002-12-20", "acceptedDate": "2002-12-19 17:48:06", "calendarYear": "2002", "period": "FY", "revenue": 13947000000, "costOfRevenue": 10111800000, "grossProfit": 3835200000, "grossProfitRatio": 0.2749838675, "researchAndDevelopmentExpenses": 527800000, "generalAndAdministrativeExpenses": 0, "sellingAndMarketingExpenses": 0, "sellingGeneralAndAdministrativeExpenses": 2067600000, "otherExpenses": 0, "operatingExpenses": 2595400000, "costAndExpenses": 12707200000, "interestIncome": 0, "interestExpense": 393300000, "depreciationAndAmortization": 725300000, "ebitda": 1696100000, "ebitdaratio": 0.1216103822, "operatingIncome": 970800000, "operatingIncomeRatio": 0.069606367, "totalOtherIncomeExpensesNet": 243800000, "incomeBeforeTax": 602700000, "incomeBeforeTaxRatio": 0.0432135943, "incomeTaxExpense": 258300000, "netIncome": 319200000, "netIncomeRatio": 0.0228866423, "eps": 0.67, "epsdiluted": 0.67, "weightedAverageShsOut": 476417910, "weightedAverageShsOutDil": 480000000, "link": "https://www.sec.gov/Archives/edgar/data/315189/000094018002001741/0000940180-02-001741-index.htm", "finalLink": "https://www.sec.gov/Archives/edgar/data/315189/000094018002001741/d10k.htm", "calculatedOtherExpenses": 269000000, "calculatedOperatingExpenses": 2864400000, "calculatedNetInterest": -393300000, "calculatedOtherIncome": 25200000, "calculatedIncomeNonControlling": 25200000, "calculatedEbitda": 1696100000}, {"date": "2001-10-31", "symbol": "DE", "reportedCurrency": "USD", "cik": "0000315189", "fillingDate": "2001-12-21", "acceptedDate": "2001-12-21 00:00:00", "calendarYear": "2001", "period": "FY", "revenue": 13292900000, "costOfRevenue": 9852400000, "grossProfit": 3440500000, "grossProfitRatio": 0.2588223789, "researchAndDevelopmentExpenses": 590100000, "generalAndAdministrativeExpenses": 2109500000, "sellingAndMarketingExpenses": 0, "sellingGeneralAndAdministrativeExpenses": 2109500000, "otherExpenses": 0, "operatingExpenses": 2699600000, "costAndExpenses": 12552000000, "interestIncome": 0, "interestExpense": 601900000, "depreciationAndAmortization": 718300000, "ebitda": 1273900000, "ebitdaratio": 0.0958331139, "operatingIncome": 555600000, "operatingIncomeRatio": 0.0417967486, "totalOtherIncomeExpensesNet": 163800000, "incomeBeforeTax": -24800000, "incomeBeforeTaxRatio": -0.0018656576, "incomeTaxExpense": 17700000, "netIncome": -64000000, "netIncomeRatio": -0.0048146003, "eps": -0.14, "epsdiluted": -0.14, "weightedAverageShsOut": 474074074, "weightedAverageShsOutDil": 474074074, "link": "https://www.sec.gov/Archives/edgar/data/315189/000095013101504637/0000950131-01-504637-index.htm", "finalLink": "https://www.sec.gov/Archives/edgar/data/315189/000095013101504637/d10k405.txt", "calculatedOtherExpenses": 185300000, "calculatedOperatingExpenses": 2884900000, "calculatedNetInterest": -601900000, "calculatedOtherIncome": 21500000, "calculatedIncomeNonControlling": 21500000, "calculatedEbitda": 1273900000}, {"date": "2000-10-31", "symbol": "DE", "reportedCurrency": "USD", "cik": "0000315189", "fillingDate": "2001-01-16", "acceptedDate": "2001-01-16 00:00:00", "calendarYear": "2000", "period": "FY", "revenue": 12963600000, "costOfRevenue": 8607400000, "grossProfit": 4356200000, "grossProfitRatio": 0.3360332007, "researchAndDevelopmentExpenses": 542100000, "generalAndAdministrativeExpenses": 1885400000, "sellingAndMarketingExpenses": 0, "sellingGeneralAndAdministrativeExpenses": 1885400000, "otherExpenses": 647900000, "operatingExpenses": 3075400000, "costAndExpenses": 11682800000, "interestIncome": 0, "interestExpense": 326500000, "depreciationAndAmortization": 647900000, "ebitda": 1753700000, "ebitdaratio": 0.1352787806, "operatingIncome": 1105800000, "operatingIncomeRatio": 0.0853003795, "totalOtherIncomeExpensesNet": 175000000, "incomeBeforeTax": 779300000, "incomeBeforeTaxRatio": 0.0601144744, "incomeTaxExpense": 293800000, "netIncome": 485500000, "netIncomeRatio": 0.0374510167, "eps": 1.03, "epsdiluted": 1.03, "weightedAverageShsOut": 469082126, "weightedAverageShsOutDil": 471359223, "link": "https://www.sec.gov/Archives/edgar/data/315189/000095013101000198/0000950131-01-000198-index.htm", "finalLink": "https://www.sec.gov/Archives/edgar/data/315189/000095013101000198/0000950131-01-000198-0001.txt", "calculatedOtherExpenses": 822900000, "calculatedOperatingExpenses": 3250400000, "calculatedNetInterest": -326500000, "calculatedOtherIncome": 0, "calculatedIncomeNonControlling": 0, "calculatedEbitda": 1753700000}, {"date": "1999-10-31", "symbol": "DE", "reportedCurrency": "USD", "cik": "0000315189", "fillingDate": "2000-01-25", "acceptedDate": "2000-01-25 00:00:00", "calendarYear": "1999", "period": "FY", "revenue": 11521700000, "costOfRevenue": 7900500000, "grossProfit": 3621200000, "grossProfitRatio": 0.3142938976, "researchAndDevelopmentExpenses": 458400000, "generalAndAdministrativeExpenses": 1957000000, "sellingAndMarketingExpenses": 0, "sellingGeneralAndAdministrativeExpenses": 1957000000, "otherExpenses": 513300000, "operatingExpenses": 2928700000, "costAndExpenses": 10829200000, "interestIncome": 0, "interestExpense": 80600000, "depreciationAndAmortization": 513300000, "ebitda": 967800000, "ebitdaratio": 0.0839980211, "operatingIncome": 454500000, "operatingIncomeRatio": 0.0394473038, "totalOtherIncomeExpensesNet": 238000000, "incomeBeforeTax": 373900000, "incomeBeforeTaxRatio": 0.0324518083, "incomeTaxExpense": 134700000, "netIncome": 239200000, "netIncomeRatio": 0.0207608252, "eps": 0.52, "epsdiluted": 0.51, "weightedAverageShsOut": 464466019, "weightedAverageShsOutDil": 469019608, "link": "https://www.sec.gov/Archives/edgar/data/315189/000091205700002143/0000912057-00-002143-index.htm", "finalLink": "https://www.sec.gov/Archives/edgar/data/315189/000091205700002143/0000912057-00-002143-d1.html", "calculatedOtherExpenses": 751300000, "calculatedOperatingExpenses": 3166700000, "calculatedNetInterest": -80600000, "calculatedOtherIncome": 0, "calculatedIncomeNonControlling": 0, "calculatedEbitda": 967800000}, {"date": "1998-10-31", "symbol": "DE", "reportedCurrency": "USD", "cik": "0000315189", "fillingDate": "1999-01-26", "acceptedDate": "1999-01-26 00:00:00", "calendarYear": "1998", "period": "FY", "revenue": 13625800000, "costOfRevenue": 8991300000, "grossProfit": 4634500000, "grossProfitRatio": 0.3401268182, "researchAndDevelopmentExpenses": 444400000, "generalAndAdministrativeExpenses": 1888400000, "sellingAndMarketingExpenses": 0, "sellingGeneralAndAdministrativeExpenses": 1888400000, "otherExpenses": 418000000, "operatingExpenses": 2750800000, "costAndExpenses": 11742100000, "interestIncome": 0, "interestExpense": 97400000, "depreciationAndAmortization": 418000000, "ebitda": 2090700000, "ebitdaratio": 0.1534368624, "operatingIncome": 1672700000, "operatingIncomeRatio": 0.1227597646, "totalOtherIncomeExpensesNet": 211000000, "incomeBeforeTax": 1575300000, "incomeBeforeTaxRatio": 0.1156115604, "incomeTaxExpense": 553900000, "netIncome": 1021400000, "netIncomeRatio": 0.0749607363, "eps": 2.1, "epsdiluted": 2.08, "weightedAverageShsOut": 486380952, "weightedAverageShsOutDil": 491057692, "link": "https://www.sec.gov/Archives/edgar/data/315189/000104746999002236/0001047469-99-002236-index.htm", "finalLink": "https://www.sec.gov/Archives/edgar/data/315189/000104746999002236/", "calculatedOtherExpenses": 629000000, "calculatedOperatingExpenses": 2961800000, "calculatedNetInterest": -97400000, "calculatedOtherIncome": 0, "calculatedIncomeNonControlling": 0, "calculatedEbitda": 2090700000}, {"date": "1997-10-31", "symbol": "DE", "reportedCurrency": "USD", "cik": "0000315189", "fillingDate": "1998-01-23", "acceptedDate": "1998-01-23 00:00:00", "calendarYear": "1997", "period": "FY", "revenue": 12617200000, "costOfRevenue": 8209500000, "grossProfit": 4407700000, "grossProfitRatio": 0.3493405827, "researchAndDevelopmentExpenses": 412300000, "generalAndAdministrativeExpenses": 1874700000, "sellingAndMarketingExpenses": 0, "sellingGeneralAndAdministrativeExpenses": 1874700000, "otherExpenses": 365600000, "operatingExpenses": 2652600000, "costAndExpenses": 10862100000, "interestIncome": 0, "interestExpense": 66000000, "depreciationAndAmortization": 365600000, "ebitda": 1942600000, "ebitdaratio": 0.1539644295, "operatingIncome": 1577000000, "operatingIncomeRatio": 0.1249881115, "totalOtherIncomeExpensesNet": 178100000, "incomeBeforeTax": 1511000000, "incomeBeforeTaxRatio": 0.1197571569, "incomeTaxExpense": 550900000, "netIncome": 960100000, "netIncomeRatio": 0.0760945376, "eps": 1.89, "epsdiluted": 1.87, "weightedAverageShsOut": 507989418, "weightedAverageShsOutDil": 513422460, "link": "https://www.sec.gov/Archives/edgar/data/315189/000104746998001932/0001047469-98-001932-index.htm", "finalLink": "https://www.sec.gov/Archives/edgar/data/315189/000104746998001932/", "calculatedOtherExpenses": 543700000, "calculatedOperatingExpenses": 2830700000, "calculatedNetInterest": -66000000, "calculatedOtherIncome": 0, "calculatedIncomeNonControlling": 0, "calculatedEbitda": 1942600000}, {"date": "1996-10-31", "symbol": "DE", "reportedCurrency": "USD", "cik": "0000315189", "fillingDate": "1997-01-15", "acceptedDate": "1997-01-15 00:00:00", "calendarYear": "1996", "period": "FY", "revenue": 11127700000, "costOfRevenue": 7148800000, "grossProfit": 3978900000, "grossProfitRatio": 0.3575671522, "researchAndDevelopmentExpenses": 0, "generalAndAdministrativeExpenses": 2080400000, "sellingAndMarketingExpenses": 0, "sellingGeneralAndAdministrativeExpenses": 2080400000, "otherExpenses": 311400000, "operatingExpenses": 2391800000, "costAndExpenses": 9540600000, "interestIncome": 0, "interestExpense": 177800000, "depreciationAndAmortization": 311400000, "ebitda": 1786300000, "ebitdaratio": 0.1605273327, "operatingIncome": 1474900000, "operatingIncomeRatio": 0.1325431131, "totalOtherIncomeExpensesNet": 112200000, "incomeBeforeTax": 1297100000, "incomeBeforeTaxRatio": 0.1165649685, "incomeTaxExpense": 479800000, "netIncome": 817300000, "netIncomeRatio": 0.0734473431, "eps": 1.57, "epsdiluted": 1.56, "weightedAverageShsOut": 520573248, "weightedAverageShsOutDil": 525594855, "link": "https://www.sec.gov/Archives/edgar/data/315189/000091205797001035/0000912057-97-001035-index.htm", "finalLink": "https://www.sec.gov/Archives/edgar/data/315189/000091205797001035/", "calculatedOtherExpenses": 423600000, "calculatedOperatingExpenses": 2504000000, "calculatedNetInterest": -177800000, "calculatedOtherIncome": 0, "calculatedIncomeNonControlling": 0, "calculatedEbitda": 1786300000}, {"date": "1995-10-31", "symbol": "DE", "reportedCurrency": "USD", "cik": "0000315189", "fillingDate": "1996-01-16", "acceptedDate": "1996-01-16 00:00:00", "calendarYear": "1995", "period": "FY", "revenue": 10118200000, "costOfRevenue": 6694300000, "grossProfit": 3423900000, "grossProfitRatio": 0.3383902275, "researchAndDevelopmentExpenses": 0, "generalAndAdministrativeExpenses": 1828000000, "sellingAndMarketingExpenses": 0, "sellingGeneralAndAdministrativeExpenses": 1828000000, "otherExpenses": 283100000, "operatingExpenses": 2111100000, "costAndExpenses": 8805400000, "interestIncome": 0, "interestExpense": 25400000, "depreciationAndAmortization": 283100000, "ebitda": 1412400000, "ebitdaratio": 0.1395900457, "operatingIncome": 1129300000, "operatingIncomeRatio": 0.1116107608, "totalOtherIncomeExpensesNet": 183500000, "incomeBeforeTax": 1103900000, "incomeBeforeTaxRatio": 0.1091004329, "incomeTaxExpense": 397800000, "netIncome": 706100000, "netIncomeRatio": 0.0697851396, "eps": 1.36, "epsdiluted": 1.35, "weightedAverageShsOut": 521107011, "weightedAverageShsOutDil": 524981413, "link": "https://www.sec.gov/Archives/edgar/data/315189/000091205796000501/0000912057-96-000501-index.htm", "finalLink": "https://www.sec.gov/Archives/edgar/data/315189/000091205796000501/", "calculatedOtherExpenses": 466600000, "calculatedOperatingExpenses": 2294600000, "calculatedNetInterest": -25400000, "calculatedOtherIncome": 0, "calculatedIncomeNonControlling": 0, "calculatedEbitda": 1412400000}, {"date": "1994-10-31", "symbol": "DE", "reportedCurrency": "USD", "cik": "0000315189", "fillingDate": "1995-01-26", "acceptedDate": "1995-01-26 00:00:00", "calendarYear": "1994", "period": "FY", "revenue": 8966900000, "costOfRevenue": 5788700000, "grossProfit": 3178200000, "grossProfitRatio": 0.3544368734, "researchAndDevelopmentExpenses": 0, "generalAndAdministrativeExpenses": 1760500000, "sellingAndMarketingExpenses": 0, "sellingGeneralAndAdministrativeExpenses": 1760500000, "otherExpenses": 256700000, "operatingExpenses": 2017200000, "costAndExpenses": 7805900000, "interestIncome": 0, "interestExpense": 147400000, "depreciationAndAmortization": 256700000, "ebitda": 1339900000, "ebitdaratio": 0.1494273383, "operatingIncome": 1083200000, "operatingIncomeRatio": 0.1207998305, "totalOtherIncomeExpensesNet": 77800000, "incomeBeforeTax": 935800000, "incomeBeforeTaxRatio": 0.1043615965, "incomeTaxExpense": 332200000, "netIncome": 603600000, "netIncomeRatio": 0.0673142335, "eps": 1.17, "epsdiluted": 1.16, "weightedAverageShsOut": 515897436, "weightedAverageShsOutDil": 520344828, "link": "https://www.sec.gov/Archives/edgar/data/315189/000091205795000197/0000912057-95-000197-index.htm", "finalLink": "https://www.sec.gov/Archives/edgar/data/315189/000091205795000197/", "calculatedOtherExpenses": 334500000, "calculatedOperatingExpenses": 2095000000, "calculatedNetInterest": -147400000, "calculatedOtherIncome": 0, "calculatedIncomeNonControlling": 0, "calculatedEbitda": 1339900000}, {"date": "1993-10-31", "symbol": "DE", "reportedCurrency": "USD", "cik": "0000315189", "fillingDate": "1994-01-28", "acceptedDate": "1994-01-28 00:00:00", "calendarYear": "1993", "period": "FY", "revenue": 7693800000, "costOfRevenue": 5154500000, "grossProfit": 2539300000, "grossProfitRatio": 0.3300449713, "researchAndDevelopmentExpenses": 0, "generalAndAdministrativeExpenses": 1593200000, "sellingAndMarketingExpenses": 0, "sellingGeneralAndAdministrativeExpenses": 1593200000, "otherExpenses": 257200000, "operatingExpenses": 1850400000, "costAndExpenses": 7004900000, "interestIncome": 0, "interestExpense": 1550800000, "depreciationAndAmortization": 257200000, "ebitda": 984300000, "ebitdaratio": 0.1279341808, "operatingIncome": 727100000, "operatingIncomeRatio": 0.0945046661, "totalOtherIncomeExpensesNet": -38200000, "incomeBeforeTax": 281600000, "incomeBeforeTaxRatio": 0.0366008994, "incomeTaxExpense": 97200000, "netIncome": -920900000, "netIncomeRatio": -0.1196937794, "eps": -1.98, "epsdiluted": -1.98, "weightedAverageShsOut": 465101010, "weightedAverageShsOutDil": 465101010, "link": "https://www.sec.gov/Archives/edgar/data/315189/000091205794000164/0000912057-94-000164-index.htm", "finalLink": "https://www.sec.gov/Archives/edgar/data/315189/0000912057-94-000164.txt", "calculatedOtherExpenses": 219000000, "calculatedOperatingExpenses": 1812200000, "calculatedNetInterest": -1550800000, "calculatedOtherIncome": 1105300000, "calculatedIncomeNonControlling": 1105300000, "calculatedEbitda": 984300000}, {"date": "1992-10-31", "symbol": "DE", "reportedCurrency": "USD", "cik": "0000315189", "fillingDate": "1992-10-31", "acceptedDate": "1992-10-31 00:00:00", "calendarYear": "1992", "period": "FY", "revenue": 6930700000, "costOfRevenue": 4681800000, "grossProfit": 2248900000, "grossProfitRatio": 0.3244838184, "researchAndDevelopmentExpenses": 0, "generalAndAdministrativeExpenses": 1571600000, "sellingAndMarketingExpenses": 0, "sellingGeneralAndAdministrativeExpenses": 1571600000, "otherExpenses": 250400000, "operatingExpenses": 1822000000, "costAndExpenses": 6503800000, "interestIncome": 0, "interestExpense": 336200000, "depreciationAndAmortization": 250400000, "ebitda": 638700000, "ebitdaratio": 0.0921551936, "operatingIncome": 388300000, "operatingIncomeRatio": 0.0560260868, "totalOtherIncomeExpensesNet": 38600000, "incomeBeforeTax": 52100000, "incomeBeforeTaxRatio": 0.0075172782, "incomeTaxExpense": 14700000, "netIncome": 37400000, "netIncomeRatio": 0.0053962803, "eps": 0.08, "epsdiluted": 0.08, "weightedAverageShsOut": 467500000, "weightedAverageShsOutDil": 467500000, "link": null, "finalLink": null, "calculatedOtherExpenses": 289000000, "calculatedOperatingExpenses": 1860600000, "calculatedNetInterest": -336200000, "calculatedOtherIncome": 0, "calculatedIncomeNonControlling": 0, "calculatedEbitda": 638700000}, {"date": "1991-10-31", "symbol": "DE", "reportedCurrency": "USD", "cik": "0000315189", "fillingDate": "1991-10-31", "acceptedDate": "1991-10-31 00:00:00", "calendarYear": "1991", "period": "FY", "revenue": 7034200000, "costOfRevenue": 4715900000, "grossProfit": 2318300000, "grossProfitRatio": 0.3295755025, "researchAndDevelopmentExpenses": 0, "generalAndAdministrativeExpenses": 1524400000, "sellingAndMarketingExpenses": 0, "sellingGeneralAndAdministrativeExpenses": 1524400000, "otherExpenses": 209200000, "operatingExpenses": 1733600000, "costAndExpenses": 6449500000, "interestIncome": 0, "interestExpense": 770200000, "depreciationAndAmortization": 209200000, "ebitda": 954000000, "ebitdaratio": 0.1356230986, "operatingIncome": 744800000, "operatingIncomeRatio": 0.1058826874, "totalOtherIncomeExpensesNet": -160100000, "incomeBeforeTax": -25400000, "incomeBeforeTaxRatio": -0.0036109295, "incomeTaxExpense": -5200000, "netIncome": -20200000, "netIncomeRatio": -0.0028716841, "eps": -0.045, "epsdiluted": -0.045, "weightedAverageShsOut": 448888889, "weightedAverageShsOutDil": 448888889, "link": null, "finalLink": null, "calculatedOtherExpenses": 49100000, "calculatedOperatingExpenses": 1573500000, "calculatedNetInterest": -770200000, "calculatedOtherIncome": 0, "calculatedIncomeNonControlling": 0, "calculatedEbitda": 954000000}, {"date": "1990-10-31", "symbol": "DE", "reportedCurrency": "USD", "cik": "0000315189", "fillingDate": "1990-10-31", "acceptedDate": "1990-10-31 00:00:00", "calendarYear": "1990", "period": "FY", "revenue": 7847600000, "costOfRevenue": 5258200000, "grossProfit": 2589400000, "grossProfitRatio": 0.3299607523, "researchAndDevelopmentExpenses": 0, "generalAndAdministrativeExpenses": 1396300000, "sellingAndMarketingExpenses": 0, "sellingGeneralAndAdministrativeExpenses": 1396300000, "otherExpenses": 203800000, "operatingExpenses": 1600100000, "costAndExpenses": 6858300000, "interestIncome": 0, "interestExpense": 357200000, "depreciationAndAmortization": 203800000, "ebitda": 1154100000, "ebitdaratio": 0.1470640705, "operatingIncome": 950300000, "operatingIncomeRatio": 0.1210943473, "totalOtherIncomeExpensesNet": 39000000, "incomeBeforeTax": 593100000, "incomeBeforeTaxRatio": 0.0755772465, "incomeTaxExpense": 182000000, "netIncome": 411100000, "netIncomeRatio": 0.0523854427, "eps": 0.91, "epsdiluted": 0.9, "weightedAverageShsOut": 454254144, "weightedAverageShsOutDil": 459329609, "link": null, "finalLink": null, "calculatedOtherExpenses": 242800000, "calculatedOperatingExpenses": 1639100000, "calculatedNetInterest": -357200000, "calculatedOtherIncome": 0, "calculatedIncomeNonControlling": 0, "calculatedEbitda": 1154100000}, {"date": "1989-10-31", "symbol": "DE", "reportedCurrency": "USD", "cik": "0000315189", "fillingDate": "1989-10-31", "acceptedDate": "1989-10-31 00:00:00", "calendarYear": "1989", "period": "FY", "revenue": 6233900000, "costOfRevenue": 4832100000, "grossProfit": 1401800000, "grossProfitRatio": 0.2248672581, "researchAndDevelopmentExpenses": 0, "generalAndAdministrativeExpenses": 1249000000, "sellingAndMarketingExpenses": 0, "sellingGeneralAndAdministrativeExpenses": 1249000000, "otherExpenses": 192900000, "operatingExpenses": 1441900000, "costAndExpenses": 6274000000, "interestIncome": 0, "interestExpense": -1581300000, "depreciationAndAmortization": 192900000, "ebitda": -841200000, "ebitdaratio": -0.1349396044, "operatingIncome": -1034100000, "operatingIncomeRatio": -0.1658833154, "totalOtherIncomeExpensesNet": 994000000, "incomeBeforeTax": 547200000, "incomeBeforeTaxRatio": 0.0877781164, "incomeTaxExpense": 167000000, "netIncome": 380200000, "netIncomeRatio": 0.0609891079, "eps": 0.85, "epsdiluted": 0.84, "weightedAverageShsOut": 449940828, "weightedAverageShsOutDil": 455329341, "link": null, "finalLink": null, "calculatedOtherExpenses": 1186900000, "calculatedOperatingExpenses": 2435900000, "calculatedNetInterest": 1581300000, "calculatedOtherIncome": 0, "calculatedIncomeNonControlling": 0, "calculatedEbitda": -841200000}, {"date": "1988-10-31", "symbol": "DE", "reportedCurrency": "USD", "cik": "0000315189", "fillingDate": "1988-10-31", "acceptedDate": "1988-10-31 00:00:00", "calendarYear": "1988", "period": "FY", "revenue": 5364800000, "costOfRevenue": 4179100000, "grossProfit": 1185700000, "grossProfitRatio": 0.2210147629, "researchAndDevelopmentExpenses": 0, "generalAndAdministrativeExpenses": 711200000, "sellingAndMarketingExpenses": 0, "sellingGeneralAndAdministrativeExpenses": 711200000, "otherExpenses": 187500000, "operatingExpenses": 898700000, "costAndExpenses": 5077800000, "interestIncome": 0, "interestExpense": -226200000, "depreciationAndAmortization": 187500000, "ebitda": 281000000, "ebitdaratio": 0.052378467, "operatingIncome": 93500000, "operatingIncomeRatio": 0.0174284223, "totalOtherIncomeExpensesNet": 193500000, "incomeBeforeTax": 319700000, "incomeBeforeTaxRatio": 0.0595921563, "incomeTaxExpense": 33000000, "netIncome": 286700000, "netIncomeRatio": 0.0534409484, "eps": 0.68, "epsdiluted": 0.65, "weightedAverageShsOut": 424740741, "weightedAverageShsOutDil": 441076923, "link": null, "finalLink": null, "calculatedOtherExpenses": 381000000, "calculatedOperatingExpenses": 1092200000, "calculatedNetInterest": 226200000, "calculatedOtherIncome": 0, "calculatedIncomeNonControlling": 0, "calculatedEbitda": 281000000}, {"date": "1987-10-31", "symbol": "DE", "reportedCurrency": "USD", "cik": "0000315189", "fillingDate": "1987-10-31", "acceptedDate": "1987-10-31 00:00:00", "calendarYear": "1987", "period": "FY", "revenue": 4134500000, "costOfRevenue": 3450100000, "grossProfit": 684400000, "grossProfitRatio": 0.1655339219, "researchAndDevelopmentExpenses": 0, "generalAndAdministrativeExpenses": 734100000, "sellingAndMarketingExpenses": 0, "sellingGeneralAndAdministrativeExpenses": 734100000, "otherExpenses": 185700000, "operatingExpenses": 919800000, "costAndExpenses": 4369900000, "interestIncome": 0, "interestExpense": -233400000, "depreciationAndAmortization": 185700000, "ebitda": -259400000, "ebitdaratio": -0.0627403555, "operatingIncome": -445100000, "operatingIncomeRatio": -0.1076550974, "totalOtherIncomeExpensesNet": 209700000, "incomeBeforeTax": -211700000, "incomeBeforeTaxRatio": -0.0512032894, "incomeTaxExpense": -112700000, "netIncome": -99000000, "netIncomeRatio": -0.0239448543, "eps": -0.24, "epsdiluted": -0.24, "weightedAverageShsOut": 404081633, "weightedAverageShsOutDil": 404081633, "link": null, "finalLink": null, "calculatedOtherExpenses": 395400000, "calculatedOperatingExpenses": 1129500000, "calculatedNetInterest": 233400000, "calculatedOtherIncome": 0, "calculatedIncomeNonControlling": 0, "calculatedEbitda": -259400000}, {"date": "1986-10-31", "symbol": "DE", "reportedCurrency": "USD", "cik": "0000315189", "fillingDate": "1986-10-31", "acceptedDate": "1986-10-31 00:00:00", "calendarYear": "1986", "period": "FY", "revenue": 3516300000, "costOfRevenue": 3034400000, "grossProfit": 481900000, "grossProfitRatio": 0.1370474647, "researchAndDevelopmentExpenses": 0, "generalAndAdministrativeExpenses": 766600000, "sellingAndMarketingExpenses": 0, "sellingGeneralAndAdministrativeExpenses": 766600000, "otherExpenses": 202600000, "operatingExpenses": 969200000, "costAndExpenses": 4003600000, "interestIncome": 0, "interestExpense": -152000000, "depreciationAndAmortization": 202600000, "ebitda": -462600000, "ebitdaratio": -0.1315587407, "operatingIncome": -665200000, "operatingIncomeRatio": -0.1891761226, "totalOtherIncomeExpensesNet": 177900000, "incomeBeforeTax": -513200000, "incomeBeforeTaxRatio": -0.1459488667, "incomeTaxExpense": -283900000, "netIncome": -229300000, "netIncomeRatio": -0.0652105907, "eps": -0.56, "epsdiluted": -0.56, "weightedAverageShsOut": 405840708, "weightedAverageShsOutDil": 405840708, "link": null, "finalLink": null, "calculatedOtherExpenses": 380500000, "calculatedOperatingExpenses": 1147100000, "calculatedNetInterest": 152000000, "calculatedOtherIncome": 0, "calculatedIncomeNonControlling": 0, "calculatedEbitda": -462600000}, {"date": "1985-10-31", "symbol": "DE", "reportedCurrency": "USD", "cik": "0000315189", "fillingDate": "1985-10-31", "acceptedDate": "1985-10-31 00:00:00", "calendarYear": "1985", "period": "FY", "revenue": 4060600000, "costOfRevenue": 3160800000, "grossProfit": 899800000, "grossProfitRatio": 0.221592868, "researchAndDevelopmentExpenses": 0, "generalAndAdministrativeExpenses": 730500000, "sellingAndMarketingExpenses": 0, "sellingGeneralAndAdministrativeExpenses": 730500000, "otherExpenses": 194500000, "operatingExpenses": 925000000, "costAndExpenses": 4085800000, "interestIncome": 0, "interestExpense": -181700000, "depreciationAndAmortization": 194500000, "ebitda": -21200000, "ebitdaratio": -0.0052209033, "operatingIncome": -215700000, "operatingIncomeRatio": -0.0531202285, "totalOtherIncomeExpensesNet": 190500000, "incomeBeforeTax": -34000000, "incomeBeforeTaxRatio": -0.0083731468, "incomeTaxExpense": -64500000, "netIncome": 30500000, "netIncomeRatio": 0.0075112052, "eps": 0.075, "epsdiluted": 0.075, "weightedAverageShsOut": 406666667, "weightedAverageShsOutDil": 406666667, "link": null, "finalLink": null, "calculatedOtherExpenses": 385000000, "calculatedOperatingExpenses": 1115500000, "calculatedNetInterest": 181700000, "calculatedOtherIncome": 0, "calculatedIncomeNonControlling": 0, "calculatedEbitda": -21200000}]}