{"originalCurrency": "USD", "convertedCurrency": "USD", "report": [{"date": "2023-12-31", "symbol": "DEI", "reportedCurrency": "USD", "cik": "0001364250", "fillingDate": "2024-02-16", "acceptedDate": "2024-02-16 16:09:36", "calendarYear": "2023", "period": "FY", "revenue": 1020488000, "costOfRevenue": 821582000, "grossProfit": 198906000, "grossProfitRatio": 0.19491263, "researchAndDevelopmentExpenses": 0, "generalAndAdministrativeExpenses": 49236000, "sellingAndMarketingExpenses": 0, "sellingGeneralAndAdministrativeExpenses": 49236000, "otherExpenses": -49236000, "operatingExpenses": 49236000, "costAndExpenses": 870818000, "interestIncome": 0, "interestExpense": 353786000, "depreciationAndAmortization": 459949000, "ebitda": 609619000, "ebitdaratio": 0.597379881, "operatingIncome": 149670000, "operatingIncomeRatio": 0.1466651249, "totalOtherIncomeExpensesNet": -225510000, "incomeBeforeTax": -75840000, "incomeBeforeTaxRatio": -0.0743173854, "incomeTaxExpense": -31943000, "netIncome": -43897000, "netIncomeRatio": -0.0430156945, "eps": -0.26, "epsdiluted": -0.26, "weightedAverageShsOut": 169597000, "weightedAverageShsOutDil": 169597000, "link": "https://www.sec.gov/Archives/edgar/data/1364250/000136425024000012/0001364250-24-000012-index.htm", "finalLink": "https://www.sec.gov/Archives/edgar/data/1364250/000136425024000012/nysedei-20231231.htm", "calculatedOtherExpenses": 0, "calculatedOperatingExpenses": 49236000, "calculatedNetInterest": -353786000, "calculatedOtherIncome": 128276000, "calculatedIncomeNonControlling": 0, "calculatedEbitda": 609619000}, {"date": "2022-12-31", "symbol": "DEI", "reportedCurrency": "USD", "cik": "0001364250", "fillingDate": "2023-02-17", "acceptedDate": "2023-02-17 16:09:55", "calendarYear": "2022", "period": "FY", "revenue": 993652000, "costOfRevenue": 333821000, "grossProfit": 659831000, "grossProfitRatio": 0.6640463663, "researchAndDevelopmentExpenses": 0, "generalAndAdministrativeExpenses": 45405000, "sellingAndMarketingExpenses": 0, "sellingGeneralAndAdministrativeExpenses": 45405000, "otherExpenses": 372798000, "operatingExpenses": 418203000, "costAndExpenses": 752024000, "interestIncome": 150185000, "interestExpense": 150185000, "depreciationAndAmortization": 372798000, "ebitda": 619523000, "ebitdaratio": 0.6234808565, "operatingIncome": 246725000, "operatingIncomeRatio": 0.2483012161, "totalOtherIncomeExpensesNet": -150185000, "incomeBeforeTax": 96540000, "incomeBeforeTaxRatio": 0.0971567511, "incomeTaxExpense": 150185000, "netIncome": -53645000, "netIncomeRatio": -0.053987714, "eps": -0.31, "epsdiluted": -0.31, "weightedAverageShsOut": 175756000, "weightedAverageShsOutDil": 175756000, "link": "https://www.sec.gov/Archives/edgar/data/1364250/000136425023000009/0001364250-23-000009-index.htm", "finalLink": "https://www.sec.gov/Archives/edgar/data/1364250/000136425023000009/nysedei-20221231.htm", "calculatedOtherExpenses": 367701000, "calculatedOperatingExpenses": 413106000, "calculatedNetInterest": 0, "calculatedOtherIncome": -150185000, "calculatedIncomeNonControlling": 0, "calculatedEbitda": 619523000}, {"date": "2021-12-31", "symbol": "DEI", "reportedCurrency": "USD", "cik": "0001364250", "fillingDate": "2022-02-18", "acceptedDate": "2022-02-18 17:14:18", "calendarYear": "2021", "period": "FY", "revenue": 918397000, "costOfRevenue": 303401000, "grossProfit": 614996000, "grossProfitRatio": 0.6696406892, "researchAndDevelopmentExpenses": 0, "generalAndAdministrativeExpenses": 42554000, "sellingAndMarketingExpenses": 0, "sellingGeneralAndAdministrativeExpenses": 42554000, "otherExpenses": 371289000, "operatingExpenses": 413843000, "costAndExpenses": 717244000, "interestIncome": 147496000, "interestExpense": 147496000, "depreciationAndAmortization": 371289000, "ebitda": 574916000, "ebitdaratio": 0.6259994316, "operatingIncome": 203627000, "operatingIncomeRatio": 0.2217200187, "totalOtherIncomeExpensesNet": -147496000, "incomeBeforeTax": 56131000, "incomeBeforeTaxRatio": 0.0611184488, "incomeTaxExpense": 140834000, "netIncome": -84703000, "netIncomeRatio": -0.0922291776, "eps": -0.48, "epsdiluted": -0.48, "weightedAverageShsOut": 175478000, "weightedAverageShsOutDil": 175478000, "link": "https://www.sec.gov/Archives/edgar/data/1364250/000136425022000011/0001364250-22-000011-index.htm", "finalLink": "https://www.sec.gov/Archives/edgar/data/1364250/000136425022000011/nysedei-20211231.htm", "calculatedOtherExpenses": 368815000, "calculatedOperatingExpenses": 411369000, "calculatedNetInterest": 0, "calculatedOtherIncome": -147496000, "calculatedIncomeNonControlling": 0, "calculatedEbitda": 574916000}, {"date": "2020-12-31", "symbol": "DEI", "reportedCurrency": "USD", "cik": "0001364250", "fillingDate": "2021-02-22", "acceptedDate": "2021-02-19 18:09:26", "calendarYear": "2020", "period": "FY", "revenue": 891523000, "costOfRevenue": 305413000, "grossProfit": 586110000, "grossProfitRatio": 0.6574255516, "researchAndDevelopmentExpenses": 0, "generalAndAdministrativeExpenses": 39601000, "sellingAndMarketingExpenses": 0, "sellingGeneralAndAdministrativeExpenses": 39601000, "otherExpenses": 385248000, "operatingExpenses": 424849000, "costAndExpenses": 730262000, "interestIncome": 142872000, "interestExpense": 142872000, "depreciationAndAmortization": 385248000, "ebitda": 560280000, "ebitdaratio": 0.6284526591, "operatingIncome": 175032000, "operatingIncomeRatio": 0.1963292029, "totalOtherIncomeExpensesNet": -136479000, "incomeBeforeTax": 38553000, "incomeBeforeTaxRatio": 0.0432439769, "incomeTaxExpense": 144775000, "netIncome": -106222000, "netIncomeRatio": -0.1191466737, "eps": -0.61, "epsdiluted": -0.61, "weightedAverageShsOut": 175380000, "weightedAverageShsOutDil": 175380000, "link": "https://www.sec.gov/Archives/edgar/data/1364250/000136425021000005/0001364250-21-000005-index.htm", "finalLink": "https://www.sec.gov/Archives/edgar/data/1364250/000136425021000005/nysedei-20201231.htm", "calculatedOtherExpenses": 371477000, "calculatedOperatingExpenses": 411078000, "calculatedNetInterest": 0, "calculatedOtherIncome": -136479000, "calculatedIncomeNonControlling": 0, "calculatedEbitda": 560280000}, {"date": "2019-12-31", "symbol": "DEI", "reportedCurrency": "USD", "cik": "0001364250", "fillingDate": "2020-02-14", "acceptedDate": "2020-02-14 16:35:26", "calendarYear": "2019", "period": "FY", "revenue": 936682000, "costOfRevenue": 298163000, "grossProfit": 638519000, "grossProfitRatio": 0.6816817234, "researchAndDevelopmentExpenses": 0, "generalAndAdministrativeExpenses": 38068000, "sellingAndMarketingExpenses": 0, "sellingGeneralAndAdministrativeExpenses": 38068000, "otherExpenses": 357743000, "operatingExpenses": 395811000, "costAndExpenses": 693974000, "interestIncome": 143308000, "interestExpense": 143308000, "depreciationAndAmortization": 357743000, "ebitda": 919749000, "ebitdaratio": 0.98192236, "operatingIncome": 562006000, "operatingIncomeRatio": 0.5999965837, "totalOtherIncomeExpensesNet": -143308000, "incomeBeforeTax": 418698000, "incomeBeforeTaxRatio": 0.4470012235, "incomeTaxExpense": 517591000, "netIncome": -98893000, "netIncomeRatio": -0.105577987, "eps": -0.57, "epsdiluted": -0.57, "weightedAverageShsOut": 173358000, "weightedAverageShsOutDil": 173358000, "link": "https://www.sec.gov/Archives/edgar/data/1364250/000136425020000008/0001364250-20-000008-index.htm", "finalLink": "https://www.sec.gov/Archives/edgar/data/1364250/000136425020000008/a2019q410-k.htm", "calculatedOtherExpenses": 38445000, "calculatedOperatingExpenses": 76513000, "calculatedNetInterest": 0, "calculatedOtherIncome": -143308000, "calculatedIncomeNonControlling": 0, "calculatedEbitda": 919749000}, {"date": "2018-12-31", "symbol": "DEI", "reportedCurrency": "USD", "cik": "0001364250", "fillingDate": "2019-02-15", "acceptedDate": "2019-02-15 16:17:30", "calendarYear": "2018", "period": "FY", "revenue": 881316000, "costOfRevenue": 280867000, "grossProfit": 600449000, "grossProfitRatio": 0.6813095416, "researchAndDevelopmentExpenses": 0, "generalAndAdministrativeExpenses": 38641000, "sellingAndMarketingExpenses": 0, "sellingGeneralAndAdministrativeExpenses": 38641000, "otherExpenses": 3942000, "operatingExpenses": 348505000, "costAndExpenses": 629372000, "interestIncome": 0, "interestExpense": 133402000, "depreciationAndAmortization": 309864000, "ebitda": 572150000, "ebitdaratio": 0.649199606, "operatingIncome": 251944000, "operatingIncomeRatio": 0.2858724907, "totalOtherIncomeExpensesNet": 10070000, "incomeBeforeTax": 128612000, "incomeBeforeTaxRatio": 0.1459317657, "incomeTaxExpense": 12526000, "netIncome": 116086000, "netIncomeRatio": 0.1317189294, "eps": 0.68, "epsdiluted": 0.68, "weightedAverageShsOut": 169893000, "weightedAverageShsOutDil": 169902000, "link": "https://www.sec.gov/Archives/edgar/data/1364250/000136425019000007/0001364250-19-000007-index.htm", "finalLink": "https://www.sec.gov/Archives/edgar/data/1364250/000136425019000007/a2018q410-k.htm", "calculatedOtherExpenses": 309864000, "calculatedOperatingExpenses": 348505000, "calculatedNetInterest": -133402000, "calculatedOtherIncome": 10070000, "calculatedIncomeNonControlling": 0, "calculatedEbitda": 561808000}, {"date": "2017-12-31", "symbol": "DEI", "reportedCurrency": "USD", "cik": "0001364250", "fillingDate": "2018-02-16", "acceptedDate": "2018-02-16 16:02:27", "calendarYear": "2017", "period": "FY", "revenue": 812052000, "costOfRevenue": 258034000, "grossProfit": 554018000, "grossProfitRatio": 0.6822444868, "researchAndDevelopmentExpenses": 0, "generalAndAdministrativeExpenses": 36234000, "sellingAndMarketingExpenses": 0, "sellingGeneralAndAdministrativeExpenses": 36234000, "otherExpenses": 2675000, "operatingExpenses": 312995000, "costAndExpenses": 571029000, "interestIncome": 0, "interestExpense": 145176000, "depreciationAndAmortization": 276761000, "ebitda": 526364000, "ebitdaratio": 0.6481900174, "operatingIncome": 241023000, "operatingIncomeRatio": 0.2968073473, "totalOtherIncomeExpensesNet": 8580000, "incomeBeforeTax": 104427000, "incomeBeforeTaxRatio": 0.1285964446, "incomeTaxExpense": 9984000, "netIncome": 94443000, "netIncomeRatio": 0.1163016654, "eps": 0.58, "epsdiluted": 0.58, "weightedAverageShsOut": 160905000, "weightedAverageShsOutDil": 161230000, "link": "https://www.sec.gov/Archives/edgar/data/1364250/000136425018000007/0001364250-18-000007-index.htm", "finalLink": "https://www.sec.gov/Archives/edgar/data/1364250/000136425018000007/a2017q410-k.htm", "calculatedOtherExpenses": 276761000, "calculatedOperatingExpenses": 312995000, "calculatedNetInterest": -145176000, "calculatedOtherIncome": 8580000, "calculatedIncomeNonControlling": 0, "calculatedEbitda": 517784000}, {"date": "2016-12-31", "symbol": "DEI", "reportedCurrency": "USD", "cik": "0001364250", "fillingDate": "2017-02-17", "acceptedDate": "2017-02-17 16:23:13", "calendarYear": "2016", "period": "FY", "revenue": 742551000, "costOfRevenue": 237863000, "grossProfit": 504688000, "grossProfitRatio": 0.6796677939, "researchAndDevelopmentExpenses": 0, "generalAndAdministrativeExpenses": 34957000, "sellingAndMarketingExpenses": 0, "sellingGeneralAndAdministrativeExpenses": 34957000, "otherExpenses": 2150000, "operatingExpenses": 283871000, "costAndExpenses": 521734000, "interestIncome": 0, "interestExpense": 146148000, "depreciationAndAmortization": 248914000, "ebitda": 479693000, "ebitdaratio": 0.6460068063, "operatingIncome": 220817000, "operatingIncomeRatio": 0.2973762072, "totalOtherIncomeExpensesNet": 21421000, "incomeBeforeTax": 96090000, "incomeBeforeTaxRatio": 0.129405253, "incomeTaxExpense": 10693000, "netIncome": 85397000, "netIncomeRatio": 0.1150048953, "eps": 0.57, "epsdiluted": 0.55, "weightedAverageShsOut": 149299000, "weightedAverageShsOutDil": 153190000, "link": "https://www.sec.gov/Archives/edgar/data/1364250/000136425017000011/0001364250-17-000011-index.htm", "finalLink": "https://www.sec.gov/Archives/edgar/data/1364250/000136425017000011/a2016q410-k.htm", "calculatedOtherExpenses": 248914000, "calculatedOperatingExpenses": 283871000, "calculatedNetInterest": -146148000, "calculatedOtherIncome": 21421000, "calculatedIncomeNonControlling": 0, "calculatedEbitda": 469731000}, {"date": "2015-12-31", "symbol": "DEI", "reportedCurrency": "USD", "cik": "0001364250", "fillingDate": "2016-02-19", "acceptedDate": "2016-02-19 17:10:44", "calendarYear": "2015", "period": "FY", "revenue": 635774000, "costOfRevenue": 210418000, "grossProfit": 425356000, "grossProfitRatio": 0.6690364815, "researchAndDevelopmentExpenses": 0, "generalAndAdministrativeExpenses": 30496000, "sellingAndMarketingExpenses": 0, "sellingGeneralAndAdministrativeExpenses": 30496000, "otherExpenses": 8758000, "operatingExpenses": 235829000, "costAndExpenses": 446247000, "interestIncome": 0, "interestExpense": 135453000, "depreciationAndAmortization": 205333000, "ebitda": 411312000, "ebitdaratio": 0.6469468711, "operatingIncome": 189527000, "operatingIncomeRatio": 0.2981043578, "totalOtherIncomeExpensesNet": 14681000, "incomeBeforeTax": 68755000, "incomeBeforeTaxRatio": 0.1081437744, "incomeTaxExpense": 10371000, "netIncome": 58384000, "netIncomeRatio": 0.091831374, "eps": 0.4, "epsdiluted": 0.39, "weightedAverageShsOut": 146089000, "weightedAverageShsOutDil": 150604000, "link": "https://www.sec.gov/Archives/edgar/data/1364250/000136425016000048/0001364250-16-000048-index.htm", "finalLink": "https://www.sec.gov/Archives/edgar/data/1364250/000136425016000048/a2015q410-k.htm", "calculatedOtherExpenses": 205333000, "calculatedOperatingExpenses": 235829000, "calculatedNetInterest": -135453000, "calculatedOtherIncome": 14681000, "calculatedIncomeNonControlling": 0, "calculatedEbitda": 394860000}, {"date": "2014-12-31", "symbol": "DEI", "reportedCurrency": "USD", "cik": "0001364250", "fillingDate": "2015-02-27", "acceptedDate": "2015-02-27 16:46:27", "calendarYear": "2014", "period": "FY", "revenue": 599539000, "costOfRevenue": 201841000, "grossProfit": 397698000, "grossProfitRatio": 0.663339666, "researchAndDevelopmentExpenses": 0, "generalAndAdministrativeExpenses": 27332000, "sellingAndMarketingExpenses": 0, "sellingGeneralAndAdministrativeExpenses": 27332000, "otherExpenses": 10580000, "operatingExpenses": 229844000, "costAndExpenses": 431685000, "interestIncome": 0, "interestExpense": 128507000, "depreciationAndAmortization": 202512000, "ebitda": 384659000, "ebitdaratio": 0.6415912893, "operatingIncome": 167854000, "operatingIncomeRatio": 0.2799717783, "totalOtherIncomeExpensesNet": 13507000, "incomeBeforeTax": 52854000, "incomeBeforeTaxRatio": 0.0881577345, "incomeTaxExpense": 8233000, "netIncome": 44621000, "netIncomeRatio": 0.0744255169, "eps": 0.31, "epsdiluted": 0.3, "weightedAverageShsOut": 144013000, "weightedAverageShsOutDil": 176221000, "link": "https://www.sec.gov/Archives/edgar/data/1364250/000136425015000007/0001364250-15-000007-index.htm", "finalLink": "https://www.sec.gov/Archives/edgar/data/1364250/000136425015000007/dei2014q410-k.htm", "calculatedOtherExpenses": 202512000, "calculatedOperatingExpenses": 229844000, "calculatedNetInterest": -128507000, "calculatedOtherIncome": 13507000, "calculatedIncomeNonControlling": 0, "calculatedEbitda": 370366000}, {"date": "2013-12-31", "symbol": "DEI", "reportedCurrency": "USD", "cik": "0001364250", "fillingDate": "2014-02-27", "acceptedDate": "2014-02-27 16:02:20", "calendarYear": "2013", "period": "FY", "revenue": 591536000, "costOfRevenue": 194880000, "grossProfit": 396656000, "grossProfitRatio": 0.6705525953, "researchAndDevelopmentExpenses": 0, "generalAndAdministrativeExpenses": 26614000, "sellingAndMarketingExpenses": 0, "sellingGeneralAndAdministrativeExpenses": 26614000, "otherExpenses": 2203000, "operatingExpenses": 217965000, "costAndExpenses": 412845000, "interestIncome": 0, "interestExpense": 130548000, "depreciationAndAmortization": 191351000, "ebitda": 375343000, "ebitdaratio": 0.6345226664, "operatingIncome": 178691000, "operatingIncomeRatio": 0.3020796706, "totalOtherIncomeExpensesNet": 4694000, "incomeBeforeTax": 52837000, "incomeBeforeTaxRatio": 0.0893216981, "incomeTaxExpense": 7526000, "netIncome": 45311000, "netIncomeRatio": 0.0765988883, "eps": 0.32, "epsdiluted": 0.31, "weightedAverageShsOut": 142556000, "weightedAverageShsOutDil": 174802000, "link": "https://www.sec.gov/Archives/edgar/data/1364250/000136425014000013/0001364250-14-000013-index.htm", "finalLink": "https://www.sec.gov/Archives/edgar/data/1364250/000136425014000013/dei20131231-10xk.htm", "calculatedOtherExpenses": 191351000, "calculatedOperatingExpenses": 217965000, "calculatedNetInterest": -130548000, "calculatedOtherIncome": 4694000, "calculatedIncomeNonControlling": 0, "calculatedEbitda": 370042000}, {"date": "2012-12-31", "symbol": "DEI", "reportedCurrency": "USD", "cik": "0001364250", "fillingDate": "2013-02-27", "acceptedDate": "2013-02-27 16:04:55", "calendarYear": "2012", "period": "FY", "revenue": 578999000, "costOfRevenue": 190397000, "grossProfit": 388602000, "grossProfitRatio": 0.6711617809, "researchAndDevelopmentExpenses": 0, "generalAndAdministrativeExpenses": 27943000, "sellingAndMarketingExpenses": 0, "sellingGeneralAndAdministrativeExpenses": 27943000, "otherExpenses": 938000, "operatingExpenses": 212792000, "costAndExpenses": 403189000, "interestIncome": 0, "interestExpense": 146693000, "depreciationAndAmortization": 184849000, "ebitda": 359887000, "ebitdaratio": 0.6215675675, "operatingIncome": 175810000, "operatingIncomeRatio": 0.3036447386, "totalOtherIncomeExpensesNet": -772000, "incomeBeforeTax": 28345000, "incomeBeforeTaxRatio": 0.0489551795, "incomeTaxExpense": 5403000, "netIncome": 22942000, "netIncomeRatio": 0.0396235572, "eps": 0.16, "epsdiluted": 0.16, "weightedAverageShsOut": 139791000, "weightedAverageShsOutDil": 173120000, "link": "https://www.sec.gov/Archives/edgar/data/1364250/000136425013000007/0001364250-13-000007-index.htm", "finalLink": "https://www.sec.gov/Archives/edgar/data/1364250/000136425013000007/dei-20121231x10k.htm", "calculatedOtherExpenses": 184849000, "calculatedOperatingExpenses": 212792000, "calculatedNetInterest": -146693000, "calculatedOtherIncome": -772000, "calculatedIncomeNonControlling": 0, "calculatedEbitda": 360659000}, {"date": "2011-12-31", "symbol": "DEI", "reportedCurrency": "USD", "cik": "0001364250", "fillingDate": "2012-02-24", "acceptedDate": "2012-02-24 16:40:03", "calendarYear": "2011", "period": "FY", "revenue": 575337000, "costOfRevenue": 187881000, "grossProfit": 387456000, "grossProfitRatio": 0.6734418263, "researchAndDevelopmentExpenses": 0, "generalAndAdministrativeExpenses": 0, "sellingAndMarketingExpenses": 0, "sellingGeneralAndAdministrativeExpenses": 29286000, "otherExpenses": 205696000, "operatingExpenses": 234982000, "costAndExpenses": 422863000, "interestIncome": 0, "interestExpense": 148455000, "depreciationAndAmortization": 205696000, "ebitda": 359931000, "ebitdaratio": 0.6256003003, "operatingIncome": 152474000, "operatingIncomeRatio": 0.265016851, "totalOtherIncomeExpensesNet": -1761000, "incomeBeforeTax": 2258000, "incomeBeforeTaxRatio": 0.0039246563, "incomeTaxExpense": 807000, "netIncome": 1451000, "netIncomeRatio": 0.0025220001, "eps": 0.01, "epsdiluted": 0.01, "weightedAverageShsOut": 126187000, "weightedAverageShsOutDil": 159966000, "link": "https://www.sec.gov/Archives/edgar/data/1364250/000136425012000011/0001364250-12-000011-index.htm", "finalLink": "https://www.sec.gov/Archives/edgar/data/1364250/000136425012000011/form10k.htm", "calculatedOtherExpenses": 205696000, "calculatedOperatingExpenses": 234982000, "calculatedNetInterest": -148455000, "calculatedOtherIncome": -1761000, "calculatedIncomeNonControlling": 0, "calculatedEbitda": 358170000}, {"date": "2010-12-31", "symbol": "DEI", "reportedCurrency": "USD", "cik": "0001364250", "fillingDate": "2010-12-31", "acceptedDate": "2010-12-31 00:00:00", "calendarYear": "2010", "period": "FY", "revenue": 570844000, "costOfRevenue": 177482000, "grossProfit": 393362000, "grossProfitRatio": 0.6890884375, "researchAndDevelopmentExpenses": 0, "generalAndAdministrativeExpenses": 0, "sellingAndMarketingExpenses": 0, "sellingGeneralAndAdministrativeExpenses": 28305000, "otherExpenses": 225030000, "operatingExpenses": 253335000, "costAndExpenses": 430817000, "interestIncome": 0, "interestExpense": 166907000, "depreciationAndAmortization": 225030000, "ebitda": 371133000, "ebitdaratio": 0.6501478513, "operatingIncome": 140027000, "operatingIncomeRatio": 0.24529819, "totalOtherIncomeExpensesNet": -6076000, "incomeBeforeTax": -26423000, "incomeBeforeTaxRatio": -0.0462876022, "incomeTaxExpense": 26423000, "netIncome": -26423000, "netIncomeRatio": -0.0462876022, "eps": -0.22, "epsdiluted": -0.22, "weightedAverageShsOut": 122715000, "weightedAverageShsOutDil": 122715000, "link": null, "finalLink": null, "calculatedOtherExpenses": 225030000, "calculatedOperatingExpenses": 253335000, "calculatedNetInterest": -166907000, "calculatedOtherIncome": 457000, "calculatedIncomeNonControlling": -26423000, "calculatedEbitda": 365057000}, {"date": "2009-12-31", "symbol": "DEI", "reportedCurrency": "USD", "cik": "0001364250", "fillingDate": "2010-02-26", "acceptedDate": "2010-02-25 18:13:17", "calendarYear": "2009", "period": "FY", "revenue": 571060000, "costOfRevenue": 172195000, "grossProfit": 398865000, "grossProfitRatio": 0.6984642594, "researchAndDevelopmentExpenses": 0, "generalAndAdministrativeExpenses": 23887000, "sellingAndMarketingExpenses": 172195000, "sellingGeneralAndAdministrativeExpenses": 196082000, "otherExpenses": 226620000, "operatingExpenses": 422702000, "costAndExpenses": 422702000, "interestIncome": 0, "interestExpense": 184797000, "depreciationAndAmortization": 226620000, "ebitda": 372696000, "ebitdaratio": 0.6526389521, "operatingIncome": 148358000, "operatingIncomeRatio": 0.2597940672, "totalOtherIncomeExpensesNet": 2282000, "incomeBeforeTax": -27064000, "incomeBeforeTaxRatio": -0.0473925682, "incomeTaxExpense": 27064000, "netIncome": -27064000, "netIncomeRatio": -0.0473925682, "eps": -0.22, "epsdiluted": -0.22, "weightedAverageShsOut": 121553000, "weightedAverageShsOutDil": 121553000, "link": "https://www.sec.gov/Archives/edgar/data/1364250/000136425010000016/0001364250-10-000016-index.htm", "finalLink": "https://www.sec.gov/Archives/edgar/data/1364250/000136425010000016/form10k.htm", "calculatedOtherExpenses": 54425000, "calculatedOperatingExpenses": 250507000, "calculatedNetInterest": -184797000, "calculatedOtherIncome": 9375000, "calculatedIncomeNonControlling": -27064000, "calculatedEbitda": 374978000}, {"date": "2008-12-31", "symbol": "DEI", "reportedCurrency": "USD", "cik": "0001364250", "fillingDate": "2009-02-25", "acceptedDate": "2009-02-25 13:37:05", "calendarYear": "2008", "period": "FY", "revenue": 608094000, "costOfRevenue": 0, "grossProfit": 608094000, "grossProfitRatio": 1, "researchAndDevelopmentExpenses": 0, "generalAndAdministrativeExpenses": 0, "sellingAndMarketingExpenses": 0, "sellingGeneralAndAdministrativeExpenses": 22646000, "otherExpenses": 265090000, "operatingExpenses": 453860000, "costAndExpenses": 453860000, "interestIncome": 3580000, "interestExpense": 193727000, "depreciationAndAmortization": 248011000, "ebitda": 402245000, "ebitdaratio": 0.661484902, "operatingIncome": 154234000, "operatingIncomeRatio": 0.2536351288, "totalOtherIncomeExpensesNet": -154234000, "incomeBeforeTax": -27993000, "incomeBeforeTaxRatio": -0.0460340013, "incomeTaxExpense": 27993000, "netIncome": -27993000, "netIncomeRatio": -0.0460340013, "eps": -0.23, "epsdiluted": -0.23, "weightedAverageShsOut": 120726000, "weightedAverageShsOutDil": 120726000, "link": "https://www.sec.gov/Archives/edgar/data/1364250/000136425009000016/0001364250-09-000016-index.htm", "finalLink": "https://www.sec.gov/Archives/edgar/data/1364250/000136425009000016/form10k.htm", "calculatedOtherExpenses": 431214000, "calculatedOperatingExpenses": 453860000, "calculatedNetInterest": -190147000, "calculatedOtherIncome": 7920000, "calculatedIncomeNonControlling": -27993000, "calculatedEbitda": 402245000}, {"date": "2007-12-31", "symbol": "DEI", "reportedCurrency": "USD", "cik": "0001364250", "fillingDate": "2008-02-22", "acceptedDate": "2008-02-22 17:28:20", "calendarYear": "2007", "period": "FY", "revenue": 518220000, "costOfRevenue": 154051000, "grossProfit": 364169000, "grossProfitRatio": 0.7027305006, "researchAndDevelopmentExpenses": 0, "generalAndAdministrativeExpenses": 150245000, "sellingAndMarketingExpenses": 0, "sellingGeneralAndAdministrativeExpenses": 150245000, "otherExpenses": 226743000, "operatingExpenses": 376988000, "costAndExpenses": 376988000, "interestIncome": 695000, "interestExpense": 160616000, "depreciationAndAmortization": 208432000, "ebitda": 350825000, "ebitdaratio": 0.676980819, "operatingIncome": 141232000, "operatingIncomeRatio": 0.2725329011, "totalOtherIncomeExpensesNet": -141232000, "incomeBeforeTax": -13008000, "incomeBeforeTaxRatio": -0.0251013083, "incomeTaxExpense": 13008000, "netIncome": -13008000, "netIncomeRatio": -0.0251013083, "eps": -0.12, "epsdiluted": -0.12, "weightedAverageShsOut": 112645587, "weightedAverageShsOutDil": 112645587, "link": "https://www.sec.gov/Archives/edgar/data/1364250/000114036108004902/0001140361-08-004902-index.htm", "finalLink": "https://www.sec.gov/Archives/edgar/data/1364250/000114036108004902/form10k.htm", "calculatedOtherExpenses": 72692000, "calculatedOperatingExpenses": 222937000, "calculatedNetInterest": -159921000, "calculatedOtherIncome": 5681000, "calculatedIncomeNonControlling": -13008000, "calculatedEbitda": 349664000}, {"date": "2006-12-31", "symbol": "DEI", "reportedCurrency": "USD", "cik": "0001364250", "fillingDate": "2007-04-02", "acceptedDate": "2007-03-30 20:51:34", "calendarYear": "2006", "period": "FY", "revenue": 433663000, "costOfRevenue": 183206000, "grossProfit": 250457000, "grossProfitRatio": 0.5775383189, "researchAndDevelopmentExpenses": 0, "generalAndAdministrativeExpenses": 5646000, "sellingAndMarketingExpenses": 42418000, "sellingGeneralAndAdministrativeExpenses": 48064000, "otherExpenses": 275232000, "operatingExpenses": 323296000, "costAndExpenses": 323296000, "interestIncome": 0, "interestExpense": -95125000, "depreciationAndAmortization": 127977000, "ebitda": 231549000, "ebitdaratio": 0.5339376428, "operatingIncome": 110367000, "operatingIncomeRatio": 0.2544994616, "totalOtherIncomeExpensesNet": 6795000, "incomeBeforeTax": -36953000, "incomeBeforeTaxRatio": -0.0852113277, "incomeTaxExpense": 36953000, "netIncome": -36953000, "netIncomeRatio": -0.0852113277, "eps": -0.32, "epsdiluted": -0.32, "weightedAverageShsOut": 115005925, "weightedAverageShsOutDil": 115005925, "link": "https://www.sec.gov/Archives/edgar/data/1364250/000119312507070967/0001193125-07-070967-index.htm", "finalLink": "https://www.sec.gov/Archives/edgar/data/1364250/000119312507070967/d10k.htm", "calculatedOtherExpenses": 92026000, "calculatedOperatingExpenses": 140090000, "calculatedNetInterest": 95125000, "calculatedOtherIncome": -242445000, "calculatedIncomeNonControlling": -36953000, "calculatedEbitda": 238344000}, {"date": "2005-12-31", "symbol": "DEI", "reportedCurrency": "USD", "cik": "0001364250", "fillingDate": "2005-12-31", "acceptedDate": "2005-12-31 00:00:00", "calendarYear": "2005", "period": "FY", "revenue": 393788000, "costOfRevenue": 0, "grossProfit": 393788000, "grossProfitRatio": 1, "researchAndDevelopmentExpenses": 0, "generalAndAdministrativeExpenses": 0, "sellingAndMarketingExpenses": 0, "sellingGeneralAndAdministrativeExpenses": 6457000, "otherExpenses": 248396000, "operatingExpenses": 254853000, "costAndExpenses": 254853000, "interestIncome": 0, "interestExpense": 0, "depreciationAndAmortization": 113170000, "ebitda": 252105000, "ebitdaratio": 0.6402048818, "operatingIncome": 138935000, "operatingIncomeRatio": 0.352816744, "totalOtherIncomeExpensesNet": -138935000, "incomeBeforeTax": -16520000, "incomeBeforeTaxRatio": -0.0419515069, "incomeTaxExpense": 16520000, "netIncome": -16520000, "netIncomeRatio": -0.0419515069, "eps": -0.14, "epsdiluted": -0.14, "weightedAverageShsOut": 114282812, "weightedAverageShsOutDil": 114282812, "link": null, "finalLink": null, "calculatedOtherExpenses": 248396000, "calculatedOperatingExpenses": 254853000, "calculatedNetInterest": 0, "calculatedOtherIncome": -155455000, "calculatedIncomeNonControlling": -16520000, "calculatedEbitda": 252105000}, {"date": "2004-12-31", "symbol": "DEI", "reportedCurrency": "USD", "cik": "0001364250", "fillingDate": "2004-12-31", "acceptedDate": "2004-12-31 00:00:00", "calendarYear": "2004", "period": "FY", "revenue": 320431000, "costOfRevenue": 0, "grossProfit": 320431000, "grossProfitRatio": 1, "researchAndDevelopmentExpenses": 0, "generalAndAdministrativeExpenses": 0, "sellingAndMarketingExpenses": 0, "sellingGeneralAndAdministrativeExpenses": 0, "otherExpenses": 213578000, "operatingExpenses": 213578000, "costAndExpenses": 213578000, "interestIncome": 0, "interestExpense": 0, "depreciationAndAmortization": 0, "ebitda": 106853000, "ebitdaratio": 0.3334664873, "operatingIncome": 106853000, "operatingIncomeRatio": 0.3334664873, "totalOtherIncomeExpensesNet": -106853000, "incomeBeforeTax": -56591000, "incomeBeforeTaxRatio": -0.1766090047, "incomeTaxExpense": 56591000, "netIncome": -56591000, "netIncomeRatio": -0.1766090047, "eps": -0.5, "epsdiluted": -0.5, "weightedAverageShsOut": 114282812, "weightedAverageShsOutDil": 114282812, "link": null, "finalLink": null, "calculatedOtherExpenses": 213578000, "calculatedOperatingExpenses": 213578000, "calculatedNetInterest": 0, "calculatedOtherIncome": -163444000, "calculatedIncomeNonControlling": -56591000, "calculatedEbitda": 106853000}, {"date": "2003-12-31", "symbol": "DEI", "reportedCurrency": "USD", "cik": "0001364250", "fillingDate": "2003-12-31", "acceptedDate": "2003-12-31 00:00:00", "calendarYear": "2003", "period": "FY", "revenue": 315306000, "costOfRevenue": 0, "grossProfit": 315306000, "grossProfitRatio": 1, "researchAndDevelopmentExpenses": 0, "generalAndAdministrativeExpenses": 0, "sellingAndMarketingExpenses": 0, "sellingGeneralAndAdministrativeExpenses": 0, "otherExpenses": 206290000, "operatingExpenses": 206290000, "costAndExpenses": 206290000, "interestIncome": 0, "interestExpense": 0, "depreciationAndAmortization": 0, "ebitda": 109016000, "ebitdaratio": 0.3457466715, "operatingIncome": 109016000, "operatingIncomeRatio": 0.3457466715, "totalOtherIncomeExpensesNet": -109016000, "incomeBeforeTax": 7625000, "incomeBeforeTaxRatio": 0.0241828573, "incomeTaxExpense": -7625000, "netIncome": 7625000, "netIncomeRatio": 0.0241828573, "eps": 0.0667, "epsdiluted": 0.0667, "weightedAverageShsOut": 114282812, "weightedAverageShsOutDil": 114282812, "link": null, "finalLink": null, "calculatedOtherExpenses": 206290000, "calculatedOperatingExpenses": 206290000, "calculatedNetInterest": 0, "calculatedOtherIncome": -101391000, "calculatedIncomeNonControlling": 7625000, "calculatedEbitda": 109016000}, {"date": "2002-12-31", "symbol": "DEI", "reportedCurrency": "USD", "cik": "0001364250", "fillingDate": "2002-12-31", "acceptedDate": "2002-12-31 00:00:00", "calendarYear": "2002", "period": "FY", "revenue": 277749000, "costOfRevenue": 0, "grossProfit": 277749000, "grossProfitRatio": 1, "researchAndDevelopmentExpenses": 0, "generalAndAdministrativeExpenses": 0, "sellingAndMarketingExpenses": 0, "sellingGeneralAndAdministrativeExpenses": 3877000, "otherExpenses": 171888000, "operatingExpenses": 175765000, "costAndExpenses": 175765000, "interestIncome": 0, "interestExpense": 0, "depreciationAndAmortization": 76753000, "ebitda": 178737000, "ebitdaratio": 0.6435198687, "operatingIncome": 101984000, "operatingIncomeRatio": 0.3671804399, "totalOtherIncomeExpensesNet": -101984000, "incomeBeforeTax": 16872000, "incomeBeforeTaxRatio": 0.0607454932, "incomeTaxExpense": -16872000, "netIncome": 16872000, "netIncomeRatio": 0.0607454932, "eps": 0.15, "epsdiluted": 0.15, "weightedAverageShsOut": 114282812, "weightedAverageShsOutDil": 114282812, "link": null, "finalLink": null, "calculatedOtherExpenses": 171888000, "calculatedOperatingExpenses": 175765000, "calculatedNetInterest": 0, "calculatedOtherIncome": -85112000, "calculatedIncomeNonControlling": 16872000, "calculatedEbitda": 178737000}, {"date": "2001-12-31", "symbol": "DEI", "reportedCurrency": "USD", "cik": "0001364250", "fillingDate": "2001-12-31", "acceptedDate": "2001-12-31 00:00:00", "calendarYear": "2001", "period": "FY", "revenue": 232632000, "costOfRevenue": 0, "grossProfit": 232632000, "grossProfitRatio": 1, "researchAndDevelopmentExpenses": 0, "generalAndAdministrativeExpenses": 0, "sellingAndMarketingExpenses": 0, "sellingGeneralAndAdministrativeExpenses": 0, "otherExpenses": 139377000, "operatingExpenses": 139377000, "costAndExpenses": 139377000, "interestIncome": 0, "interestExpense": 0, "depreciationAndAmortization": 0, "ebitda": 93255000, "ebitdaratio": 0.4008691839, "operatingIncome": 93255000, "operatingIncomeRatio": 0.4008691839, "totalOtherIncomeExpensesNet": -93255000, "incomeBeforeTax": 6494000, "incomeBeforeTaxRatio": 0.0279153341, "incomeTaxExpense": -6494000, "netIncome": 6494000, "netIncomeRatio": 0.0279153341, "eps": 0.0568, "epsdiluted": 0.0568, "weightedAverageShsOut": 114282812, "weightedAverageShsOutDil": 114282812, "link": null, "finalLink": null, "calculatedOtherExpenses": 139377000, "calculatedOperatingExpenses": 139377000, "calculatedNetInterest": 0, "calculatedOtherIncome": -86761000, "calculatedIncomeNonControlling": 6494000, "calculatedEbitda": 93255000}]}