{"originalCurrency": "USD", "convertedCurrency": "USD", "report": [{"date": "2024-02-02", "symbol": "DELL", "reportedCurrency": "USD", "cik": "0001571996", "fillingDate": "2024-03-25", "acceptedDate": "2024-03-25 16:20:07", "calendarYear": "2024", "period": "FY", "revenue": 88425000000, "costOfRevenue": 66737000000, "grossProfit": 21688000000, "grossProfitRatio": 0.2452700028, "researchAndDevelopmentExpenses": 2801000000, "generalAndAdministrativeExpenses": 11957000000, "sellingAndMarketingExpenses": 900000000, "sellingGeneralAndAdministrativeExpenses": 12857000000, "otherExpenses": -819000000, "operatingExpenses": 16477000000, "costAndExpenses": 83214000000, "interestIncome": 305000000, "interestExpense": 1501000000, "depreciationAndAmortization": 3303000000, "ebitda": 8775000000, "ebitdaratio": 0.0992366412, "operatingIncome": 5211000000, "operatingIncomeRatio": 0.0589312977, "totalOtherIncomeExpensesNet": -1324000000, "incomeBeforeTax": 3887000000, "incomeBeforeTaxRatio": 0.0439581566, "incomeTaxExpense": 692000000, "netIncome": 3211000000, "netIncomeRatio": 0.0363132598, "eps": 4.46, "epsdiluted": 4.36, "weightedAverageShsOut": 720000000, "weightedAverageShsOutDil": 736000000, "link": "https://www.sec.gov/Archives/edgar/data/1571996/000157199624000036/0001571996-24-000036-index.htm", "finalLink": "https://www.sec.gov/Archives/edgar/data/1571996/000157199624000036/dell-20240202.htm", "calculatedOtherExpenses": 819000000, "calculatedOperatingExpenses": 16477000000, "calculatedNetInterest": -1196000000, "calculatedOtherIncome": -128000000, "calculatedIncomeNonControlling": -16000000, "calculatedEbitda": 8514000000}, {"date": "2023-02-03", "symbol": "DELL", "reportedCurrency": "USD", "cik": "0001571996", "fillingDate": "2023-03-30", "acceptedDate": "2023-03-30 16:19:36", "calendarYear": "2023", "period": "FY", "revenue": 102301000000, "costOfRevenue": 79615000000, "grossProfit": 22686000000, "grossProfitRatio": 0.2217573631, "researchAndDevelopmentExpenses": 2779000000, "generalAndAdministrativeExpenses": 13036000000, "sellingAndMarketingExpenses": 1100000000, "sellingGeneralAndAdministrativeExpenses": 14136000000, "otherExpenses": -953000000, "operatingExpenses": 16915000000, "costAndExpenses": 96530000000, "interestIncome": 100000000, "interestExpense": 1222000000, "depreciationAndAmortization": 3156000000, "ebitda": 5771000000, "ebitdaratio": 0.0564119608, "operatingIncome": 5771000000, "operatingIncomeRatio": 0.0564119608, "totalOtherIncomeExpensesNet": -1324000000, "incomeBeforeTax": 3225000000, "incomeBeforeTaxRatio": 0.0315246185, "incomeTaxExpense": 803000000, "netIncome": 2442000000, "netIncomeRatio": 0.0238707344, "eps": 3.33, "epsdiluted": 3.24, "weightedAverageShsOut": 734000000, "weightedAverageShsOutDil": 753000000, "link": "https://www.sec.gov/Archives/edgar/data/1571996/000157199623000007/0001571996-23-000007-index.htm", "finalLink": "https://www.sec.gov/Archives/edgar/data/1571996/000157199623000007/dell-20230203.htm", "calculatedOtherExpenses": 0, "calculatedOperatingExpenses": 16915000000, "calculatedNetInterest": -1122000000, "calculatedOtherIncome": -1424000000, "calculatedIncomeNonControlling": -20000000, "calculatedEbitda": 8927000000}, {"date": "2022-01-28", "symbol": "DELL", "reportedCurrency": "USD", "cik": "0001571996", "fillingDate": "2022-03-24", "acceptedDate": "2022-03-24 16:29:54", "calendarYear": "2022", "period": "FY", "revenue": 102301000000, "costOfRevenue": 79615000000, "grossProfit": 22686000000, "grossProfitRatio": 0.2217573631, "researchAndDevelopmentExpenses": 2779000000, "generalAndAdministrativeExpenses": 12836000000, "sellingAndMarketingExpenses": 1300000000, "sellingGeneralAndAdministrativeExpenses": 14136000000, "otherExpenses": -953000000, "operatingExpenses": 16915000000, "costAndExpenses": 96530000000, "interestIncome": 42000000, "interestExpense": 1222000000, "depreciationAndAmortization": 3156000000, "ebitda": 8927000000, "ebitdaratio": 0.0872620991, "operatingIncome": 5771000000, "operatingIncomeRatio": 0.0564119608, "totalOtherIncomeExpensesNet": 610000000, "incomeBeforeTax": 3225000000, "incomeBeforeTaxRatio": 0.0315246185, "incomeTaxExpense": 803000000, "netIncome": 2442000000, "netIncomeRatio": 0.0238707344, "eps": 3.2, "epsdiluted": 3.09, "weightedAverageShsOut": 762000000, "weightedAverageShsOutDil": 791000000, "link": "https://www.sec.gov/Archives/edgar/data/1571996/000157199622000009/0001571996-22-000009-index.htm", "finalLink": "https://www.sec.gov/Archives/edgar/data/1571996/000157199622000009/dell-20220128.htm", "calculatedOtherExpenses": 0, "calculatedOperatingExpenses": 16915000000, "calculatedNetInterest": -1180000000, "calculatedOtherIncome": -1366000000, "calculatedIncomeNonControlling": -20000000, "calculatedEbitda": 8927000000}, {"date": "2021-01-29", "symbol": "DELL", "reportedCurrency": "USD", "cik": "0001571996", "fillingDate": "2021-03-26", "acceptedDate": "2021-03-26 16:45:18", "calendarYear": "2021", "period": "FY", "revenue": 101197000000, "costOfRevenue": 79306000000, "grossProfit": 21891000000, "grossProfitRatio": 0.2163206419, "researchAndDevelopmentExpenses": 2577000000, "generalAndAdministrativeExpenses": 13655000000, "sellingAndMarketingExpenses": 1000000000, "sellingGeneralAndAdministrativeExpenses": 14655000000, "otherExpenses": 20000000, "operatingExpenses": 17232000000, "costAndExpenses": 96538000000, "interestIncome": 42000000, "interestExpense": 1542000000, "depreciationAndAmortization": 4551000000, "ebitda": 9210000000, "ebitdaratio": 0.0910106031, "operatingIncome": 4659000000, "operatingIncomeRatio": 0.0460389142, "totalOtherIncomeExpensesNet": 5815000000, "incomeBeforeTax": 5923000000, "incomeBeforeTaxRatio": 0.058529403, "incomeTaxExpense": 981000000, "netIncome": 5563000000, "netIncomeRatio": 0.0549719853, "eps": 7.48, "epsdiluted": 7.25, "weightedAverageShsOut": 744000000, "weightedAverageShsOutDil": 767000000, "link": "https://www.sec.gov/Archives/edgar/data/1571996/000157199621000007/0001571996-21-000007-index.htm", "finalLink": "https://www.sec.gov/Archives/edgar/data/1571996/000157199621000007/dell-20210129.htm", "calculatedOtherExpenses": 0, "calculatedOperatingExpenses": 17232000000, "calculatedNetInterest": -1500000000, "calculatedOtherIncome": 2764000000, "calculatedIncomeNonControlling": -621000000, "calculatedEbitda": 9210000000}, {"date": "2020-01-31", "symbol": "DELL", "reportedCurrency": "USD", "cik": "0001571996", "fillingDate": "2020-03-27", "acceptedDate": "2020-03-27 08:32:26", "calendarYear": "2020", "period": "FY", "revenue": 94224000000, "costOfRevenue": 64807000000, "grossProfit": 29417000000, "grossProfitRatio": 0.3122028358, "researchAndDevelopmentExpenses": 5275000000, "generalAndAdministrativeExpenses": 17898000000, "sellingAndMarketingExpenses": 1100000000, "sellingGeneralAndAdministrativeExpenses": 18998000000, "otherExpenses": -62000000, "operatingExpenses": 24273000000, "costAndExpenses": 89080000000, "interestIncome": 54000000, "interestExpense": 2389000000, "depreciationAndAmortization": 5390000000, "ebitda": 5144000000, "ebitdaratio": 0.0545933096, "operatingIncome": -246000000, "operatingIncomeRatio": -0.0026107998, "totalOtherIncomeExpensesNet": 3916000000, "incomeBeforeTax": 3670000000, "incomeBeforeTaxRatio": 0.0389497368, "incomeTaxExpense": 165000000, "netIncome": 3250000000, "netIncomeRatio": 0.0344922737, "eps": 4.49, "epsdiluted": 4.33, "weightedAverageShsOut": 724000000, "weightedAverageShsOutDil": 751000000, "link": "https://www.sec.gov/Archives/edgar/data/1571996/000157199620000017/0001571996-20-000017-index.htm", "finalLink": "https://www.sec.gov/Archives/edgar/data/1571996/000157199620000017/delltechnologiesfy2010k.htm", "calculatedOtherExpenses": 5390000000, "calculatedOperatingExpenses": 29663000000, "calculatedNetInterest": -2335000000, "calculatedOtherIncome": 6251000000, "calculatedIncomeNonControlling": 255000000, "calculatedEbitda": 5144000000}, {"date": "2019-02-01", "symbol": "DELL", "reportedCurrency": "USD", "cik": "0001571996", "fillingDate": "2019-03-29", "acceptedDate": "2019-03-29 16:47:53", "calendarYear": "2019", "period": "FY", "revenue": 90621000000, "costOfRevenue": 65568000000, "grossProfit": 25053000000, "grossProfitRatio": 0.2764590989, "researchAndDevelopmentExpenses": 4604000000, "generalAndAdministrativeExpenses": 20304000000, "sellingAndMarketingExpenses": 336000000, "sellingGeneralAndAdministrativeExpenses": 20640000000, "otherExpenses": -131000000, "operatingExpenses": 25244000000, "costAndExpenses": 90812000000, "interestIncome": 313000000, "interestExpense": 2170000000, "depreciationAndAmortization": 7746000000, "ebitda": 7555000000, "ebitdaratio": 0.083369197, "operatingIncome": -191000000, "operatingIncomeRatio": -0.0021076792, "totalOtherIncomeExpensesNet": 318000000, "incomeBeforeTax": -2361000000, "incomeBeforeTaxRatio": -0.0260535637, "incomeTaxExpense": -180000000, "netIncome": -2310000000, "netIncomeRatio": -0.0254907803, "eps": -3.21, "epsdiluted": -3.21, "weightedAverageShsOut": 719000000, "weightedAverageShsOutDil": 719000000, "link": "https://www.sec.gov/Archives/edgar/data/1571996/000157199619000008/0001571996-19-000008-index.htm", "finalLink": "https://www.sec.gov/Archives/edgar/data/1571996/000157199619000008/delltechnologiesfy1910k.htm", "calculatedOtherExpenses": 0, "calculatedOperatingExpenses": 25244000000, "calculatedNetInterest": -1857000000, "calculatedOtherIncome": -313000000, "calculatedIncomeNonControlling": 129000000, "calculatedEbitda": 7555000000}, {"date": "2018-02-02", "symbol": "DELL", "reportedCurrency": "USD", "cik": "0001571996", "fillingDate": "2018-03-29", "acceptedDate": "2018-03-29 09:12:59", "calendarYear": "2018", "period": "FY", "revenue": 78660000000, "costOfRevenue": 58606000000, "grossProfit": 20054000000, "grossProfitRatio": 0.2549453344, "researchAndDevelopmentExpenses": 4384000000, "generalAndAdministrativeExpenses": 18523000000, "sellingAndMarketingExpenses": 480000000, "sellingGeneralAndAdministrativeExpenses": 19003000000, "otherExpenses": -115000000, "operatingExpenses": 23387000000, "costAndExpenses": 81993000000, "interestIncome": 207000000, "interestExpense": 2406000000, "depreciationAndAmortization": 8634000000, "ebitda": 5301000000, "ebitdaratio": 0.0673913043, "operatingIncome": -3333000000, "operatingIncomeRatio": -0.0423722349, "totalOtherIncomeExpensesNet": 51000000, "incomeBeforeTax": -5688000000, "incomeBeforeTaxRatio": -0.0723112128, "incomeTaxExpense": -1833000000, "netIncome": -3728000000, "netIncomeRatio": -0.0473938469, "eps": -5.19, "epsdiluted": -5.19, "weightedAverageShsOut": 718434605, "weightedAverageShsOutDil": 718434605, "link": "https://www.sec.gov/Archives/edgar/data/1571996/000157199618000004/0001571996-18-000004-index.htm", "finalLink": "https://www.sec.gov/Archives/edgar/data/1571996/000157199618000004/delltechnologiesfy1810k.htm", "calculatedOtherExpenses": 0, "calculatedOperatingExpenses": 23387000000, "calculatedNetInterest": -2199000000, "calculatedOtherIncome": -156000000, "calculatedIncomeNonControlling": -127000000, "calculatedEbitda": 5301000000}, {"date": "2017-02-03", "symbol": "DELL", "reportedCurrency": "USD", "cik": "0001571996", "fillingDate": "2017-03-31", "acceptedDate": "2017-03-31 08:33:13", "calendarYear": "2017", "period": "FY", "revenue": 61642000000, "costOfRevenue": 48683000000, "grossProfit": 12959000000, "grossProfitRatio": 0.210230038, "researchAndDevelopmentExpenses": 2636000000, "generalAndAdministrativeExpenses": 13048000000, "sellingAndMarketingExpenses": 527000000, "sellingGeneralAndAdministrativeExpenses": 13575000000, "otherExpenses": -45000000, "operatingExpenses": 16211000000, "costAndExpenses": 64894000000, "interestIncome": 102000000, "interestExpense": 1751000000, "depreciationAndAmortization": 4938000000, "ebitda": 1686000000, "ebitdaratio": 0.0273514811, "operatingIncome": -3252000000, "operatingIncomeRatio": -0.0527562376, "totalOtherIncomeExpensesNet": -353000000, "incomeBeforeTax": -5356000000, "incomeBeforeTaxRatio": -0.0868888096, "incomeTaxExpense": -1619000000, "netIncome": -1672000000, "netIncomeRatio": -0.0271243633, "eps": -2.43, "epsdiluted": -2.33, "weightedAverageShsOut": 687000000, "weightedAverageShsOutDil": 718434605, "link": "https://www.sec.gov/Archives/edgar/data/1571996/000157199617000004/0001571996-17-000004-index.htm", "finalLink": "https://www.sec.gov/Archives/edgar/data/1571996/000157199617000004/delltechnologiesfy1710k.htm", "calculatedOtherExpenses": 0, "calculatedOperatingExpenses": 16211000000, "calculatedNetInterest": -1649000000, "calculatedOtherIncome": -455000000, "calculatedIncomeNonControlling": -2065000000, "calculatedEbitda": 1686000000}, {"date": "2016-01-31", "symbol": "DELL", "reportedCurrency": "USD", "cik": "0001571996", "fillingDate": "2016-01-31", "acceptedDate": "2016-01-30 19:00:00", "calendarYear": "2016", "period": "FY", "revenue": 50911000000, "costOfRevenue": 42524000000, "grossProfit": 8387000000, "grossProfitRatio": 0.1647384652, "researchAndDevelopmentExpenses": 1051000000, "generalAndAdministrativeExpenses": 7850000000, "sellingAndMarketingExpenses": 594000000, "sellingGeneralAndAdministrativeExpenses": 7850000000, "otherExpenses": -22000000, "operatingExpenses": 8901000000, "costAndExpenses": 51425000000, "interestIncome": 39000000, "interestExpense": 680000000, "depreciationAndAmortization": 2872000000, "ebitda": 2358000000, "ebitdaratio": 0.0463161203, "operatingIncome": -514000000, "operatingIncomeRatio": -0.01009605, "totalOtherIncomeExpensesNet": -92000000, "incomeBeforeTax": -1286000000, "incomeBeforeTaxRatio": -0.025259767, "incomeTaxExpense": -118000000, "netIncome": -1104000000, "netIncomeRatio": -0.0216849011, "eps": -1.54, "epsdiluted": -1.54, "weightedAverageShsOut": 718434605, "weightedAverageShsOutDil": 718434605, "link": "", "finalLink": "", "calculatedOtherExpenses": 0, "calculatedOperatingExpenses": 8901000000, "calculatedNetInterest": -641000000, "calculatedOtherIncome": -131000000, "calculatedIncomeNonControlling": -64000000, "calculatedEbitda": 2358000000}, {"date": "2015-01-31", "symbol": "DELL", "reportedCurrency": "USD", "cik": "0001571996", "fillingDate": "2015-01-31", "acceptedDate": "2015-01-30 19:00:00", "calendarYear": "2015", "period": "FY", "revenue": 54142000000, "costOfRevenue": 45246000000, "grossProfit": 8896000000, "grossProfitRatio": 0.1643086698, "researchAndDevelopmentExpenses": 920000000, "generalAndAdministrativeExpenses": 8292000000, "sellingAndMarketingExpenses": 582000000, "sellingGeneralAndAdministrativeExpenses": 8292000000, "otherExpenses": -34000000, "operatingExpenses": 9212000000, "costAndExpenses": 54458000000, "interestIncome": 47000000, "interestExpense": 807000000, "depreciationAndAmortization": 2977000000, "ebitda": 2661000000, "ebitdaratio": 0.0491485353, "operatingIncome": -316000000, "operatingIncomeRatio": -0.005836504, "totalOtherIncomeExpensesNet": -92000000, "incomeBeforeTax": -1215000000, "incomeBeforeTaxRatio": -0.0224409885, "incomeTaxExpense": -107000000, "netIncome": -1221000000, "netIncomeRatio": -0.0225518082, "eps": -1.7, "epsdiluted": -1.7, "weightedAverageShsOut": 718434605, "weightedAverageShsOutDil": 718434605, "link": "", "finalLink": "", "calculatedOtherExpenses": 0, "calculatedOperatingExpenses": 9212000000, "calculatedNetInterest": -760000000, "calculatedOtherIncome": -139000000, "calculatedIncomeNonControlling": 113000000, "calculatedEbitda": 2661000000}, {"date": "2014-01-31", "symbol": "DELL", "reportedCurrency": "USD", "cik": "0001571996", "fillingDate": "2014-01-31", "acceptedDate": "2014-01-30 19:00:00", "calendarYear": "2014", "period": "FY", "revenue": 56377000000, "costOfRevenue": 46892000000, "grossProfit": 9485000000, "grossProfitRatio": 0.1682423683, "researchAndDevelopmentExpenses": 1273000000, "generalAndAdministrativeExpenses": 8236000000, "sellingAndMarketingExpenses": 670000000, "sellingGeneralAndAdministrativeExpenses": 8906000000, "otherExpenses": 0, "operatingExpenses": 10816000000, "costAndExpenses": 57708000000, "interestIncome": 351000000, "interestExpense": 0, "depreciationAndAmortization": 1752000000, "ebitda": 1108000000, "ebitdaratio": 0.0196534048, "operatingIncome": -644000000, "operatingIncomeRatio": -0.0114230981, "totalOtherIncomeExpensesNet": -1038000000, "incomeBeforeTax": -1682000000, "incomeBeforeTaxRatio": -0.0298348617, "incomeTaxExpense": 23000000, "netIncome": -1705000000, "netIncomeRatio": -0.0302428295, "eps": -1.22, "epsdiluted": -1.22, "weightedAverageShsOut": 1400577481, "weightedAverageShsOutDil": 1400576923, "link": null, "finalLink": null, "calculatedOtherExpenses": -50000000, "calculatedOperatingExpenses": 10129000000, "calculatedNetInterest": 351000000, "calculatedOtherIncome": -1389000000, "calculatedIncomeNonControlling": 0, "calculatedEbitda": 1108000000}, {"date": "2013-02-01", "symbol": "DELL", "reportedCurrency": "USD", "cik": "0001571996", "fillingDate": "2013-02-01", "acceptedDate": "2013-01-31 19:00:00", "calendarYear": "2013", "period": "FY", "revenue": 56940000000, "costOfRevenue": 44711000000, "grossProfit": 12229000000, "grossProfitRatio": 0.2147699333, "researchAndDevelopmentExpenses": 1072000000, "generalAndAdministrativeExpenses": 7177000000, "sellingAndMarketingExpenses": 833000000, "sellingGeneralAndAdministrativeExpenses": 8010000000, "otherExpenses": 0, "operatingExpenses": 9218000000, "costAndExpenses": 53929000000, "interestIncome": 170000000, "interestExpense": 0, "depreciationAndAmortization": 1144000000, "ebitda": 4302000000, "ebitdaratio": 0.0755532139, "operatingIncome": 3158000000, "operatingIncomeRatio": 0.0554618897, "totalOtherIncomeExpensesNet": -317000000, "incomeBeforeTax": 2841000000, "incomeBeforeTaxRatio": 0.0498946259, "incomeTaxExpense": 469000000, "netIncome": 2372000000, "netIncomeRatio": 0.0416578855, "eps": 1.35, "epsdiluted": 1.35, "weightedAverageShsOut": 1757037037, "weightedAverageShsOutDil": 1755000000, "link": null, "finalLink": null, "calculatedOtherExpenses": -11000000, "calculatedOperatingExpenses": 9071000000, "calculatedNetInterest": 170000000, "calculatedOtherIncome": -487000000, "calculatedIncomeNonControlling": 0, "calculatedEbitda": 4302000000}]}