{"originalCurrency": "USD", "convertedCurrency": "USD", "report": [{"date": "2023-12-31", "symbol": "DFS", "reportedCurrency": "USD", "cik": "0001393612", "fillingDate": "2023-12-31", "acceptedDate": "2023-12-29 19:00:00", "calendarYear": "2023", "period": "FY", "revenue": 20606000000, "costOfRevenue": 0, "grossProfit": 20606000000, "grossProfitRatio": 1, "researchAndDevelopmentExpenses": 0, "generalAndAdministrativeExpenses": 2434000000, "sellingAndMarketingExpenses": 1164000000, "sellingGeneralAndAdministrativeExpenses": 3598000000, "otherExpenses": -3175000000, "operatingExpenses": 3175000000, "costAndExpenses": 16649000000, "interestIncome": 17845000000, "interestExpense": 860000000, "depreciationAndAmortization": 187000000, "ebitda": 168000000, "ebitdaratio": 0.0081529652, "operatingIncome": 17113000000, "operatingIncomeRatio": 0.8304862661, "totalOtherIncomeExpensesNet": 3826000000, "incomeBeforeTax": 3826000000, "incomeBeforeTaxRatio": 0.1856740755, "incomeTaxExpense": 886000000, "netIncome": 2940000000, "netIncomeRatio": 0.1426768902, "eps": 11.26, "epsdiluted": 11.26, "weightedAverageShsOut": 254000000, "weightedAverageShsOutDil": 254000000, "link": null, "finalLink": null, "calculatedOtherExpenses": -105000000, "calculatedOperatingExpenses": 3493000000, "calculatedNetInterest": 16985000000, "calculatedOtherIncome": -30272000000, "calculatedIncomeNonControlling": 0, "calculatedEbitda": 17300000000}, {"date": "2022-12-31", "symbol": "DFS", "reportedCurrency": "USD", "cik": "0001393612", "fillingDate": "2023-02-23", "acceptedDate": "2023-02-23 16:18:33", "calendarYear": "2022", "period": "FY", "revenue": 13337000000, "costOfRevenue": 0, "grossProfit": 13337000000, "grossProfitRatio": 1, "researchAndDevelopmentExpenses": 0, "generalAndAdministrativeExpenses": 2139000000, "sellingAndMarketingExpenses": 1035000000, "sellingGeneralAndAdministrativeExpenses": 3174000000, "otherExpenses": -2636000000, "operatingExpenses": 1906000000, "costAndExpenses": 1906000000, "interestIncome": 12864000000, "interestExpense": 1865000000, "depreciationAndAmortization": 561000000, "ebitda": 8168000000, "ebitdaratio": 0.6124315813, "operatingIncome": 7607000000, "operatingIncomeRatio": 0.5703681488, "totalOtherIncomeExpensesNet": -1865000000, "incomeBeforeTax": 5742000000, "incomeBeforeTaxRatio": 0.4305316038, "incomeTaxExpense": 1350000000, "netIncome": 4374000000, "netIncomeRatio": 0.3279598111, "eps": 15.47, "epsdiluted": 15.42, "weightedAverageShsOut": 277000000, "weightedAverageShsOutDil": 278000000, "link": "https://www.sec.gov/Archives/edgar/data/1393612/000139361223000007/0001393612-23-000007-index.htm", "finalLink": "https://www.sec.gov/Archives/edgar/data/1393612/000139361223000007/dfs-20221231.htm", "calculatedOtherExpenses": 2556000000, "calculatedOperatingExpenses": 5730000000, "calculatedNetInterest": 10999000000, "calculatedOtherIncome": -12864000000, "calculatedIncomeNonControlling": 18000000, "calculatedEbitda": 8168000000}, {"date": "2021-12-31", "symbol": "DFS", "reportedCurrency": "USD", "cik": "0001393612", "fillingDate": "2022-02-24", "acceptedDate": "2022-02-24 16:14:48", "calendarYear": "2021", "period": "FY", "revenue": 12087000000, "costOfRevenue": 0, "grossProfit": 12087000000, "grossProfitRatio": 1, "researchAndDevelopmentExpenses": 0, "generalAndAdministrativeExpenses": 1986000000, "sellingAndMarketingExpenses": 810000000, "sellingGeneralAndAdministrativeExpenses": 2796000000, "otherExpenses": -7819000000, "operatingExpenses": -5023000000, "costAndExpenses": -5023000000, "interestIncome": 10651000000, "interestExpense": 1134000000, "depreciationAndAmortization": 531000000, "ebitda": 7595000000, "ebitdaratio": 0.6283610491, "operatingIncome": 7064000000, "operatingIncomeRatio": 0.5844295524, "totalOtherIncomeExpensesNet": 7064000000, "incomeBeforeTax": 7064000000, "incomeBeforeTaxRatio": 0.5844295524, "incomeTaxExpense": 1615000000, "netIncome": 5422000000, "netIncomeRatio": 0.4485811202, "eps": 17.84, "epsdiluted": 17.84, "weightedAverageShsOut": 300000000, "weightedAverageShsOutDil": 300000000, "link": "https://www.sec.gov/Archives/edgar/data/1393612/000139361222000007/0001393612-22-000007-index.htm", "finalLink": "https://www.sec.gov/Archives/edgar/data/1393612/000139361222000007/dfs-20211231.htm", "calculatedOtherExpenses": 2227000000, "calculatedOperatingExpenses": 5023000000, "calculatedNetInterest": 9517000000, "calculatedOtherIncome": -9517000000, "calculatedIncomeNonControlling": 27000000, "calculatedEbitda": 7595000000}, {"date": "2020-12-31", "symbol": "DFS", "reportedCurrency": "USD", "cik": "0001393612", "fillingDate": "2021-02-17", "acceptedDate": "2021-02-17 16:08:24", "calendarYear": "2020", "period": "FY", "revenue": 11088000000, "costOfRevenue": 0, "grossProfit": 11088000000, "grossProfitRatio": 1, "researchAndDevelopmentExpenses": 0, "generalAndAdministrativeExpenses": 1894000000, "sellingAndMarketingExpenses": 659000000, "sellingGeneralAndAdministrativeExpenses": 2553000000, "otherExpenses": -596000000, "operatingExpenses": 1957000000, "costAndExpenses": 1957000000, "interestIncome": 11095000000, "interestExpense": 1865000000, "depreciationAndAmortization": 485000000, "ebitda": 1920000000, "ebitdaratio": 0.1731601732, "operatingIncome": 1435000000, "operatingIncomeRatio": 0.1294191919, "totalOtherIncomeExpensesNet": 1435000000, "incomeBeforeTax": 1435000000, "incomeBeforeTaxRatio": 0.1294191919, "incomeTaxExpense": 294000000, "netIncome": 1141000000, "netIncomeRatio": 0.1029040404, "eps": 3.6, "epsdiluted": 3.6, "weightedAverageShsOut": 307000000, "weightedAverageShsOutDil": 307000000, "link": "https://www.sec.gov/Archives/edgar/data/1393612/000139361221000014/0001393612-21-000014-index.htm", "finalLink": "https://www.sec.gov/Archives/edgar/data/1393612/000139361221000014/dfs-20201231.htm", "calculatedOtherExpenses": 7100000000, "calculatedOperatingExpenses": 9653000000, "calculatedNetInterest": 9230000000, "calculatedOtherIncome": -9230000000, "calculatedIncomeNonControlling": 0, "calculatedEbitda": 1920000000}, {"date": "2019-12-31", "symbol": "DFS", "reportedCurrency": "USD", "cik": "0001393612", "fillingDate": "2020-02-26", "acceptedDate": "2020-02-26 17:04:06", "calendarYear": "2019", "period": "FY", "revenue": 11459000000, "costOfRevenue": 0, "grossProfit": 11459000000, "grossProfitRatio": 1, "researchAndDevelopmentExpenses": 0, "generalAndAdministrativeExpenses": 1738000000, "sellingAndMarketingExpenses": 883000000, "sellingGeneralAndAdministrativeExpenses": 2621000000, "otherExpenses": -503000000, "operatingExpenses": 2118000000, "costAndExpenses": 2118000000, "interestIncome": 11993000000, "interestExpense": 2530000000, "depreciationAndAmortization": 436000000, "ebitda": 4271000000, "ebitdaratio": 0.3727201326, "operatingIncome": 3835000000, "operatingIncomeRatio": 0.3346714373, "totalOtherIncomeExpensesNet": 3835000000, "incomeBeforeTax": 3835000000, "incomeBeforeTaxRatio": 0.3346714373, "incomeTaxExpense": 878000000, "netIncome": 2957000000, "netIncomeRatio": 0.2580504407, "eps": 9.09, "epsdiluted": 9.09, "weightedAverageShsOut": 320000000, "weightedAverageShsOutDil": 320000000, "link": "https://www.sec.gov/Archives/edgar/data/1393612/000139361220000009/0001393612-20-000009-index.htm", "finalLink": "https://www.sec.gov/Archives/edgar/data/1393612/000139361220000009/dfs1231201910k.htm", "calculatedOtherExpenses": 5003000000, "calculatedOperatingExpenses": 7624000000, "calculatedNetInterest": 9463000000, "calculatedOtherIncome": -9463000000, "calculatedIncomeNonControlling": 0, "calculatedEbitda": 4271000000}, {"date": "2018-12-31", "symbol": "DFS", "reportedCurrency": "USD", "cik": "0001393612", "fillingDate": "2019-02-20", "acceptedDate": "2019-02-20 16:56:07", "calendarYear": "2018", "period": "FY", "revenue": 10709000000, "costOfRevenue": 0, "grossProfit": 10709000000, "grossProfitRatio": 1, "researchAndDevelopmentExpenses": 0, "generalAndAdministrativeExpenses": 1627000000, "sellingAndMarketingExpenses": 857000000, "sellingGeneralAndAdministrativeExpenses": 2484000000, "otherExpenses": -469000000, "operatingExpenses": 9251000000, "costAndExpenses": 9251000000, "interestIncome": 10893000000, "interestExpense": 2139000000, "depreciationAndAmortization": 435000000, "ebitda": 6171000000, "ebitdaratio": 0.5762442805, "operatingIncome": 5736000000, "operatingIncomeRatio": 0.5356242413, "totalOtherIncomeExpensesNet": -2139000000, "incomeBeforeTax": 3597000000, "incomeBeforeTaxRatio": 0.3358857036, "incomeTaxExpense": 855000000, "netIncome": 2742000000, "netIncomeRatio": 0.2560463162, "eps": 7.97, "epsdiluted": 7.95, "weightedAverageShsOut": 344000000, "weightedAverageShsOutDil": 345000000, "link": "https://www.sec.gov/Archives/edgar/data/1393612/000139361219000011/0001393612-19-000011-index.htm", "finalLink": "https://www.sec.gov/Archives/edgar/data/1393612/000139361219000011/dfs1231201810k.htm", "calculatedOtherExpenses": 2489000000, "calculatedOperatingExpenses": 4973000000, "calculatedNetInterest": 8754000000, "calculatedOtherIncome": -10893000000, "calculatedIncomeNonControlling": 0, "calculatedEbitda": 6171000000}, {"date": "2017-12-31", "symbol": "DFS", "reportedCurrency": "USD", "cik": "0001393612", "fillingDate": "2018-02-21", "acceptedDate": "2018-02-21 16:25:19", "calendarYear": "2017", "period": "FY", "revenue": 9897000000, "costOfRevenue": 0, "grossProfit": 9897000000, "grossProfitRatio": 1, "researchAndDevelopmentExpenses": 0, "generalAndAdministrativeExpenses": 1512000000, "sellingAndMarketingExpenses": 776000000, "sellingGeneralAndAdministrativeExpenses": 2288000000, "otherExpenses": -424000000, "operatingExpenses": 8008000000, "costAndExpenses": 8008000000, "interestIncome": 9648000000, "interestExpense": 1648000000, "depreciationAndAmortization": 393000000, "ebitda": 5578000000, "ebitdaratio": 0.5636051329, "operatingIncome": 5185000000, "operatingIncomeRatio": 0.5238961301, "totalOtherIncomeExpensesNet": -1648000000, "incomeBeforeTax": 3537000000, "incomeBeforeTaxRatio": 0.3573810246, "incomeTaxExpense": 1438000000, "netIncome": 2099000000, "netIncomeRatio": 0.21208447, "eps": 5.43, "epsdiluted": 5.42, "weightedAverageShsOut": 374000000, "weightedAverageShsOutDil": 374000000, "link": "https://www.sec.gov/Archives/edgar/data/1393612/000139361218000012/0001393612-18-000012-index.htm", "finalLink": "https://www.sec.gov/Archives/edgar/data/1393612/000139361218000012/dfs1231201710k.htm", "calculatedOtherExpenses": 2424000000, "calculatedOperatingExpenses": 4712000000, "calculatedNetInterest": 8000000000, "calculatedOtherIncome": -9648000000, "calculatedIncomeNonControlling": 0, "calculatedEbitda": 5578000000}, {"date": "2016-12-31", "symbol": "DFS", "reportedCurrency": "USD", "cik": "0001393612", "fillingDate": "2017-02-23", "acceptedDate": "2017-02-22 17:54:42", "calendarYear": "2016", "period": "FY", "revenue": 9099000000, "costOfRevenue": 0, "grossProfit": 9099000000, "grossProfitRatio": 1, "researchAndDevelopmentExpenses": 0, "generalAndAdministrativeExpenses": 1379000000, "sellingAndMarketingExpenses": 731000000, "sellingGeneralAndAdministrativeExpenses": 2110000000, "otherExpenses": -435000000, "operatingExpenses": 6841000000, "costAndExpenses": 6841000000, "interestIncome": 8616000000, "interestExpense": 1398000000, "depreciationAndAmortization": 351000000, "ebitda": 5405000000, "ebitdaratio": 0.594021321, "operatingIncome": 5054000000, "operatingIncomeRatio": 0.5554456534, "totalOtherIncomeExpensesNet": -1398000000, "incomeBeforeTax": 3656000000, "incomeBeforeTaxRatio": 0.4018023959, "incomeTaxExpense": 1263000000, "netIncome": 2393000000, "netIncomeRatio": 0.2629959336, "eps": 5.77, "epsdiluted": 5.77, "weightedAverageShsOut": 405000000, "weightedAverageShsOutDil": 406000000, "link": "https://www.sec.gov/Archives/edgar/data/1393612/000139361217000012/0001393612-17-000012-index.htm", "finalLink": "https://www.sec.gov/Archives/edgar/data/1393612/000139361217000012/dfs1231201610k.htm", "calculatedOtherExpenses": 1935000000, "calculatedOperatingExpenses": 4045000000, "calculatedNetInterest": 7218000000, "calculatedOtherIncome": -8616000000, "calculatedIncomeNonControlling": 0, "calculatedEbitda": 5405000000}, {"date": "2015-12-31", "symbol": "DFS", "reportedCurrency": "USD", "cik": "0001393612", "fillingDate": "2016-02-24", "acceptedDate": "2016-02-24 16:49:41", "calendarYear": "2015", "period": "FY", "revenue": 8739000000, "costOfRevenue": 0, "grossProfit": 8739000000, "grossProfitRatio": 1, "researchAndDevelopmentExpenses": 0, "generalAndAdministrativeExpenses": 1327000000, "sellingAndMarketingExpenses": 745000000, "sellingGeneralAndAdministrativeExpenses": 2072000000, "otherExpenses": -489000000, "operatingExpenses": 6390000000, "costAndExpenses": 6390000000, "interestIncome": 7945000000, "interestExpense": 1263000000, "depreciationAndAmortization": 391000000, "ebitda": 5266000000, "ebitdaratio": 0.6025861083, "operatingIncome": 4875000000, "operatingIncomeRatio": 0.5578441469, "totalOtherIncomeExpensesNet": -1263000000, "incomeBeforeTax": 3612000000, "incomeBeforeTaxRatio": 0.4133196018, "incomeTaxExpense": 1315000000, "netIncome": 2297000000, "netIncomeRatio": 0.2628447191, "eps": 5.14, "epsdiluted": 5.13, "weightedAverageShsOut": 437000000, "weightedAverageShsOutDil": 438000000, "link": "https://www.sec.gov/Archives/edgar/data/1393612/000139361216000059/0001393612-16-000059-index.htm", "finalLink": "https://www.sec.gov/Archives/edgar/data/1393612/000139361216000059/dfs1231201510k.htm", "calculatedOtherExpenses": 1792000000, "calculatedOperatingExpenses": 3864000000, "calculatedNetInterest": 6682000000, "calculatedOtherIncome": -7945000000, "calculatedIncomeNonControlling": 0, "calculatedEbitda": 5266000000}, {"date": "2014-12-31", "symbol": "DFS", "reportedCurrency": "USD", "cik": "0001393612", "fillingDate": "2015-02-25", "acceptedDate": "2015-02-25 16:51:51", "calendarYear": "2014", "period": "FY", "revenue": 8477000000, "costOfRevenue": 0, "grossProfit": 8477000000, "grossProfitRatio": 1, "researchAndDevelopmentExpenses": 0, "generalAndAdministrativeExpenses": 1242000000, "sellingAndMarketingExpenses": 735000000, "sellingGeneralAndAdministrativeExpenses": 1977000000, "otherExpenses": -475000000, "operatingExpenses": 5917000000, "costAndExpenses": 5917000000, "interestIncome": 7596000000, "interestExpense": 1134000000, "depreciationAndAmortization": 369000000, "ebitda": 5197000000, "ebitdaratio": 0.6130706618, "operatingIncome": 4828000000, "operatingIncomeRatio": 0.5695411112, "totalOtherIncomeExpensesNet": -1134000000, "incomeBeforeTax": 3694000000, "incomeBeforeTaxRatio": 0.4357673705, "incomeTaxExpense": 1371000000, "netIncome": 2323000000, "netIncomeRatio": 0.2740356258, "eps": 4.91, "epsdiluted": 4.9, "weightedAverageShsOut": 462000000, "weightedAverageShsOutDil": 463000000, "link": "https://www.sec.gov/Archives/edgar/data/1393612/000139361215000007/0001393612-15-000007-index.htm", "finalLink": "https://www.sec.gov/Archives/edgar/data/1393612/000139361215000007/dfs1231201410k.htm", "calculatedOtherExpenses": 1672000000, "calculatedOperatingExpenses": 3649000000, "calculatedNetInterest": 6462000000, "calculatedOtherIncome": -7596000000, "calculatedIncomeNonControlling": 0, "calculatedEbitda": 5197000000}, {"date": "2013-12-31", "symbol": "DFS", "reportedCurrency": "USD", "cik": "0001393612", "fillingDate": "2014-02-25", "acceptedDate": "2014-02-24 21:54:52", "calendarYear": "2013", "period": "FY", "revenue": 8224000000, "costOfRevenue": 0, "grossProfit": 8224000000, "grossProfitRatio": 1, "researchAndDevelopmentExpenses": 0, "generalAndAdministrativeExpenses": 1164000000, "sellingAndMarketingExpenses": 717000000, "sellingGeneralAndAdministrativeExpenses": 1881000000, "otherExpenses": -488000000, "operatingExpenses": 1393000000, "costAndExpenses": 1393000000, "interestIncome": 7064000000, "interestExpense": 1146000000, "depreciationAndAmortization": 334000000, "ebitda": 5424000000, "ebitdaratio": 0.6595330739, "operatingIncome": 5090000000, "operatingIncomeRatio": 0.6189202335, "totalOtherIncomeExpensesNet": -1146000000, "incomeBeforeTax": 3944000000, "incomeBeforeTaxRatio": 0.4795719844, "incomeTaxExpense": 1474000000, "netIncome": 2470000000, "netIncomeRatio": 0.3003404669, "eps": 4.97, "epsdiluted": 4.96, "weightedAverageShsOut": 485000000, "weightedAverageShsOutDil": 487000000, "link": "https://www.sec.gov/Archives/edgar/data/1393612/000139361214000012/0001393612-14-000012-index.htm", "finalLink": "https://www.sec.gov/Archives/edgar/data/1393612/000139361214000012/dfs1231201310k.htm", "calculatedOtherExpenses": 1253000000, "calculatedOperatingExpenses": 3134000000, "calculatedNetInterest": 5918000000, "calculatedOtherIncome": -7064000000, "calculatedIncomeNonControlling": 0, "calculatedEbitda": 5424000000}, {"date": "2012-12-31", "symbol": "DFS", "reportedCurrency": "USD", "cik": "0001393612", "fillingDate": "2013-01-25", "acceptedDate": "2013-01-24 17:38:48", "calendarYear": "2012", "period": "FY", "revenue": 7690000000, "costOfRevenue": 37000000, "grossProfit": 7653000000, "grossProfitRatio": 0.9951885566, "researchAndDevelopmentExpenses": 0, "generalAndAdministrativeExpenses": 1054000000, "sellingAndMarketingExpenses": 610000000, "sellingGeneralAndAdministrativeExpenses": 1664000000, "otherExpenses": -606000000, "operatingExpenses": 5231000000, "costAndExpenses": 5231000000, "interestIncome": 6735000000, "interestExpense": 1314000000, "depreciationAndAmortization": 267000000, "ebitda": 5351000000, "ebitdaratio": 0.6958387516, "operatingIncome": 5084000000, "operatingIncomeRatio": 0.6611183355, "totalOtherIncomeExpensesNet": -1331000000, "incomeBeforeTax": 3764000000, "incomeBeforeTaxRatio": 0.4894668401, "incomeTaxExpense": 1413000000, "netIncome": 2351000000, "netIncomeRatio": 0.3057217165, "eps": 4.51, "epsdiluted": 4.5, "weightedAverageShsOut": 516000000, "weightedAverageShsOutDil": 517000000, "link": "https://www.sec.gov/Archives/edgar/data/1393612/000139361213000004/0001393612-13-000004-index.htm", "finalLink": "https://www.sec.gov/Archives/edgar/data/1393612/000139361213000004/dfs1130201210k.htm", "calculatedOtherExpenses": 905000000, "calculatedOperatingExpenses": 2569000000, "calculatedNetInterest": 5421000000, "calculatedOtherIncome": -6741000000, "calculatedIncomeNonControlling": 0, "calculatedEbitda": 5351000000}, {"date": "2011-11-30", "symbol": "DFS", "reportedCurrency": "USD", "cik": "0001393612", "fillingDate": "2012-01-26", "acceptedDate": "2012-01-26 17:19:14", "calendarYear": "2011", "period": "FY", "revenue": 7065000000, "costOfRevenue": -761000, "grossProfit": 7065761000, "grossProfitRatio": 1.0001077141, "researchAndDevelopmentExpenses": 0, "generalAndAdministrativeExpenses": 914000000, "sellingAndMarketingExpenses": 537000000, "sellingGeneralAndAdministrativeExpenses": 1451000000, "otherExpenses": 3587170000, "operatingExpenses": 5039000000, "costAndExpenses": 5039000000, "interestIncome": 6345000000, "interestExpense": 1485000000, "depreciationAndAmortization": 20073000, "ebitda": 5015869000, "ebitdaratio": 0.7099602265, "operatingIncome": 4995796000, "operatingIncomeRatio": 0.7071190375, "totalOtherIncomeExpensesNet": -1484552000, "incomeBeforeTax": 3511000000, "incomeBeforeTaxRatio": 0.4969568294, "incomeTaxExpense": 1284000000, "netIncome": 2227000000, "netIncomeRatio": 0.3152158528, "eps": 4.06, "epsdiluted": 4.06, "weightedAverageShsOut": 542000000, "weightedAverageShsOutDil": 543000000, "link": "https://www.sec.gov/Archives/edgar/data/1393612/000139361212000008/0001393612-12-000008-index.htm", "finalLink": "https://www.sec.gov/Archives/edgar/data/1393612/000139361212000008/dfs1130201110k.htm", "calculatedOtherExpenses": 618965000, "calculatedOperatingExpenses": 2069965000, "calculatedNetInterest": 4860000000, "calculatedOtherIncome": -6344796000, "calculatedIncomeNonControlling": 0, "calculatedEbitda": 5015869000}, {"date": "2010-11-30", "symbol": "DFS", "reportedCurrency": "USD", "cik": "0001393612", "fillingDate": "2011-01-26", "acceptedDate": "2011-01-26 17:12:28", "calendarYear": "2010", "period": "FY", "revenue": 6658229000, "costOfRevenue": 0, "grossProfit": 6658229000, "grossProfitRatio": 1, "researchAndDevelopmentExpenses": 0, "generalAndAdministrativeExpenses": 1060760000, "sellingAndMarketingExpenses": 463086000, "sellingGeneralAndAdministrativeExpenses": 1523846000, "otherExpenses": 5448154000, "operatingExpenses": 6972000000, "costAndExpenses": 6972000000, "interestIncome": 6146218000, "interestExpense": 1582988000, "depreciationAndAmortization": 172005000, "ebitda": 3023852000, "ebitdaratio": 0.4541525982, "operatingIncome": 2851847000, "operatingIncomeRatio": 0.4283191521, "totalOtherIncomeExpensesNet": -1582988000, "incomeBeforeTax": 1268859000, "incomeBeforeTaxRatio": 0.190570045, "incomeTaxExpense": 504071000, "netIncome": 764788000, "netIncomeRatio": 0.1148635771, "eps": 1.23, "epsdiluted": 1.22, "weightedAverageShsOut": 544000000, "weightedAverageShsOutDil": 549000000, "link": "https://www.sec.gov/Archives/edgar/data/1393612/000119312511014919/0001193125-11-014919-index.htm", "finalLink": "https://www.sec.gov/Archives/edgar/data/1393612/000119312511014919/d10k.htm", "calculatedOtherExpenses": 2282536000, "calculatedOperatingExpenses": 3806382000, "calculatedNetInterest": 4563230000, "calculatedOtherIncome": -6146218000, "calculatedIncomeNonControlling": 0, "calculatedEbitda": 3023852000}, {"date": "2009-11-30", "symbol": "DFS", "reportedCurrency": "USD", "cik": "0001393612", "fillingDate": "2010-01-28", "acceptedDate": "2010-01-27 20:21:05", "calendarYear": "2009", "period": "FY", "revenue": 6861338000, "costOfRevenue": 126947000, "grossProfit": 6734391000, "grossProfitRatio": 0.9814982151, "researchAndDevelopmentExpenses": 0, "generalAndAdministrativeExpenses": 827683000, "sellingAndMarketingExpenses": 406020000, "sellingGeneralAndAdministrativeExpenses": 1233703000, "otherExpenses": 4342088000, "operatingExpenses": 5865000000, "costAndExpenses": 5865000000, "interestIncome": 6461072000, "interestExpense": 1648420000, "depreciationAndAmortization": 203492000, "ebitda": 3575674000, "ebitdaratio": 0.5211336331, "operatingIncome": 3372182000, "operatingIncomeRatio": 0.4914758608, "totalOtherIncomeExpensesNet": -1251284000, "incomeBeforeTax": 2120898000, "incomeBeforeTaxRatio": 0.309108515, "incomeTaxExpense": 844713000, "netIncome": 1276185000, "netIncomeRatio": 0.1859965214, "eps": 2.39, "epsdiluted": 2.38, "weightedAverageShsOut": 504550000, "weightedAverageShsOutDil": 507907000, "link": "https://www.sec.gov/Archives/edgar/data/1393612/000119312510014549/0001193125-10-014549-index.htm", "finalLink": "https://www.sec.gov/Archives/edgar/data/1393612/000119312510014549/d10k.htm", "calculatedOtherExpenses": 2128506000, "calculatedOperatingExpenses": 3362209000, "calculatedNetInterest": 4812652000, "calculatedOtherIncome": -6063936000, "calculatedIncomeNonControlling": 0, "calculatedEbitda": 3575674000}, {"date": "2008-11-30", "symbol": "DFS", "reportedCurrency": "USD", "cik": "0001393612", "fillingDate": "2009-01-28", "acceptedDate": "2009-01-28 17:12:00", "calendarYear": "2008", "period": "FY", "revenue": 6300434000, "costOfRevenue": 1495051000, "grossProfit": 4805383000, "grossProfitRatio": 0.7627066643, "researchAndDevelopmentExpenses": 0, "generalAndAdministrativeExpenses": 845392000, "sellingAndMarketingExpenses": 530901000, "sellingGeneralAndAdministrativeExpenses": 1376293000, "otherExpenses": 3922707000, "operatingExpenses": 5299000000, "costAndExpenses": 5299000000, "interestIncome": 6545829000, "interestExpense": 2356919000, "depreciationAndAmortization": 231398000, "ebitda": 2957670000, "ebitdaratio": 0.4694390894, "operatingIncome": 2810446000, "operatingIncomeRatio": 0.4460718103, "totalOtherIncomeExpensesNet": -1152841000, "incomeBeforeTax": 1657605000, "incomeBeforeTaxRatio": 0.2630937805, "incomeTaxExpense": 594692000, "netIncome": 927750000, "netIncomeRatio": 0.1472517608, "eps": 1.9, "epsdiluted": 1.9, "weightedAverageShsOut": 479335000, "weightedAverageShsOutDil": 479357000, "link": "https://www.sec.gov/Archives/edgar/data/1393612/000119312509013205/0001193125-09-013205-index.htm", "finalLink": "https://www.sec.gov/Archives/edgar/data/1393612/000119312509013205/d10k.htm", "calculatedOtherExpenses": 618644000, "calculatedOperatingExpenses": 1994937000, "calculatedNetInterest": 4188910000, "calculatedOtherIncome": -5341751000, "calculatedIncomeNonControlling": 135163000, "calculatedEbitda": 3041844000}, {"date": "2007-11-30", "symbol": "DFS", "reportedCurrency": "USD", "cik": "0001393612", "fillingDate": "2008-02-27", "acceptedDate": "2008-02-27 09:11:34", "calendarYear": "2007", "period": "FY", "revenue": 6294486000, "costOfRevenue": 1242613000, "grossProfit": 5051873000, "grossProfitRatio": 0.8025870579, "researchAndDevelopmentExpenses": 0, "generalAndAdministrativeExpenses": 922089000, "sellingAndMarketingExpenses": 610205000, "sellingGeneralAndAdministrativeExpenses": 1532294000, "otherExpenses": 2902706000, "operatingExpenses": 4435000000, "costAndExpenses": 4435000000, "interestIncome": 6860519000, "interestExpense": 2975788000, "depreciationAndAmortization": 257131000, "ebitda": 2562258000, "ebitdaratio": 0.4070638969, "operatingIncome": 2327611000, "operatingIncomeRatio": 0.369785714, "totalOtherIncomeExpensesNet": -1382415000, "incomeBeforeTax": 945196000, "incomeBeforeTaxRatio": 0.1501625391, "incomeTaxExpense": 356566000, "netIncome": 588630000, "netIncomeRatio": 0.0935151814, "eps": 1.23, "epsdiluted": 1.23, "weightedAverageShsOut": 477236000, "weightedAverageShsOutDil": 478879000, "link": "https://www.sec.gov/Archives/edgar/data/1393612/000119312508039547/0001193125-08-039547-index.htm", "finalLink": "https://www.sec.gov/Archives/edgar/data/1393612/000119312508039547/d10k.htm", "calculatedOtherExpenses": 1191968000, "calculatedOperatingExpenses": 2724262000, "calculatedNetInterest": 3884731000, "calculatedOtherIncome": -5267146000, "calculatedIncomeNonControlling": 0, "calculatedEbitda": 2584742000}, {"date": "2006-11-30", "symbol": "DFS", "reportedCurrency": "USD", "cik": "0001393612", "fillingDate": "2006-11-30", "acceptedDate": "2006-11-30 00:00:00", "calendarYear": "2006", "period": "FY", "revenue": 6222809000, "costOfRevenue": 0, "grossProfit": 6222809000, "grossProfitRatio": 1, "researchAndDevelopmentExpenses": 0, "generalAndAdministrativeExpenses": 933196000, "sellingAndMarketingExpenses": 603556000, "sellingGeneralAndAdministrativeExpenses": 1536752000, "otherExpenses": -3839667000, "operatingExpenses": -2302915000, "costAndExpenses": -2302915000, "interestIncome": 6167485000, "interestExpense": 2337589000, "depreciationAndAmortization": 222798000, "ebitda": 4142692000, "ebitdaratio": 0.6657270053, "operatingIncome": 3919894000, "operatingIncomeRatio": 0.6299235602, "totalOtherIncomeExpensesNet": -2337589000, "incomeBeforeTax": 1582305000, "incomeBeforeTaxRatio": 0.2542750388, "incomeTaxExpense": 505689000, "netIncome": 1076616000, "netIncomeRatio": 0.1730112558, "eps": 2.26, "epsdiluted": 2.26, "weightedAverageShsOut": 477236000, "weightedAverageShsOutDil": 477236000, "link": null, "finalLink": null, "calculatedOtherExpenses": 766163000, "calculatedOperatingExpenses": 2302915000, "calculatedNetInterest": 3829896000, "calculatedOtherIncome": -6167485000, "calculatedIncomeNonControlling": 0, "calculatedEbitda": 4142692000}, {"date": "2005-11-30", "symbol": "DFS", "reportedCurrency": "USD", "cik": "0001393612", "fillingDate": "2005-11-30", "acceptedDate": "2005-11-30 00:00:00", "calendarYear": "2005", "period": "FY", "revenue": 5866585000, "costOfRevenue": 0, "grossProfit": 5866585000, "grossProfitRatio": 1, "researchAndDevelopmentExpenses": 0, "generalAndAdministrativeExpenses": 869635000, "sellingAndMarketingExpenses": 586801000, "sellingGeneralAndAdministrativeExpenses": 1456436000, "otherExpenses": -4597668000, "operatingExpenses": -3141232000, "costAndExpenses": -3141232000, "interestIncome": 5704397000, "interestExpense": 1801097000, "depreciationAndAmortization": 214311000, "ebitda": 2939664000, "ebitdaratio": 0.5010860663, "operatingIncome": 2725353000, "operatingIncomeRatio": 0.4645552736, "totalOtherIncomeExpensesNet": -1801097000, "incomeBeforeTax": 924256000, "incomeBeforeTaxRatio": 0.1575458295, "incomeTaxExpense": 346341000, "netIncome": 577915000, "netIncomeRatio": 0.0985096099, "eps": 1.21, "epsdiluted": 1.21, "weightedAverageShsOut": 477235927, "weightedAverageShsOutDil": 477235927, "link": null, "finalLink": null, "calculatedOtherExpenses": 1684796000, "calculatedOperatingExpenses": 3141232000, "calculatedNetInterest": 3903300000, "calculatedOtherIncome": -5704397000, "calculatedIncomeNonControlling": 0, "calculatedEbitda": 2939664000}, {"date": "2004-11-30", "symbol": "DFS", "reportedCurrency": "USD", "cik": "0001393612", "fillingDate": "2004-11-30", "acceptedDate": "2004-11-30 00:00:00", "calendarYear": "2004", "period": "FY", "revenue": 6351498000, "costOfRevenue": 0, "grossProfit": 6351498000, "grossProfitRatio": 1, "researchAndDevelopmentExpenses": 0, "generalAndAdministrativeExpenses": 758912000, "sellingAndMarketingExpenses": 575032000, "sellingGeneralAndAdministrativeExpenses": 1333944000, "otherExpenses": -5127369000, "operatingExpenses": -3793425000, "costAndExpenses": -3793425000, "interestIncome": 5701095000, "interestExpense": 1339166000, "depreciationAndAmortization": 193130000, "ebitda": 2751203000, "ebitdaratio": 0.4331581306, "operatingIncome": 2558073000, "operatingIncomeRatio": 0.4027511305, "totalOtherIncomeExpensesNet": -1339166000, "incomeBeforeTax": 1218907000, "incomeBeforeTaxRatio": 0.191908586, "incomeTaxExpense": 442654000, "netIncome": 776253000, "netIncomeRatio": 0.1222157356, "eps": 1.63, "epsdiluted": 1.63, "weightedAverageShsOut": 476208602, "weightedAverageShsOutDil": 476208602, "link": null, "finalLink": null, "calculatedOtherExpenses": 2459481000, "calculatedOperatingExpenses": 3793425000, "calculatedNetInterest": 4361929000, "calculatedOtherIncome": -5701095000, "calculatedIncomeNonControlling": 0, "calculatedEbitda": 2751203000}, {"date": "2003-11-30", "symbol": "DFS", "reportedCurrency": "USD", "cik": "0001393612", "fillingDate": "2003-11-30", "acceptedDate": "2003-11-30 00:00:00", "calendarYear": "2003", "period": "FY", "revenue": 1259028000, "costOfRevenue": 0, "grossProfit": 1259028000, "grossProfitRatio": 1, "researchAndDevelopmentExpenses": 0, "generalAndAdministrativeExpenses": 0, "sellingAndMarketingExpenses": 0, "sellingGeneralAndAdministrativeExpenses": 0, "otherExpenses": 557547000, "operatingExpenses": 557547000, "costAndExpenses": 557547000, "interestIncome": 2048695000, "interestExpense": 789667000, "depreciationAndAmortization": 0, "ebitda": 1816575000, "ebitdaratio": 1.4428392379, "operatingIncome": 1816575000, "operatingIncomeRatio": 1.4428392379, "totalOtherIncomeExpensesNet": -789667000, "incomeBeforeTax": 1026908000, "incomeBeforeTaxRatio": 0.8156355538, "incomeTaxExpense": 378277000, "netIncome": 648631000, "netIncomeRatio": 0.5151839355, "eps": 1.36, "epsdiluted": 1.36, "weightedAverageShsOut": 477236000, "weightedAverageShsOutDil": 477236000, "link": null, "finalLink": null, "calculatedOtherExpenses": -557547000, "calculatedOperatingExpenses": -557547000, "calculatedNetInterest": 1259028000, "calculatedOtherIncome": -2048695000, "calculatedIncomeNonControlling": 0, "calculatedEbitda": 1816575000}]}