{"originalCurrency": "USD", "convertedCurrency": "USD", "report": [{"date": "2024-02-02", "symbol": "DG", "reportedCurrency": "USD", "cik": "0000029534", "fillingDate": "2024-03-25", "acceptedDate": "2024-03-25 06:45:45", "calendarYear": "2023", "period": "FY", "revenue": 38691609000, "costOfRevenue": 26972585000, "grossProfit": 11719024000, "grossProfitRatio": 0.3028828292, "researchAndDevelopmentExpenses": 0, "generalAndAdministrativeExpenses": 9135424000, "sellingAndMarketingExpenses": 130600000, "sellingGeneralAndAdministrativeExpenses": 9266024000, "otherExpenses": 0, "operatingExpenses": 9266024000, "costAndExpenses": 36238609000, "interestIncome": 0, "interestExpense": 326781000, "depreciationAndAmortization": 848793000, "ebitda": 3301793000, "ebitdaratio": 0.0853361513, "operatingIncome": 2453000000, "operatingIncomeRatio": 0.0633987591, "totalOtherIncomeExpensesNet": -333481000, "incomeBeforeTax": 2119518999, "incomeBeforeTaxRatio": 0.0547798102, "incomeTaxExpense": 458245000, "netIncome": 1661274000, "netIncomeRatio": 0.0429362863, "eps": 7.57, "epsdiluted": 7.55, "weightedAverageShsOut": 219415000, "weightedAverageShsOutDil": 219938000, "link": "https://www.sec.gov/Archives/edgar/data/29534/000155837024003813/0001558370-24-003813-index.htm", "finalLink": "https://www.sec.gov/Archives/edgar/data/29534/000155837024003813/dg-20240202x10k.htm", "calculatedOtherExpenses": 0, "calculatedOperatingExpenses": 9266024000, "calculatedNetInterest": -326781000, "calculatedOtherIncome": -6700001, "calculatedIncomeNonControlling": -1, "calculatedEbitda": 3301793000}, {"date": "2023-02-03", "symbol": "DG", "reportedCurrency": "USD", "cik": "0000029534", "fillingDate": "2023-03-24", "acceptedDate": "2023-03-24 16:42:42", "calendarYear": "2022", "period": "FY", "revenue": 37844863000, "costOfRevenue": 26024765000, "grossProfit": 11820098000, "grossProfitRatio": 0.3123303155, "researchAndDevelopmentExpenses": 0, "generalAndAdministrativeExpenses": 8365796000, "sellingAndMarketingExpenses": 126000000, "sellingGeneralAndAdministrativeExpenses": 8491796000, "otherExpenses": -415000, "operatingExpenses": 8491796000, "costAndExpenses": 34516561000, "interestIncome": 211273000, "interestExpense": 211273000, "depreciationAndAmortization": 724462000, "ebitda": 4052764000, "ebitdaratio": 0.1070888802, "operatingIncome": 3328302000, "operatingIncomeRatio": 0.0879459387, "totalOtherIncomeExpensesNet": -211688000, "incomeBeforeTax": 3116614000, "incomeBeforeTaxRatio": 0.0823523658, "incomeTaxExpense": 700625000, "netIncome": 2415989000, "netIncomeRatio": 0.0638392851, "eps": 10.73, "epsdiluted": 10.68, "weightedAverageShsOut": 225148000, "weightedAverageShsOutDil": 226297000, "link": "https://www.sec.gov/Archives/edgar/data/29534/000155837023004574/0001558370-23-004574-index.htm", "finalLink": "https://www.sec.gov/Archives/edgar/data/29534/000155837023004574/dg-20230203x10k.htm", "calculatedOtherExpenses": 0, "calculatedOperatingExpenses": 8491796000, "calculatedNetInterest": 0, "calculatedOtherIncome": -211688000, "calculatedIncomeNonControlling": 0, "calculatedEbitda": 4052764000}, {"date": "2022-01-28", "symbol": "DG", "reportedCurrency": "USD", "cik": "0000029534", "fillingDate": "2022-03-18", "acceptedDate": "2022-03-18 16:16:38", "calendarYear": "2021", "period": "FY", "revenue": 34220449000, "costOfRevenue": 23407443000, "grossProfit": 10813006000, "grossProfitRatio": 0.3159808336, "researchAndDevelopmentExpenses": 0, "generalAndAdministrativeExpenses": 7475131000, "sellingAndMarketingExpenses": 117200000, "sellingGeneralAndAdministrativeExpenses": 7592331000, "otherExpenses": 0, "operatingExpenses": 7592331000, "costAndExpenses": 30999774000, "interestIncome": 157526000, "interestExpense": 157526000, "depreciationAndAmortization": 641316000, "ebitda": 3861991000, "ebitdaratio": 0.112856234, "operatingIncome": 3220675000, "operatingIncomeRatio": 0.0941155097, "totalOtherIncomeExpensesNet": -157526000, "incomeBeforeTax": 3063149000, "incomeBeforeTaxRatio": 0.0895122387, "incomeTaxExpense": 663917000, "netIncome": 2399232000, "netIncomeRatio": 0.0701110614, "eps": 10.24, "epsdiluted": 10.17, "weightedAverageShsOut": 234261000, "weightedAverageShsOutDil": 235812000, "link": "https://www.sec.gov/Archives/edgar/data/29534/000155837022003921/0001558370-22-003921-index.htm", "finalLink": "https://www.sec.gov/Archives/edgar/data/29534/000155837022003921/dg-20220128x10k.htm", "calculatedOtherExpenses": 0, "calculatedOperatingExpenses": 7592331000, "calculatedNetInterest": 0, "calculatedOtherIncome": -157526000, "calculatedIncomeNonControlling": 0, "calculatedEbitda": 3861991000}, {"date": "2021-01-29", "symbol": "DG", "reportedCurrency": "USD", "cik": "0000029534", "fillingDate": "2021-03-19", "acceptedDate": "2021-03-19 08:19:58", "calendarYear": "2020", "period": "FY", "revenue": 33746839000, "costOfRevenue": 23027977000, "grossProfit": 10718862000, "grossProfitRatio": 0.3176256597, "researchAndDevelopmentExpenses": 0, "generalAndAdministrativeExpenses": 7056697000, "sellingAndMarketingExpenses": 107400000, "sellingGeneralAndAdministrativeExpenses": 7164097000, "otherExpenses": 0, "operatingExpenses": 7164097000, "costAndExpenses": 30192074000, "interestIncome": 150385000, "interestExpense": 150385000, "depreciationAndAmortization": 574237000, "ebitda": 4129002000, "ebitdaratio": 0.1223522594, "operatingIncome": 3554765000, "operatingIncomeRatio": 0.1053362361, "totalOtherIncomeExpensesNet": -150385000, "incomeBeforeTax": 3404380000, "incomeBeforeTaxRatio": 0.1008799669, "incomeTaxExpense": 749330000, "netIncome": 2655050000, "netIncomeRatio": 0.0786755168, "eps": 10.7, "epsdiluted": 10.62, "weightedAverageShsOut": 248171000, "weightedAverageShsOutDil": 250076000, "link": "https://www.sec.gov/Archives/edgar/data/29534/000155837021003245/0001558370-21-003245-index.htm", "finalLink": "https://www.sec.gov/Archives/edgar/data/29534/000155837021003245/dg-20210129x10k.htm", "calculatedOtherExpenses": 0, "calculatedOperatingExpenses": 7164097000, "calculatedNetInterest": 0, "calculatedOtherIncome": -150385000, "calculatedIncomeNonControlling": 0, "calculatedEbitda": 4129002000}, {"date": "2020-01-31", "symbol": "DG", "reportedCurrency": "USD", "cik": "0000029534", "fillingDate": "2020-03-19", "acceptedDate": "2020-03-19 06:47:17", "calendarYear": "2019", "period": "FY", "revenue": 27753973000, "costOfRevenue": 19264912000, "grossProfit": 8489061000, "grossProfitRatio": 0.3058683166, "researchAndDevelopmentExpenses": 0, "generalAndAdministrativeExpenses": 6095757000, "sellingAndMarketingExpenses": 91000000, "sellingGeneralAndAdministrativeExpenses": 6186757000, "otherExpenses": 0, "operatingExpenses": 6186757000, "costAndExpenses": 25451669000, "interestIncome": 100574000, "interestExpense": 100574000, "depreciationAndAmortization": 504804000, "ebitda": 2807108000, "ebitdaratio": 0.1011425643, "operatingIncome": 2302304000, "operatingIncomeRatio": 0.0829540333, "totalOtherIncomeExpensesNet": -100574000, "incomeBeforeTax": 2201730000, "incomeBeforeTaxRatio": 0.0793302638, "incomeTaxExpense": 489175000, "netIncome": 1712555000, "netIncomeRatio": 0.0617048593, "eps": 6.68, "epsdiluted": 6.64, "weightedAverageShsOut": 256553000, "weightedAverageShsOutDil": 258053000, "link": "https://www.sec.gov/Archives/edgar/data/29534/000155837020002915/0001558370-20-002915-index.htm", "finalLink": "https://www.sec.gov/Archives/edgar/data/29534/000155837020002915/dg-20200131x10ka41072.htm", "calculatedOtherExpenses": 0, "calculatedOperatingExpenses": 6186757000, "calculatedNetInterest": 0, "calculatedOtherIncome": -100574000, "calculatedIncomeNonControlling": 0, "calculatedEbitda": 2807108000}, {"date": "2019-02-01", "symbol": "DG", "reportedCurrency": "USD", "cik": "0000029534", "fillingDate": "2019-03-22", "acceptedDate": "2019-03-22 16:33:57", "calendarYear": "2018", "period": "FY", "revenue": 25625043000, "costOfRevenue": 17821173000, "grossProfit": 7803870000, "grossProfitRatio": 0.3045407573, "researchAndDevelopmentExpenses": 0, "generalAndAdministrativeExpenses": 5617064000, "sellingAndMarketingExpenses": 70500000, "sellingGeneralAndAdministrativeExpenses": 5687564000, "otherExpenses": -1019000, "operatingExpenses": 5687564000, "costAndExpenses": 23508737000, "interestIncome": 0, "interestExpense": 99871000, "depreciationAndAmortization": 454134000, "ebitda": 2569421000, "ebitdaratio": 0.1002699195, "operatingIncome": 2116306000, "operatingIncomeRatio": 0.0825874126, "totalOtherIncomeExpensesNet": -1019000, "incomeBeforeTax": 2015416000, "incomeBeforeTaxRatio": 0.0786502485, "incomeTaxExpense": 425944000, "netIncome": 1589472000, "netIncomeRatio": 0.0620280715, "eps": 5.99, "epsdiluted": 5.97, "weightedAverageShsOut": 265155002, "weightedAverageShsOutDil": 266105002, "link": "https://www.sec.gov/Archives/edgar/data/29534/000155837019002383/0001558370-19-002383-index.htm", "finalLink": "https://www.sec.gov/Archives/edgar/data/29534/000155837019002383/dg-20190201x10k.htm", "calculatedOtherExpenses": 0, "calculatedOperatingExpenses": 5687564000, "calculatedNetInterest": -99871000, "calculatedOtherIncome": -1019000, "calculatedIncomeNonControlling": 0, "calculatedEbitda": 2570440000}, {"date": "2018-02-02", "symbol": "DG", "reportedCurrency": "USD", "cik": "0000029534", "fillingDate": "2018-03-23", "acceptedDate": "2018-03-23 17:09:36", "calendarYear": "2017", "period": "FY", "revenue": 23470967000, "costOfRevenue": 16249608000, "grossProfit": 7221359000, "grossProfitRatio": 0.3076719847, "researchAndDevelopmentExpenses": 0, "generalAndAdministrativeExpenses": 5144741000, "sellingAndMarketingExpenses": 68800000, "sellingGeneralAndAdministrativeExpenses": 5213541000, "otherExpenses": -3502000, "operatingExpenses": 5213541000, "costAndExpenses": 21463149000, "interestIncome": 0, "interestExpense": 97036000, "depreciationAndAmortization": 404231000, "ebitda": 2408547000, "ebitdaratio": 0.102618141, "operatingIncome": 2007818000, "operatingIncomeRatio": 0.0855447498, "totalOtherIncomeExpensesNet": -3502000, "incomeBeforeTax": 1907280000, "incomeBeforeTaxRatio": 0.081261245, "incomeTaxExpense": 368320000, "netIncome": 1538960000, "netIncomeRatio": 0.0655686662, "eps": 5.64, "epsdiluted": 5.63, "weightedAverageShsOut": 272751002, "weightedAverageShsOutDil": 273362002, "link": "https://www.sec.gov/Archives/edgar/data/29534/000155837018002366/0001558370-18-002366-index.htm", "finalLink": "https://www.sec.gov/Archives/edgar/data/29534/000155837018002366/dg-20180202x10k.htm", "calculatedOtherExpenses": 0, "calculatedOperatingExpenses": 5213541000, "calculatedNetInterest": -97036000, "calculatedOtherIncome": -3502000, "calculatedIncomeNonControlling": 0, "calculatedEbitda": 2412049000}, {"date": "2017-02-03", "symbol": "DG", "reportedCurrency": "USD", "cik": "0000029534", "fillingDate": "2017-03-24", "acceptedDate": "2017-03-24 16:28:06", "calendarYear": "2016", "period": "FY", "revenue": 21986598000, "costOfRevenue": 15203960000, "grossProfit": 6782638000, "grossProfitRatio": 0.3084896536, "researchAndDevelopmentExpenses": 0, "generalAndAdministrativeExpenses": 4636489000, "sellingAndMarketingExpenses": 82700000, "sellingGeneralAndAdministrativeExpenses": 4719189000, "otherExpenses": 0, "operatingExpenses": 4719189000, "costAndExpenses": 19923149000, "interestIncome": 0, "interestExpense": 97821000, "depreciationAndAmortization": 379931000, "ebitda": 2443380000, "ebitdaratio": 0.1111304259, "operatingIncome": 2063449000, "operatingIncomeRatio": 0.0938503083, "totalOtherIncomeExpensesNet": -97821000, "incomeBeforeTax": 1965628000, "incomeBeforeTaxRatio": 0.0894011889, "incomeTaxExpense": 714495000, "netIncome": 1251133000, "netIncomeRatio": 0.0569043469, "eps": 4.45, "epsdiluted": 4.43, "weightedAverageShsOut": 281317002, "weightedAverageShsOutDil": 282261002, "link": "https://www.sec.gov/Archives/edgar/data/29534/000155837017002116/0001558370-17-002116-index.htm", "finalLink": "https://www.sec.gov/Archives/edgar/data/29534/000155837017002116/dg-20170203x10k.htm", "calculatedOtherExpenses": 0, "calculatedOperatingExpenses": 4719189000, "calculatedNetInterest": -97821000, "calculatedOtherIncome": 0, "calculatedIncomeNonControlling": 0, "calculatedEbitda": 2443380000}, {"date": "2016-01-29", "symbol": "DG", "reportedCurrency": "USD", "cik": "0000029534", "fillingDate": "2016-03-22", "acceptedDate": "2016-03-22 08:40:41", "calendarYear": "2015", "period": "FY", "revenue": 20368562000, "costOfRevenue": 14062471000, "grossProfit": 6306091000, "grossProfitRatio": 0.3095992245, "researchAndDevelopmentExpenses": 0, "generalAndAdministrativeExpenses": 4276497000, "sellingAndMarketingExpenses": 89300000, "sellingGeneralAndAdministrativeExpenses": 4365797000, "otherExpenses": -326000, "operatingExpenses": 4365797000, "costAndExpenses": 18428268000, "interestIncome": 0, "interestExpense": 86944000, "depreciationAndAmortization": 352431000, "ebitda": 2292399000, "ebitdaratio": 0.1125459421, "operatingIncome": 1940294000, "operatingIncomeRatio": 0.095259253, "totalOtherIncomeExpensesNet": -326000, "incomeBeforeTax": 1853024000, "incomeBeforeTaxRatio": 0.090974709, "incomeTaxExpense": 687944000, "netIncome": 1165080000, "netIncomeRatio": 0.0571999143, "eps": 3.96, "epsdiluted": 3.95, "weightedAverageShsOut": 294330002, "weightedAverageShsOutDil": 295211002, "link": "https://www.sec.gov/Archives/edgar/data/29534/000104746916011420/0001047469-16-011420-index.htm", "finalLink": "https://www.sec.gov/Archives/edgar/data/29534/000104746916011420/a2227409z10-k.htm", "calculatedOtherExpenses": 0, "calculatedOperatingExpenses": 4365797000, "calculatedNetInterest": -86944000, "calculatedOtherIncome": -326000, "calculatedIncomeNonControlling": 0, "calculatedEbitda": 2292725000}, {"date": "2015-01-30", "symbol": "DG", "reportedCurrency": "USD", "cik": "0000029534", "fillingDate": "2015-03-20", "acceptedDate": "2015-03-20 16:31:21", "calendarYear": "2014", "period": "FY", "revenue": 18909588000, "costOfRevenue": 13107081000, "grossProfit": 5802507000, "grossProfitRatio": 0.3068552842, "researchAndDevelopmentExpenses": 0, "generalAndAdministrativeExpenses": 3956114000, "sellingAndMarketingExpenses": 77300000, "sellingGeneralAndAdministrativeExpenses": 4033414000, "otherExpenses": 0, "operatingExpenses": 4033414000, "costAndExpenses": 17140495000, "interestIncome": 0, "interestExpense": 88232000, "depreciationAndAmortization": 342353000, "ebitda": 2111446000, "ebitdaratio": 0.1116600742, "operatingIncome": 1769093000, "operatingIncomeRatio": 0.0935553435, "totalOtherIncomeExpensesNet": -88232000, "incomeBeforeTax": 1680861000, "incomeBeforeTaxRatio": 0.0888893507, "incomeTaxExpense": 615516000, "netIncome": 1065345000, "netIncomeRatio": 0.0563388795, "eps": 3.5, "epsdiluted": 3.49, "weightedAverageShsOut": 304633002, "weightedAverageShsOutDil": 305681002, "link": "https://www.sec.gov/Archives/edgar/data/29534/000104746915002540/0001047469-15-002540-index.htm", "finalLink": "https://www.sec.gov/Archives/edgar/data/29534/000104746915002540/a2223543z10-k.htm", "calculatedOtherExpenses": 0, "calculatedOperatingExpenses": 4033414000, "calculatedNetInterest": -88232000, "calculatedOtherIncome": 0, "calculatedIncomeNonControlling": 0, "calculatedEbitda": 2111446000}, {"date": "2014-01-31", "symbol": "DG", "reportedCurrency": "USD", "cik": "0000029534", "fillingDate": "2014-03-20", "acceptedDate": "2014-03-20 16:29:57", "calendarYear": "2013", "period": "FY", "revenue": 17504167000, "costOfRevenue": 12068425000, "grossProfit": 5435742000, "grossProfitRatio": 0.3105398846, "researchAndDevelopmentExpenses": 0, "generalAndAdministrativeExpenses": 3617545000, "sellingAndMarketingExpenses": 82012000, "sellingGeneralAndAdministrativeExpenses": 3699557000, "otherExpenses": -18871000, "operatingExpenses": 3699557000, "costAndExpenses": 15767982000, "interestIncome": 0, "interestExpense": 88984000, "depreciationAndAmortization": 332837000, "ebitda": 2050151000, "ebitdaratio": 0.1171235969, "operatingIncome": 1736185000, "operatingIncomeRatio": 0.0991869536, "totalOtherIncomeExpensesNet": -18871000, "incomeBeforeTax": 1628330000, "incomeBeforeTaxRatio": 0.0930252779, "incomeTaxExpense": 603214000, "netIncome": 1025116000, "netIncomeRatio": 0.0585641122, "eps": 3.17, "epsdiluted": 3.17, "weightedAverageShsOut": 322886002, "weightedAverageShsOutDil": 323854002, "link": "https://www.sec.gov/Archives/edgar/data/29534/000104746914002721/0001047469-14-002721-index.htm", "finalLink": "https://www.sec.gov/Archives/edgar/data/29534/000104746914002721/a2218572z10-k.htm", "calculatedOtherExpenses": 0, "calculatedOperatingExpenses": 3699557000, "calculatedNetInterest": -88984000, "calculatedOtherIncome": -18871000, "calculatedIncomeNonControlling": 0, "calculatedEbitda": 2069022000}, {"date": "2013-02-01", "symbol": "DG", "reportedCurrency": "USD", "cik": "0000029534", "fillingDate": "2013-03-25", "acceptedDate": "2013-03-25 08:18:17", "calendarYear": "2012", "period": "FY", "revenue": 16022128000, "costOfRevenue": 10936727000, "grossProfit": 5085401000, "grossProfitRatio": 0.3173986002, "researchAndDevelopmentExpenses": 0, "generalAndAdministrativeExpenses": 3368425000, "sellingAndMarketingExpenses": 61700000, "sellingGeneralAndAdministrativeExpenses": 3430125000, "otherExpenses": -29956000, "operatingExpenses": 3430125000, "costAndExpenses": 14366852000, "interestIncome": 0, "interestExpense": 127926000, "depreciationAndAmortization": 302911000, "ebitda": 1928231000, "ebitdaratio": 0.1203479962, "operatingIncome": 1655276000, "operatingIncomeRatio": 0.1033118697, "totalOtherIncomeExpensesNet": -29956000, "incomeBeforeTax": 1497394000, "incomeBeforeTaxRatio": 0.0934578728, "incomeTaxExpense": 544732000, "netIncome": 952662000, "netIncomeRatio": 0.059459143, "eps": 2.87, "epsdiluted": 2.85, "weightedAverageShsOut": 332254002, "weightedAverageShsOutDil": 334469002, "link": "https://www.sec.gov/Archives/edgar/data/29534/000104746913003283/0001047469-13-003283-index.htm", "finalLink": "https://www.sec.gov/Archives/edgar/data/29534/000104746913003283/a2213303z10-k.htm", "calculatedOtherExpenses": 0, "calculatedOperatingExpenses": 3430125000, "calculatedNetInterest": -127926000, "calculatedOtherIncome": -29956000, "calculatedIncomeNonControlling": 0, "calculatedEbitda": 1958187000}, {"date": "2012-02-03", "symbol": "DG", "reportedCurrency": "USD", "cik": "0000029534", "fillingDate": "2012-03-22", "acceptedDate": "2012-03-22 09:58:39", "calendarYear": "2011", "period": "FY", "revenue": 14807188000, "costOfRevenue": 10109278000, "grossProfit": 4697910000, "grossProfitRatio": 0.3172722599, "researchAndDevelopmentExpenses": 0, "generalAndAdministrativeExpenses": 0, "sellingAndMarketingExpenses": 0, "sellingGeneralAndAdministrativeExpenses": 3207106000, "otherExpenses": 0, "operatingExpenses": 3207106000, "costAndExpenses": 13316384000, "interestIncome": 91000, "interestExpense": 204991000, "depreciationAndAmortization": 275408000, "ebitda": 1766303000, "ebitdaratio": 0.1192868626, "operatingIncome": 1490804000, "operatingIncomeRatio": 0.1006811016, "totalOtherIncomeExpensesNet": -60615000, "incomeBeforeTax": 1225289000, "incomeBeforeTaxRatio": 0.0827496078, "incomeTaxExpense": 458604000, "netIncome": 766685000, "netIncomeRatio": 0.0517778933, "eps": 2.25, "epsdiluted": 2.22, "weightedAverageShsOut": 341234002, "weightedAverageShsOutDil": 345117002, "link": "https://www.sec.gov/Archives/edgar/data/29534/000104746912003084/0001047469-12-003084-index.htm", "finalLink": "https://www.sec.gov/Archives/edgar/data/29534/000104746912003084/a2207856z10-k.htm", "calculatedOtherExpenses": 0, "calculatedOperatingExpenses": 3207106000, "calculatedNetInterest": -204900000, "calculatedOtherIncome": -60615000, "calculatedIncomeNonControlling": 0, "calculatedEbitda": 1766212000}, {"date": "2011-01-28", "symbol": "DG", "reportedCurrency": "USD", "cik": "0000029534", "fillingDate": "2011-03-22", "acceptedDate": "2011-03-22 09:13:34", "calendarYear": "2010", "period": "FY", "revenue": 13035000000, "costOfRevenue": 8858444000, "grossProfit": 4176556000, "grossProfitRatio": 0.3204108937, "researchAndDevelopmentExpenses": 0, "generalAndAdministrativeExpenses": 2835397000, "sellingAndMarketingExpenses": 67094000, "sellingGeneralAndAdministrativeExpenses": 2902491000, "otherExpenses": 0, "operatingExpenses": 2902491000, "costAndExpenses": 11760935000, "interestIncome": 220000, "interestExpense": 274212000, "depreciationAndAmortization": 254927000, "ebitda": 1529212000, "ebitdaratio": 0.117315842, "operatingIncome": 1274065000, "operatingIncomeRatio": 0.0977418489, "totalOtherIncomeExpensesNet": -15101000, "incomeBeforeTax": 984972000, "incomeBeforeTaxRatio": 0.0755636364, "incomeTaxExpense": 357115000, "netIncome": 627857000, "netIncomeRatio": 0.0481670119, "eps": 1.84, "epsdiluted": 1.82, "weightedAverageShsOut": 341047002, "weightedAverageShsOutDil": 344800002, "link": "https://www.sec.gov/Archives/edgar/data/29534/000002953411000004/0000029534-11-000004-index.htm", "finalLink": "https://www.sec.gov/Archives/edgar/data/29534/000002953411000004/f2010form10_kfinal.htm", "calculatedOtherExpenses": 0, "calculatedOperatingExpenses": 2902491000, "calculatedNetInterest": -273992000, "calculatedOtherIncome": -15101000, "calculatedIncomeNonControlling": 0, "calculatedEbitda": 1528992000}, {"date": "2010-01-29", "symbol": "DG", "reportedCurrency": "USD", "cik": "0000029534", "fillingDate": "2010-03-31", "acceptedDate": "2010-03-31 09:05:34", "calendarYear": "2009", "period": "FY", "revenue": 11796380000, "costOfRevenue": 8106509000, "grossProfit": 3689871000, "grossProfitRatio": 0.3127968919, "researchAndDevelopmentExpenses": 0, "generalAndAdministrativeExpenses": 2674119000, "sellingAndMarketingExpenses": 62494000, "sellingGeneralAndAdministrativeExpenses": 2736613000, "otherExpenses": 0, "operatingExpenses": 2736613000, "costAndExpenses": 10843122000, "interestIncome": 144000, "interestExpense": 345744000, "depreciationAndAmortization": 256771000, "ebitda": 1210173000, "ebitdaratio": 0.102588506, "operatingIncome": 953258000, "operatingIncomeRatio": 0.0808093669, "totalOtherIncomeExpensesNet": -55542000, "incomeBeforeTax": 552116000, "incomeBeforeTaxRatio": 0.04680385, "incomeTaxExpense": 212674000, "netIncome": 339442000, "netIncomeRatio": 0.0287750988, "eps": 1.05, "epsdiluted": 1.04, "weightedAverageShsOut": 322778002, "weightedAverageShsOutDil": 324836002, "link": "https://www.sec.gov/Archives/edgar/data/29534/000104746910003012/0001047469-10-003012-index.htm", "finalLink": "https://www.sec.gov/Archives/edgar/data/29534/000104746910003012/a2197652z10-k.htm", "calculatedOtherExpenses": 0, "calculatedOperatingExpenses": 2736613000, "calculatedNetInterest": -345600000, "calculatedOtherIncome": -55542000, "calculatedIncomeNonControlling": 0, "calculatedEbitda": 1210029000}, {"date": "2009-01-30", "symbol": "DG", "reportedCurrency": "USD", "cik": "0000029534", "fillingDate": "2009-03-24", "acceptedDate": "2009-03-24 08:44:54", "calendarYear": "2008", "period": "FY", "revenue": 10457668000, "costOfRevenue": 7396571000, "grossProfit": 3061097000, "grossProfitRatio": 0.2927131556, "researchAndDevelopmentExpenses": 0, "generalAndAdministrativeExpenses": 2391312000, "sellingAndMarketingExpenses": 57299000, "sellingGeneralAndAdministrativeExpenses": 2448611000, "otherExpenses": 0, "operatingExpenses": 2448611000, "costAndExpenses": 9845182000, "interestIncome": 3061000, "interestExpense": 391932000, "depreciationAndAmortization": 247899000, "ebitda": 863446000, "ebitdaratio": 0.0825658263, "operatingIncome": 580486000, "operatingIncomeRatio": 0.0555081687, "totalOtherIncomeExpensesNet": -29212000, "incomeBeforeTax": 194403000, "incomeBeforeTaxRatio": 0.0185895173, "incomeTaxExpense": 86221000, "netIncome": 108182000, "netIncomeRatio": 0.0103447537, "eps": 0.34, "epsdiluted": 0.34, "weightedAverageShsOut": 317024002, "weightedAverageShsOutDil": 317503002, "link": "https://www.sec.gov/Archives/edgar/data/29534/000002953409000014/0000029534-09-000014-index.htm", "finalLink": "https://www.sec.gov/Archives/edgar/data/29534/000002953409000014/f200810kfinal.htm", "calculatedOtherExpenses": 32000000, "calculatedOperatingExpenses": 2480611000, "calculatedNetInterest": -388871000, "calculatedOtherIncome": 2788000, "calculatedIncomeNonControlling": 0, "calculatedEbitda": 828385000}, {"date": "2008-02-01", "symbol": "DG", "reportedCurrency": "USD", "cik": "0000029534", "fillingDate": "2008-03-28", "acceptedDate": "2008-03-28 11:01:35", "calendarYear": "2007", "period": "FY", "revenue": 9495246000, "costOfRevenue": 6851777000, "grossProfit": 2643469000, "grossProfitRatio": 0.2783992116, "researchAndDevelopmentExpenses": 0, "generalAndAdministrativeExpenses": 2330778000, "sellingAndMarketingExpenses": 57299000, "sellingGeneralAndAdministrativeExpenses": 2388077000, "otherExpenses": 0, "operatingExpenses": 2388077000, "costAndExpenses": 9239854000, "interestIncome": 8845000, "interestExpense": 263196000, "depreciationAndAmortization": 234130000, "ebitda": 498367000, "ebitdaratio": 0.0524859493, "operatingIncome": 255392000, "operatingIncomeRatio": 0.0268968282, "totalOtherIncomeExpensesNet": -3639000, "incomeBeforeTax": -2598000, "incomeBeforeTaxRatio": -0.0002736106, "incomeTaxExpense": 10218000, "netIncome": -12816000, "netIncomeRatio": -0.0013497281, "eps": -0.0409, "epsdiluted": -0.0406, "weightedAverageShsOut": 313567002, "weightedAverageShsOutDil": 315928002, "link": "https://www.sec.gov/Archives/edgar/data/29534/000100579408000099/0001005794-08-000099-index.htm", "finalLink": "https://www.sec.gov/Archives/edgar/data/29534/000100579408000099/dollargeneral10k2008.htm", "calculatedOtherExpenses": 0, "calculatedOperatingExpenses": 2388077000, "calculatedNetInterest": -254351000, "calculatedOtherIncome": -3639000, "calculatedIncomeNonControlling": 0, "calculatedEbitda": 489522000}, {"date": "2007-02-02", "symbol": "DG", "reportedCurrency": "USD", "cik": "0000029534", "fillingDate": "2007-03-29", "acceptedDate": "2007-03-29 16:50:38", "calendarYear": "2006", "period": "FY", "revenue": 9169822000, "costOfRevenue": 6801617000, "grossProfit": 2368205000, "grossProfitRatio": 0.2582607383, "researchAndDevelopmentExpenses": 0, "generalAndAdministrativeExpenses": -43234071000, "sellingAndMarketingExpenses": 45354000000, "sellingGeneralAndAdministrativeExpenses": 2119929000, "otherExpenses": 0, "operatingExpenses": 2119929000, "costAndExpenses": 8921546000, "interestIncome": 7002000, "interestExpense": 34915000, "depreciationAndAmortization": 200608000, "ebitda": 455886000, "ebitdaratio": 0.0497159051, "operatingIncome": 248276000, "operatingIncomeRatio": 0.0270753347, "totalOtherIncomeExpensesNet": -27913000, "incomeBeforeTax": 220363000, "incomeBeforeTaxRatio": 0.024031328, "incomeTaxExpense": 82420000, "netIncome": 137943000, "netIncomeRatio": 0.0150431491, "eps": 0.44, "epsdiluted": 0.44, "weightedAverageShsOut": 312664002, "weightedAverageShsOutDil": 313588002, "link": "https://www.sec.gov/Archives/edgar/data/29534/000002953407000023/0000029534-07-000023-index.htm", "finalLink": "https://www.sec.gov/Archives/edgar/data/29534/000002953407000023/f200610kfinal.htm", "calculatedOtherExpenses": 0, "calculatedOperatingExpenses": 2119929000, "calculatedNetInterest": -27913000, "calculatedOtherIncome": 0, "calculatedIncomeNonControlling": 0, "calculatedEbitda": 448884000}, {"date": "2006-02-03", "symbol": "DG", "reportedCurrency": "USD", "cik": "0000029534", "fillingDate": "2006-03-21", "acceptedDate": "2006-03-21 10:21:34", "calendarYear": "2005", "period": "FY", "revenue": 8582237000, "costOfRevenue": 6117413000, "grossProfit": 2464824000, "grossProfitRatio": 0.2872006448, "researchAndDevelopmentExpenses": 0, "generalAndAdministrativeExpenses": -43451043000, "sellingAndMarketingExpenses": 45354000000, "sellingGeneralAndAdministrativeExpenses": 1902957000, "otherExpenses": 0, "operatingExpenses": 1902957000, "costAndExpenses": 8020370000, "interestIncome": 9001000, "interestExpense": 26226000, "depreciationAndAmortization": 186824000, "ebitda": 757692000, "ebitdaratio": 0.0882860727, "operatingIncome": 561867000, "operatingIncomeRatio": 0.0654685952, "totalOtherIncomeExpensesNet": -17225000, "incomeBeforeTax": 544642000, "incomeBeforeTaxRatio": 0.0634615427, "incomeTaxExpense": 194487000, "netIncome": 350155000, "netIncomeRatio": 0.0407999686, "eps": 1.08, "epsdiluted": 1.07, "weightedAverageShsOut": 323855002, "weightedAverageShsOutDil": 326334002, "link": "https://www.sec.gov/Archives/edgar/data/29534/000002953406000030/0000029534-06-000030-index.htm", "finalLink": "https://www.sec.gov/Archives/edgar/data/29534/000002953406000030/f200510kfinal.htm", "calculatedOtherExpenses": 0, "calculatedOperatingExpenses": 1902957000, "calculatedNetInterest": -17225000, "calculatedOtherIncome": 0, "calculatedIncomeNonControlling": 0, "calculatedEbitda": 748691000}, {"date": "2005-01-28", "symbol": "DG", "reportedCurrency": "USD", "cik": "0000029534", "fillingDate": "2005-04-12", "acceptedDate": "2005-04-12 12:34:27", "calendarYear": "2004", "period": "FY", "revenue": 7660927000, "costOfRevenue": 5397735000, "grossProfit": 2263192000, "grossProfitRatio": 0.2954201234, "researchAndDevelopmentExpenses": 0, "generalAndAdministrativeExpenses": 0, "sellingAndMarketingExpenses": 0, "sellingGeneralAndAdministrativeExpenses": 1706216000, "otherExpenses": 0, "operatingExpenses": 1706216000, "costAndExpenses": 7103951000, "interestIncome": 6575000, "interestExpense": 28794000, "depreciationAndAmortization": 164478000, "ebitda": 728029000, "ebitdaratio": 0.0950314498, "operatingIncome": 556976000, "operatingIncomeRatio": 0.0727034731, "totalOtherIncomeExpensesNet": -22219000, "incomeBeforeTax": 534757000, "incomeBeforeTaxRatio": 0.0698031713, "incomeTaxExpense": 190567000, "netIncome": 344190000, "netIncomeRatio": 0.0449279833, "eps": 1.04, "epsdiluted": 1.04, "weightedAverageShsOut": 329376002, "weightedAverageShsOutDil": 332068002, "link": "https://www.sec.gov/Archives/edgar/data/29534/000002953405000046/0000029534-05-000046-index.htm", "finalLink": "https://www.sec.gov/Archives/edgar/data/29534/000002953405000046/f0410kfinal.htm", "calculatedOtherExpenses": 0, "calculatedOperatingExpenses": 1706216000, "calculatedNetInterest": -22219000, "calculatedOtherIncome": 0, "calculatedIncomeNonControlling": 0, "calculatedEbitda": 721454000}, {"date": "2004-01-30", "symbol": "DG", "reportedCurrency": "USD", "cik": "0000029534", "fillingDate": "2004-03-16", "acceptedDate": "2004-03-16 14:37:41", "calendarYear": "2003", "period": "FY", "revenue": 6871992000, "costOfRevenue": 4853863000, "grossProfit": 2018129000, "grossProfitRatio": 0.293674527, "researchAndDevelopmentExpenses": 0, "generalAndAdministrativeExpenses": 0, "sellingAndMarketingExpenses": 0, "sellingGeneralAndAdministrativeExpenses": 1496866000, "otherExpenses": 0, "operatingExpenses": 1496866000, "costAndExpenses": 6350729000, "interestIncome": 0, "interestExpense": -31503000, "depreciationAndAmortization": 152399000, "ebitda": 683662000, "ebitdaratio": 0.099485273, "operatingIncome": 511263000, "operatingIncomeRatio": 0.0743980785, "totalOtherIncomeExpensesNet": -10000000, "incomeBeforeTax": 479760000, "incomeBeforeTaxRatio": 0.0698138182, "incomeTaxExpense": 178760000, "netIncome": 301000000, "netIncomeRatio": 0.0438009823, "eps": 0.89, "epsdiluted": 0.89, "weightedAverageShsOut": 334697002, "weightedAverageShsOutDil": 337636002, "link": "https://www.sec.gov/Archives/edgar/data/29534/000002953404000034/0000029534-04-000034-index.htm", "finalLink": "https://www.sec.gov/Archives/edgar/data/29534/000002953404000034/form10k2003final.htm", "calculatedOtherExpenses": 10000000, "calculatedOperatingExpenses": 1506866000, "calculatedNetInterest": 31503000, "calculatedOtherIncome": -63006000, "calculatedIncomeNonControlling": 0, "calculatedEbitda": 663662000}, {"date": "2003-01-31", "symbol": "DG", "reportedCurrency": "USD", "cik": "0000029534", "fillingDate": "2003-03-19", "acceptedDate": "2003-03-19 15:53:18", "calendarYear": "2002", "period": "FY", "revenue": 6100404000, "costOfRevenue": 4376138000, "grossProfit": 1724266000, "grossProfitRatio": 0.2826478377, "researchAndDevelopmentExpenses": 0, "generalAndAdministrativeExpenses": 0, "sellingAndMarketingExpenses": 0, "sellingGeneralAndAdministrativeExpenses": 1296542000, "otherExpenses": 0, "operatingExpenses": 1296542000, "costAndExpenses": 5672680000, "interestIncome": 0, "interestExpense": 42639000, "depreciationAndAmortization": 134959000, "ebitda": 562683000, "ebitdaratio": 0.0922370059, "operatingIncome": 457265000, "operatingIncomeRatio": 0.0749565111, "totalOtherIncomeExpensesNet": 29541000, "incomeBeforeTax": 414626000, "incomeBeforeTaxRatio": 0.067966974, "incomeTaxExpense": 149680000, "netIncome": 264946000, "netIncomeRatio": 0.0434308941, "eps": 0.79, "epsdiluted": 0.78, "weightedAverageShsOut": 333055002, "weightedAverageShsOutDil": 335050002, "link": "https://www.sec.gov/Archives/edgar/data/29534/000002953403000106/0000029534-03-000106-index.htm", "finalLink": "https://www.sec.gov/Archives/edgar/data/29534/000002953403000106/form10k2002foredgar.htm", "calculatedOtherExpenses": -29541000, "calculatedOperatingExpenses": 1267001000, "calculatedNetInterest": -42639000, "calculatedOtherIncome": 0, "calculatedIncomeNonControlling": 0, "calculatedEbitda": 592224000}, {"date": "2002-01-31", "symbol": "DG", "reportedCurrency": "USD", "cik": "0000029534", "fillingDate": "2002-04-02", "acceptedDate": "2002-04-02 00:00:00", "calendarYear": "2001", "period": "FY", "revenue": 5322895000, "costOfRevenue": 3813483000, "grossProfit": 1509412000, "grossProfitRatio": 0.2835697492, "researchAndDevelopmentExpenses": 0, "generalAndAdministrativeExpenses": 0, "sellingAndMarketingExpenses": 0, "sellingGeneralAndAdministrativeExpenses": 1135801000, "otherExpenses": 0, "operatingExpenses": 1135801000, "costAndExpenses": 4949284000, "interestIncome": 0, "interestExpense": 45789000, "depreciationAndAmortization": 122967000, "ebitda": 496578000, "ebitdaratio": 0.0932909629, "operatingIncome": 373611000, "operatingIncomeRatio": 0.0701894364, "totalOtherIncomeExpensesNet": -45789000, "incomeBeforeTax": 327822000, "incomeBeforeTaxRatio": 0.0615871626, "incomeTaxExpense": 120309000, "netIncome": 207513000, "netIncomeRatio": 0.0389849884, "eps": 0.63, "epsdiluted": 0.62, "weightedAverageShsOut": 332263002, "weightedAverageShsOutDil": 335017002, "link": "https://www.sec.gov/Archives/edgar/data/29534/000091431702000353/0000914317-02-000353-index.htm", "finalLink": "https://www.sec.gov/Archives/edgar/data/29534/000091431702000353/form10k-44259_328.txt", "calculatedOtherExpenses": 0, "calculatedOperatingExpenses": 1135801000, "calculatedNetInterest": -45789000, "calculatedOtherIncome": 0, "calculatedIncomeNonControlling": 0, "calculatedEbitda": 496578000}, {"date": "2001-02-02", "symbol": "DG", "reportedCurrency": "USD", "cik": "0000029534", "fillingDate": "2002-01-14", "acceptedDate": "2002-01-14 00:00:00", "calendarYear": "2000", "period": "FY", "revenue": 4550571000, "costOfRevenue": 3299668000, "grossProfit": 1250903000, "grossProfitRatio": 0.2748892392, "researchAndDevelopmentExpenses": 0, "generalAndAdministrativeExpenses": 0, "sellingAndMarketingExpenses": 0, "sellingGeneralAndAdministrativeExpenses": 934899000, "otherExpenses": 0, "operatingExpenses": 934899000, "costAndExpenses": 4234567000, "interestIncome": 0, "interestExpense": 45357000, "depreciationAndAmortization": 111399000, "ebitda": 427403000, "ebitdaratio": 0.0939229385, "operatingIncome": 154004000, "operatingIncomeRatio": 0.0338427859, "totalOtherIncomeExpensesNet": -162000000, "incomeBeforeTax": 108647000, "incomeBeforeTaxRatio": 0.0238754653, "incomeTaxExpense": 38005000, "netIncome": 70642000, "netIncomeRatio": 0.0155237661, "eps": 0.21, "epsdiluted": 0.21, "weightedAverageShsOut": 329741002, "weightedAverageShsOutDil": 333858002, "link": "https://www.sec.gov/Archives/edgar/data/29534/000091431702000020/0000914317-02-000020-index.htm", "finalLink": "https://www.sec.gov/Archives/edgar/data/29534/000091431702000020/form10k-42295_11002.txt", "calculatedOtherExpenses": 162000000, "calculatedOperatingExpenses": 1096899000, "calculatedNetInterest": -45357000, "calculatedOtherIncome": 0, "calculatedIncomeNonControlling": 0, "calculatedEbitda": 265403000}, {"date": "2000-01-28", "symbol": "DG", "reportedCurrency": "USD", "cik": "0000029534", "fillingDate": "2000-04-27", "acceptedDate": "2000-04-27 00:00:00", "calendarYear": "1999", "period": "FY", "revenue": 3887964000, "costOfRevenue": 2790173000, "grossProfit": 1097791000, "grossProfitRatio": 0.2823562667, "researchAndDevelopmentExpenses": 0, "generalAndAdministrativeExpenses": 0, "sellingAndMarketingExpenses": 0, "sellingGeneralAndAdministrativeExpenses": 748489000, "otherExpenses": 0, "operatingExpenses": 748489000, "costAndExpenses": 3538662000, "interestIncome": 0, "interestExpense": 0, "depreciationAndAmortization": 63944000, "ebitda": 413246000, "ebitdaratio": 0.1062885356, "operatingIncome": 349302000, "operatingIncomeRatio": 0.0898418813, "totalOtherIncomeExpensesNet": -5157000, "incomeBeforeTax": 344145000, "incomeBeforeTaxRatio": 0.0885154801, "incomeTaxExpense": 124718000, "netIncome": 219427000, "netIncomeRatio": 0.0564375082, "eps": 0.61, "epsdiluted": 0.55, "weightedAverageShsOut": 337904002, "weightedAverageShsOutDil": 339405457, "link": "https://www.sec.gov/Archives/edgar/data/29534/000091431700000307/0000914317-00-000307-index.html", "finalLink": "https://www.sec.gov/Archives/edgar/data/29534/000091431700000307/", "calculatedOtherExpenses": 0, "calculatedOperatingExpenses": 748489000, "calculatedNetInterest": 0, "calculatedOtherIncome": -5157000, "calculatedIncomeNonControlling": 0, "calculatedEbitda": 413246000}, {"date": "1999-01-29", "symbol": "DG", "reportedCurrency": "USD", "cik": "0000029534", "fillingDate": "1999-04-26", "acceptedDate": "1999-04-26 00:00:00", "calendarYear": "1998", "period": "FY", "revenue": 3220989000, "costOfRevenue": 2315112000, "grossProfit": 905877000, "grossProfitRatio": 0.2812418794, "researchAndDevelopmentExpenses": 0, "generalAndAdministrativeExpenses": 0, "sellingAndMarketingExpenses": 0, "sellingGeneralAndAdministrativeExpenses": 616613000, "otherExpenses": 0, "operatingExpenses": 616613000, "costAndExpenses": 2931725000, "interestIncome": 0, "interestExpense": 0, "depreciationAndAmortization": 53112000, "ebitda": 342376000, "ebitdaratio": 0.1062953025, "operatingIncome": 289264000, "operatingIncomeRatio": 0.0898059571, "totalOtherIncomeExpensesNet": -8349000, "incomeBeforeTax": 280915000, "incomeBeforeTaxRatio": 0.0872138961, "incomeTaxExpense": 98882000, "netIncome": 182033000, "netIncomeRatio": 0.0565146295, "eps": 0.53, "epsdiluted": 0.45, "weightedAverageShsOut": 335763002, "weightedAverageShsOutDil": 335763002, "link": "https://www.sec.gov/Archives/edgar/data/29534/000091431799000239/0000914317-99-000239-index.html", "finalLink": "https://www.sec.gov/Archives/edgar/data/29534/", "calculatedOtherExpenses": 0, "calculatedOperatingExpenses": 616613000, "calculatedNetInterest": 0, "calculatedOtherIncome": -8349000, "calculatedIncomeNonControlling": 0, "calculatedEbitda": 342376000}, {"date": "1998-01-30", "symbol": "DG", "reportedCurrency": "USD", "cik": "0000029534", "fillingDate": "1998-04-20", "acceptedDate": "1998-04-20 00:00:00", "calendarYear": "1997", "period": "FY", "revenue": 2627325000, "costOfRevenue": 1885190000, "grossProfit": 742135000, "grossProfitRatio": 0.2824679094, "researchAndDevelopmentExpenses": 0, "generalAndAdministrativeExpenses": 0, "sellingAndMarketingExpenses": 0, "sellingGeneralAndAdministrativeExpenses": 506592000, "otherExpenses": 0, "operatingExpenses": 506592000, "costAndExpenses": 2391782000, "interestIncome": 0, "interestExpense": 0, "depreciationAndAmortization": 38734000, "ebitda": 274277000, "ebitdaratio": 0.1043940129, "operatingIncome": 235543000, "operatingIncomeRatio": 0.0896512613, "totalOtherIncomeExpensesNet": -3764000, "incomeBeforeTax": 231779000, "incomeBeforeTaxRatio": 0.0882186254, "incomeTaxExpense": 87151000, "netIncome": 144628000, "netIncomeRatio": 0.0550476245, "eps": 0.8, "epsdiluted": 0.67, "weightedAverageShsOut": 214363001, "weightedAverageShsOutDil": 215862688, "link": "https://www.sec.gov/Archives/edgar/data/29534/000095014498004835/0000950144-98-004835-index.html", "finalLink": "https://www.sec.gov/Archives/edgar/data/29534/", "calculatedOtherExpenses": 0, "calculatedOperatingExpenses": 506592000, "calculatedNetInterest": 0, "calculatedOtherIncome": -3764000, "calculatedIncomeNonControlling": 0, "calculatedEbitda": 274277000}, {"date": "1997-01-31", "symbol": "DG", "reportedCurrency": "USD", "cik": "0000029534", "fillingDate": "1997-04-28", "acceptedDate": "1997-04-28 00:00:00", "calendarYear": "1996", "period": "FY", "revenue": 2134398000, "costOfRevenue": 1529603000, "grossProfit": 604795000, "grossProfitRatio": 0.2833562438, "researchAndDevelopmentExpenses": 0, "generalAndAdministrativeExpenses": 0, "sellingAndMarketingExpenses": 0, "sellingGeneralAndAdministrativeExpenses": 415119000, "otherExpenses": 0, "operatingExpenses": 415119000, "costAndExpenses": 1944722000, "interestIncome": 0, "interestExpense": 0, "depreciationAndAmortization": 30965000, "ebitda": 220641000, "ebitdaratio": 0.1033738787, "operatingIncome": 189676000, "operatingIncomeRatio": 0.0888662752, "totalOtherIncomeExpensesNet": -4659000, "incomeBeforeTax": 185017000, "incomeBeforeTaxRatio": 0.0866834583, "incomeTaxExpense": 69917000, "netIncome": 115100000, "netIncomeRatio": 0.0539262124, "eps": 1.3, "epsdiluted": 1.3, "weightedAverageShsOut": 88495000, "weightedAverageShsOutDil": 334736845, "link": "https://www.sec.gov/Archives/edgar/data/29534/000002953497000011/0000029534-97-000011-index.html", "finalLink": "https://www.sec.gov/Archives/edgar/data/29534/", "calculatedOtherExpenses": 0, "calculatedOperatingExpenses": 415119000, "calculatedNetInterest": 0, "calculatedOtherIncome": -4659000, "calculatedIncomeNonControlling": 0, "calculatedEbitda": 220641000}, {"date": "1996-01-31", "symbol": "DG", "reportedCurrency": "USD", "cik": "0000029534", "fillingDate": "1996-04-29", "acceptedDate": "1996-04-29 00:00:00", "calendarYear": "1995", "period": "FY", "revenue": 1764188000, "costOfRevenue": 1260569000, "grossProfit": 503619000, "grossProfitRatio": 0.2854678753, "researchAndDevelopmentExpenses": 0, "generalAndAdministrativeExpenses": 0, "sellingAndMarketingExpenses": 0, "sellingGeneralAndAdministrativeExpenses": 354712000, "otherExpenses": 0, "operatingExpenses": 354712000, "costAndExpenses": 1615281000, "interestIncome": 0, "interestExpense": 0, "depreciationAndAmortization": 25245000, "ebitda": 174152000, "ebitdaratio": 0.0987151029, "operatingIncome": 148907000, "operatingIncomeRatio": 0.0844054035, "totalOtherIncomeExpensesNet": -7361000, "incomeBeforeTax": 141546000, "incomeBeforeTaxRatio": 0.0802329457, "incomeTaxExpense": 53728000, "netIncome": 87818000, "netIncomeRatio": 0.0497781416, "eps": 1.25, "epsdiluted": 1.25, "weightedAverageShsOut": 70231000, "weightedAverageShsOutDil": 352142860, "link": "https://www.sec.gov/Archives/edgar/data/29534/000002953496000021/0000029534-96-000021-index.html", "finalLink": "https://www.sec.gov/Archives/edgar/data/29534/", "calculatedOtherExpenses": 0, "calculatedOperatingExpenses": 354712000, "calculatedNetInterest": 0, "calculatedOtherIncome": -7361000, "calculatedIncomeNonControlling": 0, "calculatedEbitda": 174152000}, {"date": "1995-01-31", "symbol": "DG", "reportedCurrency": "USD", "cik": "0000029534", "fillingDate": "1995-05-01", "acceptedDate": "1995-05-01 00:00:00", "calendarYear": "1994", "period": "FY", "revenue": 1448609000, "costOfRevenue": 1027930000, "grossProfit": 420679000, "grossProfitRatio": 0.290402034, "researchAndDevelopmentExpenses": 0, "generalAndAdministrativeExpenses": 0, "sellingAndMarketingExpenses": 0, "sellingGeneralAndAdministrativeExpenses": 299592000, "otherExpenses": 0, "operatingExpenses": 299592000, "costAndExpenses": 1327522000, "interestIncome": 0, "interestExpense": 0, "depreciationAndAmortization": 17263000, "ebitda": 138350000, "ebitdaratio": 0.0955054124, "operatingIncome": 121087000, "operatingIncomeRatio": 0.0835884631, "totalOtherIncomeExpensesNet": -2799000, "incomeBeforeTax": 118288000, "incomeBeforeTaxRatio": 0.0816562647, "incomeTaxExpense": 44654000, "netIncome": 73634000, "netIncomeRatio": 0.0508308315, "eps": 1.33, "epsdiluted": 1.33, "weightedAverageShsOut": 55207000, "weightedAverageShsOutDil": 340000003, "link": "https://www.sec.gov/Archives/edgar/data/29534/000002953495000015/0000029534-95-000015-index.html", "finalLink": "https://www.sec.gov/Archives/edgar/data/29534/", "calculatedOtherExpenses": 0, "calculatedOperatingExpenses": 299592000, "calculatedNetInterest": 0, "calculatedOtherIncome": -2799000, "calculatedIncomeNonControlling": 0, "calculatedEbitda": 138350000}, {"date": "1994-01-31", "symbol": "DG", "reportedCurrency": "USD", "cik": "0000029534", "fillingDate": "1994-04-27", "acceptedDate": "1994-04-27 00:00:00", "calendarYear": "1993", "period": "FY", "revenue": 1133000000, "costOfRevenue": 803500000, "grossProfit": 329500000, "grossProfitRatio": 0.2908208297, "researchAndDevelopmentExpenses": 0, "generalAndAdministrativeExpenses": 0, "sellingAndMarketingExpenses": 0, "sellingGeneralAndAdministrativeExpenses": 245800000, "otherExpenses": 3500000, "operatingExpenses": 249300000, "costAndExpenses": 1052800000, "interestIncome": 0, "interestExpense": 0, "depreciationAndAmortization": -3500000, "ebitda": 83700000, "ebitdaratio": 0.073874669, "operatingIncome": 78000000, "operatingIncomeRatio": 0.0688437776, "totalOtherIncomeExpensesNet": 0, "incomeBeforeTax": 78000000, "incomeBeforeTaxRatio": 0.0688437776, "incomeTaxExpense": 29400000, "netIncome": 48600000, "netIncomeRatio": 0.0428949691, "eps": 0.15, "epsdiluted": 0.15, "weightedAverageShsOut": 324000003, "weightedAverageShsOutDil": 324000003, "link": "https://www.sec.gov/Archives/edgar/data/29534/000002953494000010/0000029534-94-000010-index.html", "finalLink": "https://www.sec.gov/Archives/edgar/data/29534/", "calculatedOtherExpenses": 5700000, "calculatedOperatingExpenses": 251500000, "calculatedNetInterest": 0, "calculatedOtherIncome": 0, "calculatedIncomeNonControlling": 0, "calculatedEbitda": 74500000}, {"date": "1993-01-31", "symbol": "DG", "reportedCurrency": "USD", "cik": "0000029534", "fillingDate": "1993-01-31", "acceptedDate": "1993-01-31 00:00:00", "calendarYear": "1992", "period": "FY", "revenue": 920700000, "costOfRevenue": 645400000, "grossProfit": 275300000, "grossProfitRatio": 0.2990116216, "researchAndDevelopmentExpenses": 0, "generalAndAdministrativeExpenses": 0, "sellingAndMarketingExpenses": 0, "sellingGeneralAndAdministrativeExpenses": 206200000, "otherExpenses": 8200000, "operatingExpenses": 214400000, "costAndExpenses": 859800000, "interestIncome": 0, "interestExpense": 0, "depreciationAndAmortization": -8200000, "ebitda": 69100000, "ebitdaratio": 0.0750515912, "operatingIncome": 58200000, "operatingIncomeRatio": 0.0632127729, "totalOtherIncomeExpensesNet": 0, "incomeBeforeTax": 58200000, "incomeBeforeTaxRatio": 0.0632127729, "incomeTaxExpense": 22600000, "netIncome": 35600000, "netIncomeRatio": 0.0386662322, "eps": 0.11, "epsdiluted": 0.11, "weightedAverageShsOut": 323636366, "weightedAverageShsOutDil": 323636366, "link": null, "finalLink": null, "calculatedOtherExpenses": 10900000, "calculatedOperatingExpenses": 217100000, "calculatedNetInterest": 0, "calculatedOtherIncome": 0, "calculatedIncomeNonControlling": 0, "calculatedEbitda": 50000000}, {"date": "1992-01-31", "symbol": "DG", "reportedCurrency": "USD", "cik": "0000029534", "fillingDate": "1992-01-31", "acceptedDate": "1992-01-31 00:00:00", "calendarYear": "1991", "period": "FY", "revenue": 754400000, "costOfRevenue": 532200000, "grossProfit": 222200000, "grossProfitRatio": 0.2945387063, "researchAndDevelopmentExpenses": 0, "generalAndAdministrativeExpenses": 0, "sellingAndMarketingExpenses": 0, "sellingGeneralAndAdministrativeExpenses": 177700000, "otherExpenses": 6700000, "operatingExpenses": 184400000, "costAndExpenses": 716600000, "interestIncome": 0, "interestExpense": 0, "depreciationAndAmortization": -6700000, "ebitda": 44500000, "ebitdaratio": 0.0589872747, "operatingIncome": 34700000, "operatingIncomeRatio": 0.0459968187, "totalOtherIncomeExpensesNet": 0, "incomeBeforeTax": 34700000, "incomeBeforeTaxRatio": 0.0459968187, "incomeTaxExpense": 13200000, "netIncome": 21500000, "netIncomeRatio": 0.0284994698, "eps": 0.07, "epsdiluted": 0.07, "weightedAverageShsOut": 307142860, "weightedAverageShsOutDil": 307142860, "link": null, "finalLink": null, "calculatedOtherExpenses": 9800000, "calculatedOperatingExpenses": 187500000, "calculatedNetInterest": 0, "calculatedOtherIncome": 0, "calculatedIncomeNonControlling": 0, "calculatedEbitda": 28000000}, {"date": "1991-01-31", "symbol": "DG", "reportedCurrency": "USD", "cik": "0000029534", "fillingDate": "1991-01-31", "acceptedDate": "1991-01-31 00:00:00", "calendarYear": "1990", "period": "FY", "revenue": 653200000, "costOfRevenue": 459300000, "grossProfit": 193900000, "grossProfitRatio": 0.2968462952, "researchAndDevelopmentExpenses": 0, "generalAndAdministrativeExpenses": 0, "sellingAndMarketingExpenses": 0, "sellingGeneralAndAdministrativeExpenses": 159300000, "otherExpenses": 6500000, "operatingExpenses": 165800000, "costAndExpenses": 625100000, "interestIncome": 0, "interestExpense": 0, "depreciationAndAmortization": -6500000, "ebitda": 34600000, "ebitdaratio": 0.0529699939, "operatingIncome": 23100000, "operatingIncomeRatio": 0.0353643601, "totalOtherIncomeExpensesNet": 0, "incomeBeforeTax": 23100000, "incomeBeforeTaxRatio": 0.0353643601, "incomeTaxExpense": 8500000, "netIncome": 14600000, "netIncomeRatio": 0.0223515003, "eps": 0.05, "epsdiluted": 0.05, "weightedAverageShsOut": 292000002, "weightedAverageShsOutDil": 292000002, "link": null, "finalLink": null, "calculatedOtherExpenses": 11500000, "calculatedOperatingExpenses": 170800000, "calculatedNetInterest": 0, "calculatedOtherIncome": 0, "calculatedIncomeNonControlling": 0, "calculatedEbitda": 16600000}, {"date": "1990-01-31", "symbol": "DG", "reportedCurrency": "USD", "cik": "0000029534", "fillingDate": "1990-01-31", "acceptedDate": "1990-01-31 00:00:00", "calendarYear": "1989", "period": "FY", "revenue": 615100000, "costOfRevenue": 428400000, "grossProfit": 186700000, "grossProfitRatio": 0.3035278816, "researchAndDevelopmentExpenses": 0, "generalAndAdministrativeExpenses": 0, "sellingAndMarketingExpenses": 0, "sellingGeneralAndAdministrativeExpenses": 154800000, "otherExpenses": 6000000, "operatingExpenses": 160800000, "costAndExpenses": 589200000, "interestIncome": 0, "interestExpense": 0, "depreciationAndAmortization": -6000000, "ebitda": 31900000, "ebitdaratio": 0.0518614859, "operatingIncome": 20300000, "operatingIncomeRatio": 0.0330027638, "totalOtherIncomeExpensesNet": 0, "incomeBeforeTax": 20300000, "incomeBeforeTaxRatio": 0.0330027638, "incomeTaxExpense": 7900000, "netIncome": 12400000, "netIncomeRatio": 0.0201593237, "eps": 0.05, "epsdiluted": 0.05, "weightedAverageShsOut": 248000002, "weightedAverageShsOutDil": 248000002, "link": null, "finalLink": null, "calculatedOtherExpenses": 11600000, "calculatedOperatingExpenses": 166400000, "calculatedNetInterest": 0, "calculatedOtherIncome": 0, "calculatedIncomeNonControlling": 0, "calculatedEbitda": 14300000}, {"date": "1989-01-31", "symbol": "DG", "reportedCurrency": "USD", "cik": "0000029534", "fillingDate": "1989-01-31", "acceptedDate": "1989-01-31 00:00:00", "calendarYear": "1988", "period": "FY", "revenue": 613000000, "costOfRevenue": 432800000, "grossProfit": 180200000, "grossProfitRatio": 0.2939641109, "researchAndDevelopmentExpenses": 0, "generalAndAdministrativeExpenses": 0, "sellingAndMarketingExpenses": 0, "sellingGeneralAndAdministrativeExpenses": 151700000, "otherExpenses": 6000000, "operatingExpenses": 157700000, "costAndExpenses": 590500000, "interestIncome": 0, "interestExpense": 0, "depreciationAndAmortization": 6000000, "ebitda": 28500000, "ebitdaratio": 0.0464926591, "operatingIncome": 16100000, "operatingIncomeRatio": 0.0262642741, "totalOtherIncomeExpensesNet": 0, "incomeBeforeTax": 16100000, "incomeBeforeTaxRatio": 0.0262642741, "incomeTaxExpense": 6100000, "netIncome": 10000000, "netIncomeRatio": 0.0163132137, "eps": 0.04, "epsdiluted": 0.04, "weightedAverageShsOut": 250000002, "weightedAverageShsOutDil": 250000002, "link": null, "finalLink": null, "calculatedOtherExpenses": 12400000, "calculatedOperatingExpenses": 164100000, "calculatedNetInterest": 0, "calculatedOtherIncome": 0, "calculatedIncomeNonControlling": 0, "calculatedEbitda": 22100000}, {"date": "1987-12-31", "symbol": "DG", "reportedCurrency": "USD", "cik": "0000029534", "fillingDate": "1987-12-31", "acceptedDate": "1987-12-31 00:00:00", "calendarYear": "1987", "period": "FY", "revenue": 588400000, "costOfRevenue": 416600000, "grossProfit": 171800000, "grossProfitRatio": 0.2919782461, "researchAndDevelopmentExpenses": 0, "generalAndAdministrativeExpenses": 0, "sellingAndMarketingExpenses": 0, "sellingGeneralAndAdministrativeExpenses": 146600000, "otherExpenses": 6900000, "operatingExpenses": 153500000, "costAndExpenses": 570100000, "interestIncome": 0, "interestExpense": 0, "depreciationAndAmortization": 6900000, "ebitda": 25200000, "ebitdaratio": 0.0428280082, "operatingIncome": 11600000, "operatingIncomeRatio": 0.0197144799, "totalOtherIncomeExpensesNet": 0, "incomeBeforeTax": 11600000, "incomeBeforeTaxRatio": 0.0197144799, "incomeTaxExpense": 5100000, "netIncome": 6500000, "netIncomeRatio": 0.0110469069, "eps": 0.02, "epsdiluted": 0.02, "weightedAverageShsOut": 325000003, "weightedAverageShsOutDil": 325000003, "link": null, "finalLink": null, "calculatedOtherExpenses": 13600000, "calculatedOperatingExpenses": 160200000, "calculatedNetInterest": 0, "calculatedOtherIncome": 0, "calculatedIncomeNonControlling": 0, "calculatedEbitda": 18500000}, {"date": "1986-12-31", "symbol": "DG", "reportedCurrency": "USD", "cik": "0000029534", "fillingDate": "1986-12-31", "acceptedDate": "1986-12-31 00:00:00", "calendarYear": "1986", "period": "FY", "revenue": 564800000, "costOfRevenue": 403500000, "grossProfit": 161300000, "grossProfitRatio": 0.2855878187, "researchAndDevelopmentExpenses": 0, "generalAndAdministrativeExpenses": 0, "sellingAndMarketingExpenses": 0, "sellingGeneralAndAdministrativeExpenses": 140900000, "otherExpenses": 5900000, "operatingExpenses": 146800000, "costAndExpenses": 550300000, "interestIncome": 0, "interestExpense": 0, "depreciationAndAmortization": 5900000, "ebitda": 20400000, "ebitdaratio": 0.0361189802, "operatingIncome": 7600000, "operatingIncomeRatio": 0.0134560907, "totalOtherIncomeExpensesNet": 0, "incomeBeforeTax": 7600000, "incomeBeforeTaxRatio": 0.0134560907, "incomeTaxExpense": 3300000, "netIncome": 4300000, "netIncomeRatio": 0.0076133144, "eps": 0.02, "epsdiluted": 0.02, "weightedAverageShsOut": 215000002, "weightedAverageShsOutDil": 215000002, "link": null, "finalLink": null, "calculatedOtherExpenses": 12800000, "calculatedOperatingExpenses": 153700000, "calculatedNetInterest": 0, "calculatedOtherIncome": 0, "calculatedIncomeNonControlling": 0, "calculatedEbitda": 13500000}, {"date": "1985-12-31", "symbol": "DG", "reportedCurrency": "USD", "cik": "0000029534", "fillingDate": "1985-12-31", "acceptedDate": "1985-12-31 00:00:00", "calendarYear": "1985", "period": "FY", "revenue": 584400000, "costOfRevenue": 407400000, "grossProfit": 177000000, "grossProfitRatio": 0.3028747433, "researchAndDevelopmentExpenses": 0, "generalAndAdministrativeExpenses": 0, "sellingAndMarketingExpenses": 0, "sellingGeneralAndAdministrativeExpenses": 130400000, "otherExpenses": 4500000, "operatingExpenses": 134900000, "costAndExpenses": 542300000, "interestIncome": 0, "interestExpense": 0, "depreciationAndAmortization": 4500000, "ebitda": 46600000, "ebitdaratio": 0.0797399042, "operatingIncome": 34800000, "operatingIncomeRatio": 0.0595482546, "totalOtherIncomeExpensesNet": 0, "incomeBeforeTax": 34800000, "incomeBeforeTaxRatio": 0.0595482546, "incomeTaxExpense": 17000000, "netIncome": 17800000, "netIncomeRatio": 0.03045859, "eps": 0.06, "epsdiluted": 0.06, "weightedAverageShsOut": 296666669, "weightedAverageShsOutDil": 296666669, "link": null, "finalLink": null, "calculatedOtherExpenses": 11800000, "calculatedOperatingExpenses": 142200000, "calculatedNetInterest": 0, "calculatedOtherIncome": 0, "calculatedIncomeNonControlling": 0, "calculatedEbitda": 39300000}]}