{"originalCurrency": "USD", "convertedCurrency": "USD", "report": [{"date": "2023-12-31", "symbol": "DGX", "reportedCurrency": "USD", "cik": "0001022079", "fillingDate": "2024-02-22", "acceptedDate": "2024-02-22 16:18:00", "calendarYear": "2023", "period": "FY", "revenue": 9252000000, "costOfRevenue": 6291000000, "grossProfit": 2961000000, "grossProfitRatio": 0.3200389105, "researchAndDevelopmentExpenses": 0, "generalAndAdministrativeExpenses": 0, "sellingAndMarketingExpenses": 0, "sellingGeneralAndAdministrativeExpenses": 1610000000, "otherExpenses": 20000000, "operatingExpenses": 1610000000, "costAndExpenses": 7901000000, "interestIncome": 11000000, "interestExpense": 152000000, "depreciationAndAmortization": 439000000, "ebitda": 1790000000, "ebitdaratio": 0.1934716818, "operatingIncome": 1351000000, "operatingIncomeRatio": 0.1460224816, "totalOtherIncomeExpensesNet": -221000000, "incomeBeforeTax": 1130000000, "incomeBeforeTaxRatio": 0.1221357544, "incomeTaxExpense": 248000000, "netIncome": 854000000, "netIncomeRatio": 0.0923043666, "eps": 7.59, "epsdiluted": 7.52, "weightedAverageShsOut": 112000000, "weightedAverageShsOutDil": 113000000, "link": "https://www.sec.gov/Archives/edgar/data/1022079/000102207924000041/0001022079-24-000041-index.htm", "finalLink": "https://www.sec.gov/Archives/edgar/data/1022079/000102207924000041/dgx-20231231.htm", "calculatedOtherExpenses": 0, "calculatedOperatingExpenses": 1610000000, "calculatedNetInterest": -141000000, "calculatedOtherIncome": -80000000, "calculatedIncomeNonControlling": 28000000, "calculatedEbitda": 1790000000}, {"date": "2022-12-31", "symbol": "DGX", "reportedCurrency": "USD", "cik": "0001022079", "fillingDate": "2023-02-21", "acceptedDate": "2023-02-21 16:47:48", "calendarYear": "2022", "period": "FY", "revenue": 9883000000, "costOfRevenue": 6450000000, "grossProfit": 3433000000, "grossProfitRatio": 0.3473641607, "researchAndDevelopmentExpenses": 0, "generalAndAdministrativeExpenses": 0, "sellingAndMarketingExpenses": 0, "sellingGeneralAndAdministrativeExpenses": 1874000000, "otherExpenses": 131000000, "operatingExpenses": 2005000000, "costAndExpenses": 8455000000, "interestIncome": 10000000, "interestExpense": 138000000, "depreciationAndAmortization": 382000000, "ebitda": 1810000000, "ebitdaratio": 0.1831427704, "operatingIncome": 1428000000, "operatingIncomeRatio": 0.1444905393, "totalOtherIncomeExpensesNet": -193000000, "incomeBeforeTax": 1235000000, "incomeBeforeTaxRatio": 0.1249620561, "incomeTaxExpense": 264000000, "netIncome": 946000000, "netIncomeRatio": 0.0957199231, "eps": 8.12, "epsdiluted": 7.98, "weightedAverageShsOut": 116000000, "weightedAverageShsOutDil": 118000000, "link": "https://www.sec.gov/Archives/edgar/data/1022079/000102207923000018/0001022079-23-000018-index.htm", "finalLink": "https://www.sec.gov/Archives/edgar/data/1022079/000102207923000018/dgx-20221231.htm", "calculatedOtherExpenses": 131000000, "calculatedOperatingExpenses": 2005000000, "calculatedNetInterest": -128000000, "calculatedOtherIncome": -65000000, "calculatedIncomeNonControlling": 25000000, "calculatedEbitda": 1810000000}, {"date": "2021-12-31", "symbol": "DGX", "reportedCurrency": "USD", "cik": "0001022079", "fillingDate": "2022-02-28", "acceptedDate": "2022-02-28 16:13:37", "calendarYear": "2021", "period": "FY", "revenue": 10788000000, "costOfRevenue": 6579000000, "grossProfit": 4209000000, "grossProfitRatio": 0.3901557286, "researchAndDevelopmentExpenses": 0, "generalAndAdministrativeExpenses": 0, "sellingAndMarketingExpenses": 0, "sellingGeneralAndAdministrativeExpenses": 1727000000, "otherExpenses": 101000000, "operatingExpenses": 1828000000, "costAndExpenses": 8407000000, "interestIncome": 1000000, "interestExpense": 151000000, "depreciationAndAmortization": 777000000, "ebitda": 3158000000, "ebitdaratio": 0.2927326659, "operatingIncome": 2381000000, "operatingIncomeRatio": 0.2207081943, "totalOtherIncomeExpensesNet": 218000000, "incomeBeforeTax": 2599000000, "incomeBeforeTaxRatio": 0.2409158324, "incomeTaxExpense": 597000000, "netIncome": 1995000000, "netIncomeRatio": 0.1849276974, "eps": 15.9, "epsdiluted": 15.53, "weightedAverageShsOut": 125000000, "weightedAverageShsOutDil": 128000000, "link": "https://www.sec.gov/Archives/edgar/data/1022079/000102207922000027/0001022079-22-000027-index.htm", "finalLink": "https://www.sec.gov/Archives/edgar/data/1022079/000102207922000027/dgx-20211231.htm", "calculatedOtherExpenses": 101000000, "calculatedOperatingExpenses": 1828000000, "calculatedNetInterest": -150000000, "calculatedOtherIncome": 368000000, "calculatedIncomeNonControlling": 7000000, "calculatedEbitda": 3158000000}, {"date": "2020-12-31", "symbol": "DGX", "reportedCurrency": "USD", "cik": "0001022079", "fillingDate": "2021-02-22", "acceptedDate": "2021-02-22 16:14:53", "calendarYear": "2020", "period": "FY", "revenue": 9437000000, "costOfRevenue": 5804000000, "grossProfit": 3633000000, "grossProfitRatio": 0.3849740384, "researchAndDevelopmentExpenses": 0, "generalAndAdministrativeExpenses": 0, "sellingAndMarketingExpenses": 0, "sellingGeneralAndAdministrativeExpenses": 1550000000, "otherExpenses": 112000000, "operatingExpenses": 1662000000, "costAndExpenses": 7466000000, "interestIncome": 3000000, "interestExpense": 163000000, "depreciationAndAmortization": 437000000, "ebitda": 2408000000, "ebitdaratio": 0.2551658366, "operatingIncome": 1971000000, "operatingIncomeRatio": 0.2088587475, "totalOtherIncomeExpensesNet": -87000000, "incomeBeforeTax": 1884000000, "incomeBeforeTaxRatio": 0.199639716, "incomeTaxExpense": 460000000, "netIncome": 1431000000, "netIncomeRatio": 0.1516371728, "eps": 10.68, "epsdiluted": 10.52, "weightedAverageShsOut": 134000000, "weightedAverageShsOutDil": 136000000, "link": "https://www.sec.gov/Archives/edgar/data/1022079/000102207921000029/0001022079-21-000029-index.htm", "finalLink": "https://www.sec.gov/Archives/edgar/data/1022079/000102207921000029/dgx-20201231.htm", "calculatedOtherExpenses": 112000000, "calculatedOperatingExpenses": 1662000000, "calculatedNetInterest": -160000000, "calculatedOtherIncome": 73000000, "calculatedIncomeNonControlling": -7000000, "calculatedEbitda": 2408000000}, {"date": "2019-12-31", "symbol": "DGX", "reportedCurrency": "USD", "cik": "0001022079", "fillingDate": "2020-02-20", "acceptedDate": "2020-02-20 16:45:36", "calendarYear": "2019", "period": "FY", "revenue": 7726000000, "costOfRevenue": 5037000000, "grossProfit": 2689000000, "grossProfitRatio": 0.3480455604, "researchAndDevelopmentExpenses": 0, "generalAndAdministrativeExpenses": 0, "sellingAndMarketingExpenses": 0, "sellingGeneralAndAdministrativeExpenses": 1457000000, "otherExpenses": 1000000, "operatingExpenses": 1458000000, "costAndExpenses": 6495000000, "interestIncome": 5000000, "interestExpense": 175000000, "depreciationAndAmortization": 349000000, "ebitda": 1580000000, "ebitdaratio": 0.2045042713, "operatingIncome": 1231000000, "operatingIncomeRatio": 0.1593321253, "totalOtherIncomeExpensesNet": -155000000, "incomeBeforeTax": 1076000000, "incomeBeforeTaxRatio": 0.1392699974, "incomeTaxExpense": 247000000, "netIncome": 858000000, "netIncomeRatio": 0.1110535853, "eps": 6.38, "epsdiluted": 6.29, "weightedAverageShsOut": 134000000, "weightedAverageShsOutDil": 136000000, "link": "https://www.sec.gov/Archives/edgar/data/1022079/000102207920000017/0001022079-20-000017-index.htm", "finalLink": "https://www.sec.gov/Archives/edgar/data/1022079/000102207920000017/dgx1231201910-k.htm", "calculatedOtherExpenses": 1000000, "calculatedOperatingExpenses": 1458000000, "calculatedNetInterest": -170000000, "calculatedOtherIncome": 15000000, "calculatedIncomeNonControlling": -29000000, "calculatedEbitda": 1580000000}, {"date": "2018-12-31", "symbol": "DGX", "reportedCurrency": "USD", "cik": "0001022079", "fillingDate": "2019-02-21", "acceptedDate": "2019-02-21 16:15:34", "calendarYear": "2018", "period": "FY", "revenue": 7531000000, "costOfRevenue": 4926000000, "grossProfit": 2605000000, "grossProfitRatio": 0.3459035985, "researchAndDevelopmentExpenses": 0, "generalAndAdministrativeExpenses": 1424000000, "sellingAndMarketingExpenses": 0, "sellingGeneralAndAdministrativeExpenses": 1424000000, "otherExpenses": -8000000, "operatingExpenses": 1500000000, "costAndExpenses": 6426000000, "interestIncome": 2000000, "interestExpense": 167000000, "depreciationAndAmortization": 309000000, "ebitda": 1406000000, "ebitdaratio": 0.186694994, "operatingIncome": 1101000000, "operatingIncomeRatio": 0.1461957243, "totalOtherIncomeExpensesNet": -12000000, "incomeBeforeTax": 926000000, "incomeBeforeTaxRatio": 0.1229584385, "incomeTaxExpense": 182000000, "netIncome": 736000000, "netIncomeRatio": 0.0977293852, "eps": 5.41, "epsdiluted": 5.29, "weightedAverageShsOut": 136000000, "weightedAverageShsOutDil": 139000000, "link": "https://www.sec.gov/Archives/edgar/data/1022079/000102207919000030/0001022079-19-000030-index.htm", "finalLink": "https://www.sec.gov/Archives/edgar/data/1022079/000102207919000030/dgx1231201810-k.htm", "calculatedOtherExpenses": 80000000, "calculatedOperatingExpenses": 1504000000, "calculatedNetInterest": -165000000, "calculatedOtherIncome": -10000000, "calculatedIncomeNonControlling": 8000000, "calculatedEbitda": 1410000000}, {"date": "2017-12-31", "symbol": "DGX", "reportedCurrency": "USD", "cik": "0001022079", "fillingDate": "2018-02-23", "acceptedDate": "2018-02-23 16:19:47", "calendarYear": "2017", "period": "FY", "revenue": 7709000000, "costOfRevenue": 4719000000, "grossProfit": 2990000000, "grossProfitRatio": 0.3878583474, "researchAndDevelopmentExpenses": 0, "generalAndAdministrativeExpenses": 1750000000, "sellingAndMarketingExpenses": 0, "sellingGeneralAndAdministrativeExpenses": 1750000000, "otherExpenses": 16000000, "operatingExpenses": 1825000000, "costAndExpenses": 6544000000, "interestIncome": 2000000, "interestExpense": 151000000, "depreciationAndAmortization": 270000000, "ebitda": 1451000000, "ebitdaratio": 0.1882215592, "operatingIncome": 1165000000, "operatingIncomeRatio": 0.1511220651, "totalOtherIncomeExpensesNet": 16000000, "incomeBeforeTax": 1030000000, "incomeBeforeTaxRatio": 0.1336100662, "incomeTaxExpense": 241000000, "netIncome": 772000000, "netIncomeRatio": 0.1001426904, "eps": 5.63, "epsdiluted": 5.5, "weightedAverageShsOut": 137000000, "weightedAverageShsOutDil": 140000000, "link": "https://www.sec.gov/Archives/edgar/data/1022079/000102207918000038/0001022079-18-000038-index.htm", "finalLink": "https://www.sec.gov/Archives/edgar/data/1022079/000102207918000038/dgx1231201710-k.htm", "calculatedOtherExpenses": 75000000, "calculatedOperatingExpenses": 1825000000, "calculatedNetInterest": -149000000, "calculatedOtherIncome": 14000000, "calculatedIncomeNonControlling": 17000000, "calculatedEbitda": 1435000000}, {"date": "2016-12-31", "symbol": "DGX", "reportedCurrency": "USD", "cik": "0001022079", "fillingDate": "2017-02-22", "acceptedDate": "2017-02-22 16:11:38", "calendarYear": "2016", "period": "FY", "revenue": 7515000000, "costOfRevenue": 4616000000, "grossProfit": 2899000000, "grossProfitRatio": 0.3857618097, "researchAndDevelopmentExpenses": 0, "generalAndAdministrativeExpenses": 1681000000, "sellingAndMarketingExpenses": 0, "sellingGeneralAndAdministrativeExpenses": 1681000000, "otherExpenses": -48000000, "operatingExpenses": 1740000000, "costAndExpenses": 6356000000, "interestIncome": 1000000, "interestExpense": 143000000, "depreciationAndAmortization": 249000000, "ebitda": 1360000000, "ebitdaratio": 0.1809713906, "operatingIncome": 1277000000, "operatingIncomeRatio": 0.169926813, "totalOtherIncomeExpensesNet": 70000000, "incomeBeforeTax": 1086000000, "incomeBeforeTaxRatio": 0.144510978, "incomeTaxExpense": 429000000, "netIncome": 645000000, "netIncomeRatio": 0.0858283433, "eps": 4.58, "epsdiluted": 4.51, "weightedAverageShsOut": 140000000, "weightedAverageShsOutDil": 142000000, "link": "https://www.sec.gov/Archives/edgar/data/1022079/000102207917000032/0001022079-17-000032-index.htm", "finalLink": "https://www.sec.gov/Archives/edgar/data/1022079/000102207917000032/dgx1231201610-k.htm", "calculatedOtherExpenses": -59000000, "calculatedOperatingExpenses": 1622000000, "calculatedNetInterest": -142000000, "calculatedOtherIncome": -49000000, "calculatedIncomeNonControlling": 12000000, "calculatedEbitda": 1526000000}, {"date": "2015-12-31", "symbol": "DGX", "reportedCurrency": "USD", "cik": "0001022079", "fillingDate": "2016-02-26", "acceptedDate": "2016-02-26 16:05:35", "calendarYear": "2015", "period": "FY", "revenue": 7493000000, "costOfRevenue": 4657000000, "grossProfit": 2836000000, "grossProfitRatio": 0.3784865875, "researchAndDevelopmentExpenses": 0, "generalAndAdministrativeExpenses": 1679000000, "sellingAndMarketingExpenses": 0, "sellingGeneralAndAdministrativeExpenses": 1679000000, "otherExpenses": -143000000, "operatingExpenses": 1771000000, "costAndExpenses": 6428000000, "interestIncome": 1000000, "interestExpense": 153000000, "depreciationAndAmortization": 304000000, "ebitda": 1560000000, "ebitdaratio": 0.2081943147, "operatingIncome": 1399000000, "operatingIncomeRatio": 0.1867075938, "totalOtherIncomeExpensesNet": 191000000, "incomeBeforeTax": 1103000000, "incomeBeforeTaxRatio": 0.1472040571, "incomeTaxExpense": 373000000, "netIncome": 709000000, "netIncomeRatio": 0.0946216469, "eps": 4.92, "epsdiluted": 4.87, "weightedAverageShsOut": 144000000, "weightedAverageShsOutDil": 145000000, "link": "https://www.sec.gov/Archives/edgar/data/1022079/000102207916000195/0001022079-16-000195-index.htm", "finalLink": "https://www.sec.gov/Archives/edgar/data/1022079/000102207916000195/dgx1231201510-k.htm", "calculatedOtherExpenses": -242000000, "calculatedOperatingExpenses": 1437000000, "calculatedNetInterest": -152000000, "calculatedOtherIncome": -144000000, "calculatedIncomeNonControlling": 21000000, "calculatedEbitda": 1703000000}, {"date": "2014-12-31", "symbol": "DGX", "reportedCurrency": "USD", "cik": "0001022079", "fillingDate": "2015-02-24", "acceptedDate": "2015-02-24 16:33:19", "calendarYear": "2014", "period": "FY", "revenue": 7435000000, "costOfRevenue": 4637000000, "grossProfit": 2798000000, "grossProfitRatio": 0.3763281775, "researchAndDevelopmentExpenses": 0, "generalAndAdministrativeExpenses": 1728000000, "sellingAndMarketingExpenses": 0, "sellingGeneralAndAdministrativeExpenses": 1728000000, "otherExpenses": 4000000, "operatingExpenses": 1815000000, "costAndExpenses": 6452000000, "interestIncome": 3000000, "interestExpense": 164000000, "depreciationAndAmortization": 314000000, "ebitda": 1327000000, "ebitdaratio": 0.1784801614, "operatingIncome": 983000000, "operatingIncomeRatio": 0.1322125084, "totalOtherIncomeExpensesNet": 30000000, "incomeBeforeTax": 849000000, "incomeBeforeTaxRatio": 0.1141896436, "incomeTaxExpense": 262000000, "netIncome": 556000000, "netIncomeRatio": 0.0747814391, "eps": 3.83, "epsdiluted": 3.81, "weightedAverageShsOut": 145000000, "weightedAverageShsOutDil": 145000000, "link": "https://www.sec.gov/Archives/edgar/data/1022079/000102207915000034/0001022079-15-000034-index.htm", "finalLink": "https://www.sec.gov/Archives/edgar/data/1022079/000102207915000034/dgx1231201410-k.htm", "calculatedOtherExpenses": 87000000, "calculatedOperatingExpenses": 1815000000, "calculatedNetInterest": -161000000, "calculatedOtherIncome": 27000000, "calculatedIncomeNonControlling": 31000000, "calculatedEbitda": 1297000000}, {"date": "2013-12-31", "symbol": "DGX", "reportedCurrency": "USD", "cik": "0001022079", "fillingDate": "2014-02-18", "acceptedDate": "2014-02-18 08:04:30", "calendarYear": "2013", "period": "FY", "revenue": 7146000000, "costOfRevenue": 4326000000, "grossProfit": 2820000000, "grossProfitRatio": 0.3946263644, "researchAndDevelopmentExpenses": 0, "generalAndAdministrativeExpenses": 1704000000, "sellingAndMarketingExpenses": 0, "sellingGeneralAndAdministrativeExpenses": 1704000000, "otherExpenses": 8000000, "operatingExpenses": 1819000000, "costAndExpenses": 6145000000, "interestIncome": 3000000, "interestExpense": 159000000, "depreciationAndAmortization": 283000000, "ebitda": 1316000000, "ebitdaratio": 0.1841589701, "operatingIncome": 1475000000, "operatingIncomeRatio": 0.20640918, "totalOtherIncomeExpensesNet": 506000000, "incomeBeforeTax": 1348000000, "incomeBeforeTaxRatio": 0.1886369997, "incomeTaxExpense": 500000000, "netIncome": 849000000, "netIncomeRatio": 0.1188077246, "eps": 5.58, "epsdiluted": 5.54, "weightedAverageShsOut": 152000000, "weightedAverageShsOutDil": 153000000, "link": "https://www.sec.gov/Archives/edgar/data/1022079/000102207914000013/0001022079-14-000013-index.htm", "finalLink": "https://www.sec.gov/Archives/edgar/data/1022079/000102207914000013/dgx1231201310-k.htm", "calculatedOtherExpenses": -359000000, "calculatedOperatingExpenses": 1345000000, "calculatedNetInterest": -156000000, "calculatedOtherIncome": 29000000, "calculatedIncomeNonControlling": -1000000, "calculatedEbitda": 1758000000}, {"date": "2012-12-31", "symbol": "DGX", "reportedCurrency": "USD", "cik": "0001022079", "fillingDate": "2013-02-27", "acceptedDate": "2013-02-27 16:38:49", "calendarYear": "2012", "period": "FY", "revenue": 7382600000, "costOfRevenue": 4364700000, "grossProfit": 3017900000, "grossProfitRatio": 0.4087855227, "researchAndDevelopmentExpenses": 0, "generalAndAdministrativeExpenses": 1745200000, "sellingAndMarketingExpenses": 0, "sellingGeneralAndAdministrativeExpenses": 1745200000, "otherExpenses": 6700000, "operatingExpenses": 1817100000, "costAndExpenses": 6181800000, "interestIncome": 2999000, "interestExpense": 164700000, "depreciationAndAmortization": 286600000, "ebitda": 1519700000, "ebitdaratio": 0.2058488879, "operatingIncome": 1200800000, "operatingIncomeRatio": 0.162652724, "totalOtherIncomeExpensesNet": 32300000, "incomeBeforeTax": 1068400000, "incomeBeforeTaxRatio": 0.1447186628, "incomeTaxExpense": 401900000, "netIncome": 555700000, "netIncomeRatio": 0.0752715845, "eps": 3.49, "epsdiluted": 3.46, "weightedAverageShsOut": 158600000, "weightedAverageShsOutDil": 160100000, "link": "https://www.sec.gov/Archives/edgar/data/1022079/000102207913000014/0001022079-13-000014-index.htm", "finalLink": "https://www.sec.gov/Archives/edgar/data/1022079/000102207913000014/dgx1231201210-k.htm", "calculatedOtherExpenses": 71900000, "calculatedOperatingExpenses": 1817100000, "calculatedNetInterest": -161701000, "calculatedOtherIncome": 29301000, "calculatedIncomeNonControlling": 110800000, "calculatedEbitda": 1487400000}, {"date": "2011-12-31", "symbol": "DGX", "reportedCurrency": "USD", "cik": "0001022079", "fillingDate": "2012-02-16", "acceptedDate": "2012-02-16 16:39:21", "calendarYear": "2011", "period": "FY", "revenue": 7510500000, "costOfRevenue": 4395300000, "grossProfit": 3115200000, "grossProfitRatio": 0.414779309, "researchAndDevelopmentExpenses": 0, "generalAndAdministrativeExpenses": 1814315000, "sellingAndMarketingExpenses": -15000, "sellingGeneralAndAdministrativeExpenses": 1814300000, "otherExpenses": 305794000, "operatingExpenses": 2120200000, "costAndExpenses": 6515500000, "interestIncome": 2766000, "interestExpense": 170600000, "depreciationAndAmortization": 281100000, "ebitda": 1305100000, "ebitdaratio": 0.1737700553, "operatingIncome": 995000000, "operatingIncomeRatio": 0.132481193, "totalOtherIncomeExpensesNet": 31900000, "incomeBeforeTax": 856300000, "incomeBeforeTaxRatio": 0.1140137141, "incomeTaxExpense": 349000000, "netIncome": 470600000, "netIncomeRatio": 0.0626589441, "eps": 2.95, "epsdiluted": 2.92, "weightedAverageShsOut": 158700000, "weightedAverageShsOutDil": 160200000, "link": "https://www.sec.gov/Archives/edgar/data/1022079/000093041312000949/0000930413-12-000949-index.htm", "finalLink": "https://www.sec.gov/Archives/edgar/data/1022079/000093041312000949/c68209_10k.htm", "calculatedOtherExpenses": 305900000, "calculatedOperatingExpenses": 2120200000, "calculatedNetInterest": -167834000, "calculatedOtherIncome": 29134000, "calculatedIncomeNonControlling": 36700000, "calculatedEbitda": 1276100000}, {"date": "2010-12-31", "symbol": "DGX", "reportedCurrency": "USD", "cik": "0001022079", "fillingDate": "2011-02-16", "acceptedDate": "2011-02-16 16:10:16", "calendarYear": "2010", "period": "FY", "revenue": 7368900000, "costOfRevenue": 4317200000, "grossProfit": 3051700000, "grossProfitRatio": 0.4141323671, "researchAndDevelopmentExpenses": 0, "generalAndAdministrativeExpenses": 1707673000, "sellingAndMarketingExpenses": 27000, "sellingGeneralAndAdministrativeExpenses": 1707700000, "otherExpenses": 48470000, "operatingExpenses": 1756200000, "costAndExpenses": 6073400000, "interestIncome": 1414000, "interestExpense": 146100000, "depreciationAndAmortization": 254000000, "ebitda": 1579100000, "ebitdaratio": 0.2142924996, "operatingIncome": 1295500000, "operatingIncomeRatio": 0.1758064297, "totalOtherIncomeExpensesNet": 34900000, "incomeBeforeTax": 1184300000, "incomeBeforeTaxRatio": 0.160715982, "incomeTaxExpense": 425500000, "netIncome": 720900000, "netIncomeRatio": 0.0978300696, "eps": 4.08, "epsdiluted": 4.05, "weightedAverageShsOut": 175700000, "weightedAverageShsOutDil": 177300000, "link": "https://www.sec.gov/Archives/edgar/data/1022079/000093041311001115/0000930413-11-001115-index.htm", "finalLink": "https://www.sec.gov/Archives/edgar/data/1022079/000093041311001115/c64010_10-k.htm", "calculatedOtherExpenses": 48500000, "calculatedOperatingExpenses": 1756200000, "calculatedNetInterest": -144686000, "calculatedOtherIncome": 33486000, "calculatedIncomeNonControlling": 37900000, "calculatedEbitda": 1549500000}, {"date": "2009-12-31", "symbol": "DGX", "reportedCurrency": "USD", "cik": "0001022079", "fillingDate": "2010-02-17", "acceptedDate": "2010-02-17 16:21:03", "calendarYear": "2009", "period": "FY", "revenue": 7455200000, "costOfRevenue": 4321500000, "grossProfit": 3133700000, "grossProfitRatio": 0.4203374826, "researchAndDevelopmentExpenses": 0, "generalAndAdministrativeExpenses": 1747618000, "sellingAndMarketingExpenses": -18000, "sellingGeneralAndAdministrativeExpenses": 1747600000, "otherExpenses": 27039000, "operatingExpenses": 1774600000, "costAndExpenses": 6096100000, "interestIncome": 2518000, "interestExpense": 144100000, "depreciationAndAmortization": 256700000, "ebitda": 1649100000, "ebitdaratio": 0.2212013092, "operatingIncome": 1359100000, "operatingIncomeRatio": 0.1823022857, "totalOtherIncomeExpensesNet": 12900000, "incomeBeforeTax": 1227900000, "incomeBeforeTaxRatio": 0.1647038309, "incomeTaxExpense": 460400000, "netIncome": 729100000, "netIncomeRatio": 0.0977975105, "eps": 3.91, "epsdiluted": 3.87, "weightedAverageShsOut": 185900000, "weightedAverageShsOutDil": 187800000, "link": "https://www.sec.gov/Archives/edgar/data/1022079/000093041310000862/0000930413-10-000862-index.htm", "finalLink": "https://www.sec.gov/Archives/edgar/data/1022079/000093041310000862/c60319_10k.htm", "calculatedOtherExpenses": 27000000, "calculatedOperatingExpenses": 1774600000, "calculatedNetInterest": -141582000, "calculatedOtherIncome": 10382000, "calculatedIncomeNonControlling": 38400000, "calculatedEbitda": 1615800000}, {"date": "2008-12-31", "symbol": "DGX", "reportedCurrency": "USD", "cik": "0001022079", "fillingDate": "2009-02-17", "acceptedDate": "2009-02-17 16:22:26", "calendarYear": "2008", "period": "FY", "revenue": 7249400000, "costOfRevenue": 4256100000, "grossProfit": 2993300000, "grossProfitRatio": 0.4129031368, "researchAndDevelopmentExpenses": 0, "generalAndAdministrativeExpenses": 1736934000, "sellingAndMarketingExpenses": -34000, "sellingGeneralAndAdministrativeExpenses": 1736900000, "otherExpenses": 33981000, "operatingExpenses": 1770900000, "costAndExpenses": 6027000000, "interestIncome": 5712000, "interestExpense": 185476000, "depreciationAndAmortization": 264600000, "ebitda": 1540400000, "ebitdaratio": 0.2124865506, "operatingIncome": 1222400000, "operatingIncomeRatio": 0.1686208514, "totalOtherIncomeExpensesNet": -23700000, "incomeBeforeTax": 1019000000, "incomeBeforeTaxRatio": 0.140563357, "incomeTaxExpense": 386800000, "netIncome": 581500000, "netIncomeRatio": 0.0802135349, "eps": 2.99, "epsdiluted": 2.97, "weightedAverageShsOut": 194300000, "weightedAverageShsOutDil": 196000000, "link": "https://www.sec.gov/Archives/edgar/data/1022079/000093041309000848/0000930413-09-000848-index.htm", "finalLink": "https://www.sec.gov/Archives/edgar/data/1022079/000093041309000848/c56618_10-k.htm", "calculatedOtherExpenses": 34000000, "calculatedOperatingExpenses": 1770900000, "calculatedNetInterest": -179764000, "calculatedOtherIncome": -23636000, "calculatedIncomeNonControlling": 50700000, "calculatedEbitda": 1487000000}, {"date": "2007-12-31", "symbol": "DGX", "reportedCurrency": "USD", "cik": "0001022079", "fillingDate": "2008-02-22", "acceptedDate": "2008-02-22 16:59:24", "calendarYear": "2007", "period": "FY", "revenue": 6704907000, "costOfRevenue": 3969848000, "grossProfit": 2735059000, "grossProfitRatio": 0.4079190062, "researchAndDevelopmentExpenses": 0, "generalAndAdministrativeExpenses": 1612858000, "sellingAndMarketingExpenses": 0, "sellingGeneralAndAdministrativeExpenses": 1612858000, "otherExpenses": 30865000, "operatingExpenses": 1643723000, "costAndExpenses": 5613571000, "interestIncome": 0, "interestExpense": 0, "depreciationAndAmortization": 237879000, "ebitda": 1333255000, "ebitdaratio": 0.1988476499, "operatingIncome": 1091336000, "operatingIncomeRatio": 0.1627667617, "totalOtherIncomeExpensesNet": 22929000, "incomeBeforeTax": 912402000, "incomeBeforeTaxRatio": 0.1360797398, "incomeTaxExpense": 358574000, "netIncome": 339939000, "netIncomeRatio": 0.0507000321, "eps": 1.76, "epsdiluted": 1.74, "weightedAverageShsOut": 193241000, "weightedAverageShsOutDil": 195262000, "link": "https://www.sec.gov/Archives/edgar/data/1022079/000093041308001152/0000930413-08-001152-index.htm", "finalLink": "https://www.sec.gov/Archives/edgar/data/1022079/000093041308001152/c52267_10-k.htm", "calculatedOtherExpenses": 30865000, "calculatedOperatingExpenses": 1643723000, "calculatedNetInterest": 0, "calculatedOtherIncome": -178934000, "calculatedIncomeNonControlling": 213889000, "calculatedEbitda": 1329215000}, {"date": "2006-12-31", "symbol": "DGX", "reportedCurrency": "USD", "cik": "0001022079", "fillingDate": "2007-03-01", "acceptedDate": "2007-03-01 13:34:18", "calendarYear": "2006", "period": "FY", "revenue": 6268659000, "costOfRevenue": 3696006000, "grossProfit": 2572653000, "grossProfitRatio": 0.4103992576, "researchAndDevelopmentExpenses": 0, "generalAndAdministrativeExpenses": 1433733000, "sellingAndMarketingExpenses": 0, "sellingGeneralAndAdministrativeExpenses": 1433733000, "otherExpenses": 10913000, "operatingExpenses": 1444646000, "costAndExpenses": 5140652000, "interestIncome": 0, "interestExpense": 0, "depreciationAndAmortization": 197398000, "ebitda": 1333353000, "ebitdaratio": 0.2127014725, "operatingIncome": 1128007000, "operatingIncomeRatio": 0.1799439083, "totalOtherIncomeExpensesNet": 20521000, "incomeBeforeTax": 1033273000, "incomeBeforeTaxRatio": 0.1648315852, "incomeTaxExpense": 407581000, "netIncome": 586421000, "netIncomeRatio": 0.0935480778, "eps": 2.98, "epsdiluted": 2.94, "weightedAverageShsOut": 196985000, "weightedAverageShsOutDil": 199542000, "link": "https://www.sec.gov/Archives/edgar/data/1022079/000093041307001855/0000930413-07-001855-index.htm", "finalLink": "https://www.sec.gov/Archives/edgar/data/1022079/000093041307001855/c46960_10k.htm", "calculatedOtherExpenses": 10913000, "calculatedOperatingExpenses": 1444646000, "calculatedNetInterest": 0, "calculatedOtherIncome": -94734000, "calculatedIncomeNonControlling": 39271000, "calculatedEbitda": 1325405000}, {"date": "2005-12-31", "symbol": "DGX", "reportedCurrency": "USD", "cik": "0001022079", "fillingDate": "2006-02-28", "acceptedDate": "2006-02-28 16:17:28", "calendarYear": "2005", "period": "FY", "revenue": 5503711000, "costOfRevenue": 3257335000, "grossProfit": 2246376000, "grossProfitRatio": 0.4081566056, "researchAndDevelopmentExpenses": 0, "generalAndAdministrativeExpenses": 1257775000, "sellingAndMarketingExpenses": 0, "sellingGeneralAndAdministrativeExpenses": 1257775000, "otherExpenses": 20490000, "operatingExpenses": 1278265000, "costAndExpenses": 4535600000, "interestIncome": 0, "interestExpense": 0, "depreciationAndAmortization": 176124000, "ebitda": 1166871000, "ebitdaratio": 0.2120153111, "operatingIncome": 968111000, "operatingIncomeRatio": 0.1759014963, "totalOtherIncomeExpensesNet": 3549000, "incomeBeforeTax": 910454000, "incomeBeforeTaxRatio": 0.1654254738, "incomeTaxExpense": 364177000, "netIncome": 546277000, "netIncomeRatio": 0.0992561201, "eps": 2.71, "epsdiluted": 2.66, "weightedAverageShsOut": 201833000, "weightedAverageShsOutDil": 205530000, "link": "https://www.sec.gov/Archives/edgar/data/1022079/000095011706000951/0000950117-06-000951-index.htm", "finalLink": "https://www.sec.gov/Archives/edgar/data/1022079/000095011706000951/a41430.htm", "calculatedOtherExpenses": 20490000, "calculatedOperatingExpenses": 1278265000, "calculatedNetInterest": 0, "calculatedOtherIncome": -57657000, "calculatedIncomeNonControlling": 0, "calculatedEbitda": 1144235000}, {"date": "2004-12-31", "symbol": "DGX", "reportedCurrency": "USD", "cik": "0001022079", "fillingDate": "2005-03-10", "acceptedDate": "2005-03-10 16:53:17", "calendarYear": "2004", "period": "FY", "revenue": 5126601000, "costOfRevenue": 2990712000, "grossProfit": 2135889000, "grossProfitRatio": 0.4166286785, "researchAndDevelopmentExpenses": 0, "generalAndAdministrativeExpenses": 1227746000, "sellingAndMarketingExpenses": 0, "sellingGeneralAndAdministrativeExpenses": 1227746000, "otherExpenses": 6703000, "operatingExpenses": 1234449000, "costAndExpenses": 4225161000, "interestIncome": 0, "interestExpense": 0, "depreciationAndAmortization": 168726000, "ebitda": 1080227000, "ebitdaratio": 0.2107101762, "operatingIncome": 901440000, "operatingIncomeRatio": 0.1758358023, "totalOtherIncomeExpensesNet": 10988000, "incomeBeforeTax": 835126000, "incomeBeforeTaxRatio": 0.1629005261, "incomeTaxExpense": 335931000, "netIncome": 499195000, "netIncomeRatio": 0.0973734839, "eps": 2.45, "epsdiluted": 2.35, "weightedAverageShsOut": 203753061, "weightedAverageShsOutDil": 212423404, "link": "https://www.sec.gov/Archives/edgar/data/1022079/000095011705000922/0000950117-05-000922-index.htm", "finalLink": "https://www.sec.gov/Archives/edgar/data/1022079/000095011705000922/a39336.txt", "calculatedOtherExpenses": 6703000, "calculatedOperatingExpenses": 1234449000, "calculatedNetInterest": 0, "calculatedOtherIncome": -66314000, "calculatedIncomeNonControlling": 0, "calculatedEbitda": 1070166000}, {"date": "2003-12-31", "symbol": "DGX", "reportedCurrency": "USD", "cik": "0001022079", "fillingDate": "2004-02-27", "acceptedDate": "2004-02-27 17:21:27", "calendarYear": "2003", "period": "FY", "revenue": 4737958000, "costOfRevenue": 2768623000, "grossProfit": 1969335000, "grossProfitRatio": 0.415650582, "researchAndDevelopmentExpenses": 0, "generalAndAdministrativeExpenses": 1165700000, "sellingAndMarketingExpenses": 0, "sellingGeneralAndAdministrativeExpenses": 1165700000, "otherExpenses": 8201000, "operatingExpenses": 1173901000, "costAndExpenses": 3942524000, "interestIncome": 0, "interestExpense": 0, "depreciationAndAmortization": 153903000, "ebitda": 946993000, "ebitdaratio": 0.1998736587, "operatingIncome": 795434000, "operatingIncomeRatio": 0.1678854055, "totalOtherIncomeExpensesNet": 19783000, "incomeBeforeTax": 737798000, "incomeBeforeTaxRatio": 0.1557206712, "incomeTaxExpense": 301081000, "netIncome": 436717000, "netIncomeRatio": 0.0921740969, "eps": 2.11, "epsdiluted": 2.02, "weightedAverageShsOut": 206974882, "weightedAverageShsOutDil": 216196535, "link": "https://www.sec.gov/Archives/edgar/data/1022079/000095011704000798/0000950117-04-000798-index.htm", "finalLink": "https://www.sec.gov/Archives/edgar/data/1022079/000095011704000798/a37115.txt", "calculatedOtherExpenses": 8201000, "calculatedOperatingExpenses": 1173901000, "calculatedNetInterest": 0, "calculatedOtherIncome": -57636000, "calculatedIncomeNonControlling": 0, "calculatedEbitda": 949337000}, {"date": "2002-12-31", "symbol": "DGX", "reportedCurrency": "USD", "cik": "0001022079", "fillingDate": "2003-02-28", "acceptedDate": "2003-02-28 16:33:38", "calendarYear": "2002", "period": "FY", "revenue": 4108051000, "costOfRevenue": 2432388000, "grossProfit": 1675663000, "grossProfitRatio": 0.4078973216, "researchAndDevelopmentExpenses": 0, "generalAndAdministrativeExpenses": 1074841000, "sellingAndMarketingExpenses": 0, "sellingGeneralAndAdministrativeExpenses": 1074841000, "otherExpenses": 8373000, "operatingExpenses": 1083214000, "costAndExpenses": 3515602000, "interestIncome": 0, "interestExpense": 0, "depreciationAndAmortization": 131391000, "ebitda": 705365000, "ebitdaratio": 0.1717030777, "operatingIncome": 592449000, "operatingIncomeRatio": 0.144216564, "totalOtherIncomeExpensesNet": 18475000, "incomeBeforeTax": 542377000, "incomeBeforeTaxRatio": 0.1320278156, "incomeTaxExpense": 220223000, "netIncome": 322154000, "netIncomeRatio": 0.0784201559, "eps": 1.67, "epsdiluted": 1.62, "weightedAverageShsOut": 192906587, "weightedAverageShsOutDil": 199476161, "link": "https://www.sec.gov/Archives/edgar/data/1022079/000095011703000883/0000950117-03-000883-index.htm", "finalLink": "https://www.sec.gov/Archives/edgar/data/1022079/000095011703000883/a34631.txt", "calculatedOtherExpenses": 8373000, "calculatedOperatingExpenses": 1083214000, "calculatedNetInterest": 0, "calculatedOtherIncome": -50072000, "calculatedIncomeNonControlling": 0, "calculatedEbitda": 723840000}, {"date": "2001-12-31", "symbol": "DGX", "reportedCurrency": "USD", "cik": "0001022079", "fillingDate": "2002-03-04", "acceptedDate": "2002-03-04 00:00:00", "calendarYear": "2001", "period": "FY", "revenue": 3627771000, "costOfRevenue": 2151594000, "grossProfit": 1476177000, "grossProfitRatio": 0.4069101936, "researchAndDevelopmentExpenses": 0, "generalAndAdministrativeExpenses": 1018680000, "sellingAndMarketingExpenses": 0, "sellingGeneralAndAdministrativeExpenses": 1018680000, "otherExpenses": 46107000, "operatingExpenses": 1064787000, "costAndExpenses": 3216381000, "interestIncome": 0, "interestExpense": 0, "depreciationAndAmortization": 147727000, "ebitda": 557427000, "ebitdaratio": 0.1536555091, "operatingIncome": 411390000, "operatingIncomeRatio": 0.1134002119, "totalOtherIncomeExpensesNet": 1690000, "incomeBeforeTax": 332604000, "incomeBeforeTaxRatio": 0.091682744, "incomeTaxExpense": 148692000, "netIncome": 162303000, "netIncomeRatio": 0.0447390422, "eps": 0.87, "epsdiluted": 0.83, "weightedAverageShsOut": 186555172, "weightedAverageShsOutDil": 195545783, "link": "https://www.sec.gov/Archives/edgar/data/1022079/000095011702000464/0000950117-02-000464-index.htm", "finalLink": "https://www.sec.gov/Archives/edgar/data/1022079/000095011702000464/a32159.txt", "calculatedOtherExpenses": 46107000, "calculatedOperatingExpenses": 1064787000, "calculatedNetInterest": 0, "calculatedOtherIncome": -78786000, "calculatedIncomeNonControlling": 21609000, "calculatedEbitda": 559117000}, {"date": "2000-12-31", "symbol": "DGX", "reportedCurrency": "USD", "cik": "0001022079", "fillingDate": "2001-04-02", "acceptedDate": "2001-04-02 00:00:00", "calendarYear": "2000", "period": "FY", "revenue": 3421162000, "costOfRevenue": 1967606000, "grossProfit": 1453556000, "grossProfitRatio": 0.4248720172, "researchAndDevelopmentExpenses": 0, "generalAndAdministrativeExpenses": 1001443000, "sellingAndMarketingExpenses": 0, "sellingGeneralAndAdministrativeExpenses": 1001443000, "otherExpenses": 134296000, "operatingExpenses": 1135739000, "costAndExpenses": 3103345000, "interestIncome": 0, "interestExpense": 0, "depreciationAndAmortization": 134296000, "ebitda": 455857000, "ebitdaratio": 0.1332462479, "operatingIncome": 317817000, "operatingIncomeRatio": 0.092897384, "totalOtherIncomeExpensesNet": -3744000, "incomeBeforeTax": 200981000, "incomeBeforeTaxRatio": 0.0587464142, "incomeTaxExpense": 96033000, "netIncome": 102052000, "netIncomeRatio": 0.029829631, "eps": 0.57, "epsdiluted": 0.54, "weightedAverageShsOut": 179038596, "weightedAverageShsOutDil": 188985185, "link": "https://www.sec.gov/Archives/edgar/data/1022079/000095012301500486/0000950123-01-500486-index.htm", "finalLink": "https://www.sec.gov/Archives/edgar/data/1022079/000095012301500486/y47180e10-k.txt", "calculatedOtherExpenses": 134296000, "calculatedOperatingExpenses": 1135739000, "calculatedNetInterest": 0, "calculatedOtherIncome": -116836000, "calculatedIncomeNonControlling": 2896000, "calculatedEbitda": 452113000}, {"date": "1999-12-31", "symbol": "DGX", "reportedCurrency": "USD", "cik": "0001022079", "fillingDate": "2000-03-30", "acceptedDate": "2000-03-30 00:00:00", "calendarYear": "1999", "period": "FY", "revenue": 2205200000, "costOfRevenue": 1319000000, "grossProfit": 886200000, "grossProfitRatio": 0.4018683113, "researchAndDevelopmentExpenses": 0, "generalAndAdministrativeExpenses": 643400000, "sellingAndMarketingExpenses": 0, "sellingGeneralAndAdministrativeExpenses": 643400000, "otherExpenses": 90800000, "operatingExpenses": 734200000, "costAndExpenses": 2053200000, "interestIncome": 0, "interestExpense": 0, "depreciationAndAmortization": 90800000, "ebitda": 318800000, "ebitdaratio": 0.1445673862, "operatingIncome": 152000000, "operatingIncomeRatio": 0.0689279884, "totalOtherIncomeExpensesNet": -76000000, "incomeBeforeTax": 14400000, "incomeBeforeTaxRatio": 0.00653002, "incomeTaxExpense": 15700000, "netIncome": -3400000, "netIncomeRatio": -0.0015418103, "eps": -0.025, "epsdiluted": -0.025, "weightedAverageShsOut": 136000000, "weightedAverageShsOutDil": 136000000, "link": "https://www.sec.gov/Archives/edgar/data/1022079/000091205700014960/0000912057-00-014960-index.html", "finalLink": "https://www.sec.gov/Archives/edgar/data/1022079/000091205700014960/", "calculatedOtherExpenses": 90800000, "calculatedOperatingExpenses": 734200000, "calculatedNetInterest": 0, "calculatedOtherIncome": -137600000, "calculatedIncomeNonControlling": 2100000, "calculatedEbitda": 242800000}, {"date": "1998-12-31", "symbol": "DGX", "reportedCurrency": "USD", "cik": "0001022079", "fillingDate": "1999-03-31", "acceptedDate": "1999-03-31 00:00:00", "calendarYear": "1998", "period": "FY", "revenue": 1458600000, "costOfRevenue": 813900000, "grossProfit": 644700000, "grossProfitRatio": 0.4419991773, "researchAndDevelopmentExpenses": 0, "generalAndAdministrativeExpenses": 481600000, "sellingAndMarketingExpenses": 0, "sellingGeneralAndAdministrativeExpenses": 481600000, "otherExpenses": 68800000, "operatingExpenses": 550400000, "costAndExpenses": 1364300000, "interestIncome": 0, "interestExpense": 0, "depreciationAndAmortization": 68800000, "ebitda": 170100000, "ebitdaratio": 0.1166186754, "operatingIncome": 94300000, "operatingIncomeRatio": 0.0646510352, "totalOtherIncomeExpensesNet": -7000000, "incomeBeforeTax": 53900000, "incomeBeforeTaxRatio": 0.0369532428, "incomeTaxExpense": 27000000, "netIncome": 26900000, "netIncomeRatio": 0.018442342, "eps": 0.23, "epsdiluted": 0.22, "weightedAverageShsOut": 119555556, "weightedAverageShsOutDil": 120898876, "link": "https://www.sec.gov/Archives/edgar/data/1022079/000095014699000670/0000950146-99-000670-index.html", "finalLink": "https://www.sec.gov/Archives/edgar/data/1022079/", "calculatedOtherExpenses": 68800000, "calculatedOperatingExpenses": 550400000, "calculatedNetInterest": 0, "calculatedOtherIncome": -40400000, "calculatedIncomeNonControlling": 0, "calculatedEbitda": 163100000}, {"date": "1997-12-31", "symbol": "DGX", "reportedCurrency": "USD", "cik": "0001022079", "fillingDate": "1998-03-20", "acceptedDate": "1998-03-20 00:00:00", "calendarYear": "1997", "period": "FY", "revenue": 1528700000, "costOfRevenue": 875500000, "grossProfit": 653200000, "grossProfitRatio": 0.4272911624, "researchAndDevelopmentExpenses": 0, "generalAndAdministrativeExpenses": 502100000, "sellingAndMarketingExpenses": 0, "sellingGeneralAndAdministrativeExpenses": 502100000, "otherExpenses": 76400000, "operatingExpenses": 578500000, "costAndExpenses": 1454000000, "interestIncome": 0, "interestExpense": 0, "depreciationAndAmortization": 76400000, "ebitda": 203900000, "ebitdaratio": 0.1333813044, "operatingIncome": 74700000, "operatingIncomeRatio": 0.0488650487, "totalOtherIncomeExpensesNet": -52800000, "incomeBeforeTax": -19100000, "incomeBeforeTaxRatio": -0.0124942762, "incomeTaxExpense": 3200000, "netIncome": -22300000, "netIncomeRatio": -0.0145875581, "eps": -0.19, "epsdiluted": -0.19, "weightedAverageShsOut": 115844156, "weightedAverageShsOutDil": 116153846, "link": "https://www.sec.gov/Archives/edgar/data/1022079/000095014698000451/0000950146-98-000451-index.html", "finalLink": "https://www.sec.gov/Archives/edgar/data/1022079/", "calculatedOtherExpenses": 76400000, "calculatedOperatingExpenses": 578500000, "calculatedNetInterest": 0, "calculatedOtherIncome": -93800000, "calculatedIncomeNonControlling": 0, "calculatedEbitda": 151100000}, {"date": "1996-12-31", "symbol": "DGX", "reportedCurrency": "USD", "cik": "0001022079", "fillingDate": "1997-03-19", "acceptedDate": "1997-03-19 00:00:00", "calendarYear": "1996", "period": "FY", "revenue": 1616296000, "costOfRevenue": 1010875000, "grossProfit": 605421000, "grossProfitRatio": 0.374573098, "researchAndDevelopmentExpenses": 0, "generalAndAdministrativeExpenses": 495323000, "sellingAndMarketingExpenses": 0, "sellingGeneralAndAdministrativeExpenses": 495323000, "otherExpenses": 711382000, "operatingExpenses": 1206705000, "costAndExpenses": 2217580000, "interestIncome": 0, "interestExpense": 0, "depreciationAndAmortization": 99098000, "ebitda": -502186000, "ebitdaratio": -0.3107017526, "operatingIncome": -601284000, "operatingIncomeRatio": -0.3720135421, "totalOtherIncomeExpensesNet": -74918000, "incomeBeforeTax": -676202000, "incomeBeforeTaxRatio": -0.4183652004, "incomeTaxExpense": -50242000, "netIncome": -625960000, "netIncomeRatio": -0.3872805476, "eps": -5.33, "epsdiluted": -5.33, "weightedAverageShsOut": 117451992, "weightedAverageShsOutDil": 117451992, "link": "https://www.sec.gov/Archives/edgar/data/1022079/000095014697000404/0000950146-97-000404-index.html", "finalLink": "https://www.sec.gov/Archives/edgar/data/1022079/", "calculatedOtherExpenses": 711382000, "calculatedOperatingExpenses": 1206705000, "calculatedNetInterest": 0, "calculatedOtherIncome": -74918000, "calculatedIncomeNonControlling": 0, "calculatedEbitda": -502186000}]}