{"originalCurrency": "USD", "convertedCurrency": "USD", "report": [{"date": "2023-12-31", "symbol": "DHCNL", "reportedCurrency": "USD", "cik": "0001075415", "fillingDate": "2024-02-26", "acceptedDate": "2024-02-26 16:54:49", "calendarYear": "2023", "period": "FY", "revenue": 2562216000, "costOfRevenue": 1458234000, "grossProfit": 1103982000, "grossProfitRatio": 0.4308699969, "researchAndDevelopmentExpenses": 0, "generalAndAdministrativeExpenses": 26131000, "sellingAndMarketingExpenses": 0, "sellingGeneralAndAdministrativeExpenses": 26131000, "otherExpenses": -28858000, "operatingExpenses": 28858000, "costAndExpenses": 1487092000, "interestIncome": 15536000, "interestExpense": 191775000, "depreciationAndAmortization": 284083000, "ebitda": 1359207000, "ebitdaratio": 0.5304810367, "operatingIncome": 1075124000, "operatingIncomeRatio": 0.4196070901, "totalOtherIncomeExpensesNet": -1347790000, "incomeBeforeTax": -272666000, "incomeBeforeTaxRatio": -0.1064180381, "incomeTaxExpense": 445000, "netIncome": -293572000, "netIncomeRatio": -0.1145773815, "eps": -1.23, "epsdiluted": -1.23, "weightedAverageShsOut": 238836000, "weightedAverageShsOutDil": 238836000, "link": "https://www.sec.gov/Archives/edgar/data/1075415/000107541524000007/0001075415-24-000007-index.htm", "finalLink": "https://www.sec.gov/Archives/edgar/data/1075415/000107541524000007/dhc-20231231.htm", "calculatedOtherExpenses": 2727000, "calculatedOperatingExpenses": 28858000, "calculatedNetInterest": -176239000, "calculatedOtherIncome": -1171551000, "calculatedIncomeNonControlling": 20461000, "calculatedEbitda": 1359207000}, {"date": "2022-12-31", "symbol": "DHCNL", "reportedCurrency": "USD", "cik": "0001075415", "fillingDate": "2023-03-01", "acceptedDate": "2023-03-01 17:01:49", "calendarYear": "2022", "period": "FY", "revenue": 1283566000, "costOfRevenue": 1109070000, "grossProfit": 174496000, "grossProfitRatio": 0.1359462622, "researchAndDevelopmentExpenses": 0, "generalAndAdministrativeExpenses": 26435000, "sellingAndMarketingExpenses": 0, "sellingGeneralAndAdministrativeExpenses": 26435000, "otherExpenses": 239280000, "operatingExpenses": 265715000, "costAndExpenses": 1374785000, "interestIncome": 15929000, "interestExpense": 209383000, "depreciationAndAmortization": 239280000, "ebitda": 163990000, "ebitdaratio": 0.1277612526, "operatingIncome": -75290000, "operatingIncomeRatio": -0.058656898, "totalOtherIncomeExpensesNet": 54171000, "incomeBeforeTax": -21119000, "incomeBeforeTaxRatio": -0.0164533807, "incomeTaxExpense": 710000, "netIncome": -21829000, "netIncomeRatio": -0.0170065271, "eps": -0.0916, "epsdiluted": -0.0916, "weightedAverageShsOut": 238314000, "weightedAverageShsOutDil": 238314000, "link": "https://www.sec.gov/Archives/edgar/data/1075415/000107541523000008/0001075415-23-000008-index.htm", "finalLink": "https://www.sec.gov/Archives/edgar/data/1075415/000107541523000008/dhc-20221231.htm", "calculatedOtherExpenses": 223351000, "calculatedOperatingExpenses": 249786000, "calculatedNetInterest": -193454000, "calculatedOtherIncome": 247625000, "calculatedIncomeNonControlling": 0, "calculatedEbitda": 163990000}, {"date": "2021-12-31", "symbol": "DHCNL", "reportedCurrency": "USD", "cik": "0001075415", "fillingDate": "2022-02-24", "acceptedDate": "2022-02-23 17:38:41", "calendarYear": "2021", "period": "FY", "revenue": 1383212000, "costOfRevenue": 1091812000, "grossProfit": 291400000, "grossProfitRatio": 0.2106690804, "researchAndDevelopmentExpenses": 0, "generalAndAdministrativeExpenses": 34087000, "sellingAndMarketingExpenses": 0, "sellingGeneralAndAdministrativeExpenses": 34087000, "otherExpenses": 271131000, "operatingExpenses": 305218000, "costAndExpenses": 1397030000, "interestIncome": 20635000, "interestExpense": 255759000, "depreciationAndAmortization": 271131000, "ebitda": 277948000, "ebitdaratio": 0.20094389, "operatingIncome": 6817000, "operatingIncomeRatio": 0.0049283841, "totalOtherIncomeExpensesNet": 174539000, "incomeBeforeTax": 181356000, "incomeBeforeTaxRatio": 0.1311122229, "incomeTaxExpense": 1430000, "netIncome": 174515000, "netIncomeRatio": 0.1261664879, "eps": 0.73, "epsdiluted": 0.73, "weightedAverageShsOut": 237967000, "weightedAverageShsOutDil": 237967000, "link": "https://www.sec.gov/Archives/edgar/data/1075415/000107541522000007/0001075415-22-000007-index.htm", "finalLink": "https://www.sec.gov/Archives/edgar/data/1075415/000107541522000007/dhc-20211231.htm", "calculatedOtherExpenses": 250496000, "calculatedOperatingExpenses": 284583000, "calculatedNetInterest": -235124000, "calculatedOtherIncome": 409663000, "calculatedIncomeNonControlling": 5411000, "calculatedEbitda": 277948000}, {"date": "2020-12-31", "symbol": "DHCNL", "reportedCurrency": "USD", "cik": "0001075415", "fillingDate": "2021-02-25", "acceptedDate": "2021-02-25 11:57:29", "calendarYear": "2020", "period": "FY", "revenue": 1632026000, "costOfRevenue": 1236357000, "grossProfit": 395669000, "grossProfitRatio": 0.2424403778, "researchAndDevelopmentExpenses": 0, "generalAndAdministrativeExpenses": 30593000, "sellingAndMarketingExpenses": 0, "sellingGeneralAndAdministrativeExpenses": 30593000, "otherExpenses": 270147000, "operatingExpenses": 300740000, "costAndExpenses": 1537097000, "interestIncome": 18221000, "interestExpense": 201483000, "depreciationAndAmortization": 270147000, "ebitda": 383297000, "ebitdaratio": 0.2348596162, "operatingIncome": 113150000, "operatingIncomeRatio": 0.0693310033, "totalOtherIncomeExpensesNet": -246207000, "incomeBeforeTax": -133057000, "incomeBeforeTaxRatio": -0.0815287256, "incomeTaxExpense": 1250000, "netIncome": -134307000, "netIncomeRatio": -0.0822946448, "eps": -0.56, "epsdiluted": -0.56, "weightedAverageShsOut": 237739000, "weightedAverageShsOutDil": 237739000, "link": "https://www.sec.gov/Archives/edgar/data/1075415/000107541521000005/0001075415-21-000005-index.htm", "finalLink": "https://www.sec.gov/Archives/edgar/data/1075415/000107541521000005/dhc-20201231.htm", "calculatedOtherExpenses": 251926000, "calculatedOperatingExpenses": 282519000, "calculatedNetInterest": -183262000, "calculatedOtherIncome": -62945000, "calculatedIncomeNonControlling": 0, "calculatedEbitda": 383297000}, {"date": "2019-12-31", "symbol": "DHCNL", "reportedCurrency": "USD", "cik": "0001075415", "fillingDate": "2020-03-02", "acceptedDate": "2020-03-02 11:58:30", "calendarYear": "2019", "period": "FY", "revenue": 1040155000, "costOfRevenue": 489070000, "grossProfit": 551085000, "grossProfitRatio": 0.5298104609, "researchAndDevelopmentExpenses": 0, "generalAndAdministrativeExpenses": 37028000, "sellingAndMarketingExpenses": 0, "sellingGeneralAndAdministrativeExpenses": 37028000, "otherExpenses": 289025000, "operatingExpenses": 326053000, "costAndExpenses": 815123000, "interestIncome": 941000, "interestExpense": 180112000, "depreciationAndAmortization": 289025000, "ebitda": 514998000, "ebitdaratio": 0.4951165932, "operatingIncome": 225973000, "operatingIncomeRatio": 0.2172493523, "totalOtherIncomeExpensesNet": -308815000, "incomeBeforeTax": -82842000, "incomeBeforeTaxRatio": -0.0796438992, "incomeTaxExpense": 436000, "netIncome": -83278000, "netIncomeRatio": -0.0800630675, "eps": -0.35, "epsdiluted": -0.35, "weightedAverageShsOut": 237604000, "weightedAverageShsOutDil": 237604000, "link": "https://www.sec.gov/Archives/edgar/data/1075415/000107541520000009/0001075415-20-000009-index.htm", "finalLink": "https://www.sec.gov/Archives/edgar/data/1075415/000107541520000009/dhc12311910kdocument.htm", "calculatedOtherExpenses": 288084000, "calculatedOperatingExpenses": 325112000, "calculatedNetInterest": -179171000, "calculatedOtherIncome": -129644000, "calculatedIncomeNonControlling": 0, "calculatedEbitda": 514998000}, {"date": "2018-12-31", "symbol": "DHCNL", "reportedCurrency": "USD", "cik": "0001075415", "fillingDate": "2019-03-01", "acceptedDate": "2019-03-01 16:17:43", "calendarYear": "2018", "period": "FY", "revenue": 1117164000, "costOfRevenue": 451581000, "grossProfit": 665583000, "grossProfitRatio": 0.5957791336, "researchAndDevelopmentExpenses": 0, "generalAndAdministrativeExpenses": 85885000, "sellingAndMarketingExpenses": 0, "sellingGeneralAndAdministrativeExpenses": 85885000, "otherExpenses": 286235000, "operatingExpenses": 372120000, "costAndExpenses": 823701000, "interestIncome": 667000, "interestExpense": 179287000, "depreciationAndAmortization": 286235000, "ebitda": 580365000, "ebitdaratio": 0.5194984801, "operatingIncome": 293463000, "operatingIncomeRatio": 0.2626856934, "totalOtherIncomeExpensesNet": 177531000, "incomeBeforeTax": 292374000, "incomeBeforeTaxRatio": 0.2617109037, "incomeTaxExpense": 476000, "netIncome": 286872000, "netIncomeRatio": 0.256785933, "eps": 1.21, "epsdiluted": 1.21, "weightedAverageShsOut": 237511000, "weightedAverageShsOutDil": 237546000, "link": "https://www.sec.gov/Archives/edgar/data/1075415/000107541519000013/0001075415-19-000013-index.htm", "finalLink": "https://www.sec.gov/Archives/edgar/data/1075415/000107541519000013/snh_123118x10kdocument.htm", "calculatedOtherExpenses": 286235000, "calculatedOperatingExpenses": 372120000, "calculatedNetInterest": -178620000, "calculatedOtherIncome": 177531000, "calculatedIncomeNonControlling": 5026000, "calculatedEbitda": 579698000}, {"date": "2017-12-31", "symbol": "DHCNL", "reportedCurrency": "USD", "cik": "0001075415", "fillingDate": "2018-02-27", "acceptedDate": "2018-02-27 17:23:36", "calendarYear": "2017", "period": "FY", "revenue": 1074819000, "costOfRevenue": 413430000, "grossProfit": 661389000, "grossProfitRatio": 0.615349189, "researchAndDevelopmentExpenses": 0, "generalAndAdministrativeExpenses": 103702000, "sellingAndMarketingExpenses": 0, "sellingGeneralAndAdministrativeExpenses": 103702000, "otherExpenses": 276861000, "operatingExpenses": 380563000, "costAndExpenses": 793993000, "interestIncome": 406000, "interestExpense": 165019000, "depreciationAndAmortization": 276861000, "ebitda": 558093000, "ebitdaratio": 0.5192437052, "operatingIncome": 275197000, "operatingIncomeRatio": 0.2560403193, "totalOtherIncomeExpensesNet": -10619000, "incomeBeforeTax": 105594000, "incomeBeforeTaxRatio": 0.0982435182, "incomeTaxExpense": 454000, "netIncome": 147610000, "netIncomeRatio": 0.1373347512, "eps": 0.62, "epsdiluted": 0.62, "weightedAverageShsOut": 237420000, "weightedAverageShsOutDil": 237452000, "link": "https://www.sec.gov/Archives/edgar/data/1075415/000107541518000010/0001075415-18-000010-index.htm", "finalLink": "https://www.sec.gov/Archives/edgar/data/1075415/000107541518000010/snh_123117x10kdocument.htm", "calculatedOtherExpenses": 282490000, "calculatedOperatingExpenses": 386192000, "calculatedNetInterest": -164613000, "calculatedOtherIncome": -4990000, "calculatedIncomeNonControlling": -42470000, "calculatedEbitda": 552058000}, {"date": "2016-12-31", "symbol": "DHCNL", "reportedCurrency": "USD", "cik": "0001075415", "fillingDate": "2017-02-27", "acceptedDate": "2017-02-27 16:34:08", "calendarYear": "2016", "period": "FY", "revenue": 1058022000, "costOfRevenue": 399790000, "grossProfit": 658232000, "grossProfitRatio": 0.6221345114, "researchAndDevelopmentExpenses": 0, "generalAndAdministrativeExpenses": 46559000, "sellingAndMarketingExpenses": 0, "sellingGeneralAndAdministrativeExpenses": 46559000, "otherExpenses": 287831000, "operatingExpenses": 334390000, "costAndExpenses": 734180000, "interestIncome": 430000, "interestExpense": 167574000, "depreciationAndAmortization": 287831000, "ebitda": 612103000, "ebitdaratio": 0.5785352289, "operatingIncome": 303083000, "operatingIncomeRatio": 0.2864619072, "totalOtherIncomeExpensesNet": -19177000, "incomeBeforeTax": 137521000, "incomeBeforeTaxRatio": 0.1299793388, "incomeTaxExpense": 424000, "netIncome": 141295000, "netIncomeRatio": 0.1335463724, "eps": 0.6, "epsdiluted": 0.6, "weightedAverageShsOut": 237345000, "weightedAverageShsOutDil": 237382000, "link": "https://www.sec.gov/Archives/edgar/data/1075415/000107541517000007/0001075415-17-000007-index.htm", "finalLink": "https://www.sec.gov/Archives/edgar/data/1075415/000107541517000007/snh_123116x10kdocument.htm", "calculatedOtherExpenses": 308590000, "calculatedOperatingExpenses": 355149000, "calculatedNetInterest": -167144000, "calculatedOtherIncome": 1582000, "calculatedIncomeNonControlling": -4198000, "calculatedEbitda": 590914000}, {"date": "2015-12-31", "symbol": "DHCNL", "reportedCurrency": "USD", "cik": "0001075415", "fillingDate": "2016-02-24", "acceptedDate": "2016-02-23 18:50:50", "calendarYear": "2015", "period": "FY", "revenue": 998773000, "costOfRevenue": 377579000, "grossProfit": 621194000, "grossProfitRatio": 0.6219571414, "researchAndDevelopmentExpenses": 0, "generalAndAdministrativeExpenses": 42830000, "sellingAndMarketingExpenses": 0, "sellingGeneralAndAdministrativeExpenses": 42830000, "otherExpenses": -38437000, "operatingExpenses": 300613000, "costAndExpenses": 678192000, "interestIncome": 379000, "interestExpense": 150881000, "depreciationAndAmortization": 257783000, "ebitda": 540306000, "ebitdaratio": 0.5409697699, "operatingIncome": 313534000, "operatingIncomeRatio": 0.3139191788, "totalOtherIncomeExpensesNet": -44605000, "incomeBeforeTax": 125474000, "incomeBeforeTaxRatio": 0.1256281457, "incomeTaxExpense": 574000, "netIncome": 123968000, "netIncomeRatio": 0.1241202956, "eps": 0.53, "epsdiluted": 0.53, "weightedAverageShsOut": 232931000, "weightedAverageShsOutDil": 232963000, "link": "https://www.sec.gov/Archives/edgar/data/1075415/000155837016003411/0001558370-16-003411-index.htm", "finalLink": "https://www.sec.gov/Archives/edgar/data/1075415/000155837016003411/snh-20151231x10k.htm", "calculatedOtherExpenses": 264830000, "calculatedOperatingExpenses": 307660000, "calculatedNetInterest": -150502000, "calculatedOtherIncome": -37558000, "calculatedIncomeNonControlling": 932000, "calculatedEbitda": 571317000}, {"date": "2014-12-31", "symbol": "DHCNL", "reportedCurrency": "USD", "cik": "0001075415", "fillingDate": "2015-02-27", "acceptedDate": "2015-02-27 14:46:35", "calendarYear": "2014", "period": "FY", "revenue": 844887000, "costOfRevenue": 324564000, "grossProfit": 520323000, "grossProfitRatio": 0.6158492201, "researchAndDevelopmentExpenses": 0, "generalAndAdministrativeExpenses": 38946000, "sellingAndMarketingExpenses": 0, "sellingGeneralAndAdministrativeExpenses": 38946000, "otherExpenses": 185391000, "operatingExpenses": 224337000, "costAndExpenses": 548901000, "interestIncome": 425000, "interestExpense": 135114000, "depreciationAndAmortization": 185391000, "ebitda": 481802000, "ebitdaratio": 0.5702561408, "operatingIncome": 291389000, "operatingIncomeRatio": 0.344885174, "totalOtherIncomeExpensesNet": -4609000, "incomeBeforeTax": 156688000, "incomeBeforeTaxRatio": 0.1854543862, "incomeTaxExpense": 576000, "netIncome": 158637000, "netIncomeRatio": 0.1877612036, "eps": 0.8, "epsdiluted": 0.8, "weightedAverageShsOut": 198868000, "weightedAverageShsOutDil": 198894000, "link": "https://www.sec.gov/Archives/edgar/data/1075415/000155837015000221/0001558370-15-000221-index.htm", "finalLink": "https://www.sec.gov/Archives/edgar/data/1075415/000155837015000221/snh-20141231x10k.htm", "calculatedOtherExpenses": 189988000, "calculatedOperatingExpenses": 228934000, "calculatedNetInterest": -134689000, "calculatedOtherIncome": -12000, "calculatedIncomeNonControlling": -2525000, "calculatedEbitda": 476780000}, {"date": "2013-12-31", "symbol": "DHCNL", "reportedCurrency": "USD", "cik": "0001075415", "fillingDate": "2014-03-03", "acceptedDate": "2014-03-03 14:08:26", "calendarYear": "2013", "period": "FY", "revenue": 761438000, "costOfRevenue": 299878000, "grossProfit": 461560000, "grossProfitRatio": 0.6061688542, "researchAndDevelopmentExpenses": 0, "generalAndAdministrativeExpenses": 32657000, "sellingAndMarketingExpenses": 0, "sellingGeneralAndAdministrativeExpenses": 32657000, "otherExpenses": 153026000, "operatingExpenses": 185683000, "costAndExpenses": 485561000, "interestIncome": 711000, "interestExpense": 117819000, "depreciationAndAmortization": 153026000, "ebitda": 429614000, "ebitdaratio": 0.5642140266, "operatingIncome": 264510000, "operatingIncomeRatio": 0.34738219, "totalOtherIncomeExpensesNet": 25228000, "incomeBeforeTax": 183997000, "incomeBeforeTaxRatio": 0.2416440997, "incomeTaxExpense": 600000, "netIncome": 151164000, "netIncomeRatio": 0.198524371, "eps": 0.81, "epsdiluted": 0.81, "weightedAverageShsOut": 187271000, "weightedAverageShsOutDil": 187414000, "link": "https://www.sec.gov/Archives/edgar/data/1075415/000104746914001668/0001047469-14-001668-index.htm", "finalLink": "https://www.sec.gov/Archives/edgar/data/1075415/000104746914001668/a2218465z10-k.htm", "calculatedOtherExpenses": 164393000, "calculatedOperatingExpenses": 197050000, "calculatedNetInterest": -117108000, "calculatedOtherIncome": 36595000, "calculatedIncomeNonControlling": 32233000, "calculatedEbitda": 417536000}, {"date": "2012-12-31", "symbol": "DHCNL", "reportedCurrency": "USD", "cik": "0001075415", "fillingDate": "2013-02-19", "acceptedDate": "2013-02-19 17:19:08", "calendarYear": "2012", "period": "FY", "revenue": 644842000, "costOfRevenue": 201263000, "grossProfit": 443579000, "grossProfitRatio": 0.6878878857, "researchAndDevelopmentExpenses": 0, "generalAndAdministrativeExpenses": 31517000, "sellingAndMarketingExpenses": 0, "sellingGeneralAndAdministrativeExpenses": 31517000, "otherExpenses": 141456000, "operatingExpenses": 172973000, "costAndExpenses": 374236000, "interestIncome": 1117000, "interestExpense": 117240000, "depreciationAndAmortization": 141456000, "ebitda": 413495000, "ebitdaratio": 0.641234597, "operatingIncome": 258141000, "operatingIncomeRatio": 0.4003166667, "totalOtherIncomeExpensesNet": -18224000, "incomeBeforeTax": 136259000, "incomeBeforeTaxRatio": 0.2113060254, "incomeTaxExpense": 375000, "netIncome": 135884000, "netIncomeRatio": 0.2107244875, "eps": 0.8, "epsdiluted": 0.8, "weightedAverageShsOut": 169508000, "weightedAverageShsOutDil": 169671000, "link": "https://www.sec.gov/Archives/edgar/data/1075415/000104746913001252/0001047469-13-001252-index.htm", "finalLink": "https://www.sec.gov/Archives/edgar/data/1075415/000104746913001252/a2212879z10-k.htm", "calculatedOtherExpenses": 153921000, "calculatedOperatingExpenses": 185438000, "calculatedNetInterest": -116123000, "calculatedOtherIncome": -5759000, "calculatedIncomeNonControlling": 0, "calculatedEbitda": 399597000}, {"date": "2011-12-31", "symbol": "DHCNL", "reportedCurrency": "USD", "cik": "0001075415", "fillingDate": "2012-02-17", "acceptedDate": "2012-02-17 16:52:05", "calendarYear": "2011", "period": "FY", "revenue": 450017000, "costOfRevenue": 68967000, "grossProfit": 381050000, "grossProfitRatio": 0.8467457896, "researchAndDevelopmentExpenses": 0, "generalAndAdministrativeExpenses": 26041000, "sellingAndMarketingExpenses": 0, "sellingGeneralAndAdministrativeExpenses": 26041000, "otherExpenses": 139306000, "operatingExpenses": 139306000, "costAndExpenses": 208273000, "interestIncome": 1451000, "interestExpense": 98262000, "depreciationAndAmortization": 113265000, "ebitda": 356599000, "ebitdaratio": 0.7924122866, "operatingIncome": 227515000, "operatingIncomeRatio": 0.5055697896, "totalOtherIncomeExpensesNet": 6798000, "incomeBeforeTax": 151731000, "incomeBeforeTaxRatio": 0.3371672626, "incomeTaxExpense": 312000, "netIncome": 151419000, "netIncomeRatio": 0.3364739554, "eps": 1.01, "epsdiluted": 1.01, "weightedAverageShsOut": 149577000, "weightedAverageShsOutDil": 149577000, "link": "https://www.sec.gov/Archives/edgar/data/1075415/000104746912001158/0001047469-12-001158-index.htm", "finalLink": "https://www.sec.gov/Archives/edgar/data/1075415/000104746912001158/a2206945z10-k.htm", "calculatedOtherExpenses": 127494000, "calculatedOperatingExpenses": 153535000, "calculatedNetInterest": -96811000, "calculatedOtherIncome": 21027000, "calculatedIncomeNonControlling": 0, "calculatedEbitda": 340780000}, {"date": "2010-12-31", "symbol": "DHCNL", "reportedCurrency": "USD", "cik": "0001075415", "fillingDate": "2011-02-24", "acceptedDate": "2011-02-24 14:53:58", "calendarYear": "2010", "period": "FY", "revenue": 339009000, "costOfRevenue": 19195000, "grossProfit": 319814000, "grossProfitRatio": 0.9433790843, "researchAndDevelopmentExpenses": 0, "generalAndAdministrativeExpenses": 21865000, "sellingAndMarketingExpenses": 0, "sellingGeneralAndAdministrativeExpenses": 21865000, "otherExpenses": 112274000, "operatingExpenses": 112274000, "costAndExpenses": 131469000, "interestIncome": 1162000, "interestExpense": 80017000, "depreciationAndAmortization": 91300000, "ebitda": 300001000, "ebitdaratio": 0.8849352082, "operatingIncome": 203930000, "operatingIncomeRatio": 0.6015474515, "totalOtherIncomeExpensesNet": -11900000, "incomeBeforeTax": 116785000, "incomeBeforeTaxRatio": 0.3444893793, "incomeTaxExpense": 300000, "netIncome": 116485000, "netIncomeRatio": 0.3436044471, "eps": 0.91, "epsdiluted": 0.91, "weightedAverageShsOut": 128092000, "weightedAverageShsOutDil": 128092000, "link": "https://www.sec.gov/Archives/edgar/data/1075415/000104746911001263/0001047469-11-001263-index.htm", "finalLink": "https://www.sec.gov/Archives/edgar/data/1075415/000104746911001263/a2201648z10-k.htm", "calculatedOtherExpenses": 94019000, "calculatedOperatingExpenses": 115884000, "calculatedNetInterest": -78855000, "calculatedOtherIncome": -8290000, "calculatedIncomeNonControlling": 0, "calculatedEbitda": 295230000}, {"date": "2009-12-31", "symbol": "DHCNL", "reportedCurrency": "USD", "cik": "0001075415", "fillingDate": "2010-02-19", "acceptedDate": "2010-02-19 17:30:03", "calendarYear": "2009", "period": "FY", "revenue": 297780000, "costOfRevenue": 14273000, "grossProfit": 283507000, "grossProfitRatio": 0.9520686413, "researchAndDevelopmentExpenses": 0, "generalAndAdministrativeExpenses": 20345000, "sellingAndMarketingExpenses": 3327000, "sellingGeneralAndAdministrativeExpenses": 23672000, "otherExpenses": 98928000, "operatingExpenses": 102255000, "costAndExpenses": 116528000, "interestIncome": 0, "interestExpense": 56404000, "depreciationAndAmortization": 79589000, "ebitda": 275974000, "ebitdaratio": 0.926771442, "operatingIncome": 109318000, "operatingIncomeRatio": 0.3671099469, "totalOtherIncomeExpensesNet": -15133000, "incomeBeforeTax": 109715000, "incomeBeforeTaxRatio": 0.3684431459, "incomeTaxExpense": 71537000, "netIncome": 109715000, "netIncomeRatio": 0.3684431459, "eps": 0.9, "epsdiluted": 0.9, "weightedAverageShsOut": 121863000, "weightedAverageShsOutDil": 121863000, "link": "https://www.sec.gov/Archives/edgar/data/1075415/000104746910001036/0001047469-10-001036-index.htm", "finalLink": "https://www.sec.gov/Archives/edgar/data/1075415/000104746910001036/a2196416z10-k.htm", "calculatedOtherExpenses": 150517000, "calculatedOperatingExpenses": 174189000, "calculatedNetInterest": -56404000, "calculatedOtherIncome": 56801000, "calculatedIncomeNonControlling": -71537000, "calculatedEbitda": 188907000}, {"date": "2008-12-31", "symbol": "DHCNL", "reportedCurrency": "USD", "cik": "0001075415", "fillingDate": "2009-03-02", "acceptedDate": "2009-03-02 15:33:15", "calendarYear": "2008", "period": "FY", "revenue": 235537000, "costOfRevenue": 2792000, "grossProfit": 232745000, "grossProfitRatio": 0.988146236, "researchAndDevelopmentExpenses": 0, "generalAndAdministrativeExpenses": 17136000, "sellingAndMarketingExpenses": 0, "sellingGeneralAndAdministrativeExpenses": 17136000, "otherExpenses": 77967000, "operatingExpenses": 89138000, "costAndExpenses": 89138000, "interestIncome": 0, "interestExpense": 40154000, "depreciationAndAmortization": 63008000, "ebitda": 209141000, "ebitdaratio": 0.8879326815, "operatingIncome": 106245000, "operatingIncomeRatio": 0.4510756272, "totalOtherIncomeExpensesNet": 266000, "incomeBeforeTax": 106511000, "incomeBeforeTaxRatio": 0.4522049614, "incomeTaxExpense": 39888000, "netIncome": 106511000, "netIncomeRatio": 0.4522049614, "eps": 1.01, "epsdiluted": 1.01, "weightedAverageShsOut": 105153000, "weightedAverageShsOutDil": 105153000, "link": "https://www.sec.gov/Archives/edgar/data/1075415/000104746909002109/0001047469-09-002109-index.htm", "finalLink": "https://www.sec.gov/Archives/edgar/data/1075415/000104746909002109/a2190821z10-k.htm", "calculatedOtherExpenses": 109364000, "calculatedOperatingExpenses": 126500000, "calculatedNetInterest": -40154000, "calculatedOtherIncome": 40420000, "calculatedIncomeNonControlling": -39888000, "calculatedEbitda": 169253000}, {"date": "2007-12-31", "symbol": "DHCNL", "reportedCurrency": "USD", "cik": "0001075415", "fillingDate": "2008-02-29", "acceptedDate": "2008-02-29 12:46:54", "calendarYear": "2007", "period": "FY", "revenue": 188022000, "costOfRevenue": 85303000, "grossProfit": 102719000, "grossProfitRatio": 0.5463137292, "researchAndDevelopmentExpenses": 0, "generalAndAdministrativeExpenses": 14154000, "sellingAndMarketingExpenses": 0, "sellingGeneralAndAdministrativeExpenses": 14154000, "otherExpenses": 47384000, "operatingExpenses": 61538000, "costAndExpenses": 61538000, "interestIncome": 0, "interestExpense": 0, "depreciationAndAmortization": 47384000, "ebitda": 177294000, "ebitdaratio": 0.9429428471, "operatingIncome": 123458000, "operatingIncomeRatio": 0.6566146515, "totalOtherIncomeExpensesNet": -3426000, "incomeBeforeTax": 85303000, "incomeBeforeTaxRatio": 0.4536862708, "incomeTaxExpense": 41181000, "netIncome": 85303000, "netIncomeRatio": 0.4536862708, "eps": 1.03, "epsdiluted": 1.03, "weightedAverageShsOut": 83168000, "weightedAverageShsOutDil": 83168000, "link": "https://www.sec.gov/Archives/edgar/data/1075415/000110465908014130/0001104659-08-014130-index.htm", "finalLink": "https://www.sec.gov/Archives/edgar/data/1075415/000110465908014130/a08-2533_110k.htm", "calculatedOtherExpenses": -34893000, "calculatedOperatingExpenses": -20739000, "calculatedNetInterest": 0, "calculatedOtherIncome": -38155000, "calculatedIncomeNonControlling": -41181000, "calculatedEbitda": 170842000}, {"date": "2006-12-31", "symbol": "DHCNL", "reportedCurrency": "USD", "cik": "0001075415", "fillingDate": "2007-02-28", "acceptedDate": "2007-02-28 17:05:40", "calendarYear": "2006", "period": "FY", "revenue": 179806000, "costOfRevenue": 21000, "grossProfit": 179785000, "grossProfitRatio": 0.9998832075, "researchAndDevelopmentExpenses": 0, "generalAndAdministrativeExpenses": 14645000, "sellingAndMarketingExpenses": 0, "sellingGeneralAndAdministrativeExpenses": 14645000, "otherExpenses": 44073000, "operatingExpenses": 58718000, "costAndExpenses": 58718000, "interestIncome": 1434000, "interestExpense": 47020000, "depreciationAndAmortization": 44073000, "ebitda": 173107000, "ebitdaratio": 0.9627431788, "operatingIncome": 113142000, "operatingIncomeRatio": 0.6292448528, "totalOtherIncomeExpensesNet": -7946000, "incomeBeforeTax": 66101000, "incomeBeforeTaxRatio": 0.3676239947, "incomeTaxExpense": 54987000, "netIncome": 66101000, "netIncomeRatio": 0.3676239947, "eps": 0.91, "epsdiluted": 0.91, "weightedAverageShsOut": 72529000, "weightedAverageShsOutDil": 72529000, "link": "https://www.sec.gov/Archives/edgar/data/1075415/000110465907015004/0001104659-07-015004-index.htm", "finalLink": "https://www.sec.gov/Archives/edgar/data/1075415/000110465907015004/a07-5500_110k.htm", "calculatedOtherExpenses": 51998000, "calculatedOperatingExpenses": 66643000, "calculatedNetInterest": -45586000, "calculatedOtherIncome": -1455000, "calculatedIncomeNonControlling": -54987000, "calculatedEbitda": 157215000}, {"date": "2005-12-31", "symbol": "DHCNL", "reportedCurrency": "USD", "cik": "0001075415", "fillingDate": "2006-03-13", "acceptedDate": "2006-03-13 17:22:57", "calendarYear": "2005", "period": "FY", "revenue": 163187000, "costOfRevenue": 5931000, "grossProfit": 157256000, "grossProfitRatio": 0.9636551931, "researchAndDevelopmentExpenses": 0, "generalAndAdministrativeExpenses": 13117000, "sellingAndMarketingExpenses": 0, "sellingGeneralAndAdministrativeExpenses": 13117000, "otherExpenses": 43694000, "operatingExpenses": 56811000, "costAndExpenses": 56811000, "interestIncome": 1922000, "interestExpense": 46633000, "depreciationAndAmortization": 45906000, "ebitda": 159251000, "ebitdaratio": 0.9758804317, "operatingIncome": 99407000, "operatingIncomeRatio": 0.6091600434, "totalOtherIncomeExpensesNet": -6969000, "incomeBeforeTax": 58705000, "incomeBeforeTaxRatio": 0.3597406656, "incomeTaxExpense": 47671000, "netIncome": 58705000, "netIncomeRatio": 0.3597406656, "eps": 0.93, "epsdiluted": 0.93, "weightedAverageShsOut": 68757000, "weightedAverageShsOutDil": 68757000, "link": "https://www.sec.gov/Archives/edgar/data/1075415/000110465906016205/0001104659-06-016205-index.htm", "finalLink": "https://www.sec.gov/Archives/edgar/data/1075415/000110465906016205/a06-1932_110k.htm", "calculatedOtherExpenses": 44732000, "calculatedOperatingExpenses": 57849000, "calculatedNetInterest": -44711000, "calculatedOtherIncome": 4009000, "calculatedIncomeNonControlling": -47671000, "calculatedEbitda": 145313000}, {"date": "2004-12-31", "symbol": "DHCNL", "reportedCurrency": "USD", "cik": "0001075415", "fillingDate": "2005-03-09", "acceptedDate": "2005-03-09 14:55:46", "calendarYear": "2004", "period": "FY", "revenue": 148523000, "costOfRevenue": 0, "grossProfit": 148523000, "grossProfitRatio": 1, "researchAndDevelopmentExpenses": 0, "generalAndAdministrativeExpenses": 11863000, "sellingAndMarketingExpenses": 0, "sellingGeneralAndAdministrativeExpenses": 11863000, "otherExpenses": 39301000, "operatingExpenses": 51164000, "costAndExpenses": 51164000, "interestIncome": 0, "interestExpense": 0, "depreciationAndAmortization": 41408000, "ebitda": 138767000, "ebitdaratio": 0.934313204, "operatingIncome": 97359000, "operatingIncomeRatio": 0.6555146341, "totalOtherIncomeExpensesNet": 1219000, "incomeBeforeTax": 56742000, "incomeBeforeTaxRatio": 0.3820418386, "incomeTaxExpense": 41836000, "netIncome": 56742000, "netIncomeRatio": 0.3820418386, "eps": 0.89, "epsdiluted": 0.89, "weightedAverageShsOut": 63406000, "weightedAverageShsOutDil": 63406000, "link": "https://www.sec.gov/Archives/edgar/data/1075415/000110465905010121/0001104659-05-010121-index.htm", "finalLink": "https://www.sec.gov/Archives/edgar/data/1075415/000110465905010121/a05-2043_110k.htm", "calculatedOtherExpenses": 39301000, "calculatedOperatingExpenses": 51164000, "calculatedNetInterest": 0, "calculatedOtherIncome": -40617000, "calculatedIncomeNonControlling": -41836000, "calculatedEbitda": 138767000}, {"date": "2003-12-31", "symbol": "DHCNL", "reportedCurrency": "USD", "cik": "0001075415", "fillingDate": "2004-03-12", "acceptedDate": "2004-03-12 15:37:35", "calendarYear": "2003", "period": "FY", "revenue": 131148000, "costOfRevenue": 0, "grossProfit": 131148000, "grossProfitRatio": 1, "researchAndDevelopmentExpenses": 0, "generalAndAdministrativeExpenses": 10487000, "sellingAndMarketingExpenses": 0, "sellingGeneralAndAdministrativeExpenses": 10487000, "otherExpenses": 35728000, "operatingExpenses": 46215000, "costAndExpenses": 46215000, "interestIncome": 1960000, "interestExpense": 35088000, "depreciationAndAmortization": 35728000, "ebitda": 121821000, "ebitdaratio": 0.9288818739, "operatingIncome": 84933000, "operatingIncomeRatio": 0.6476118584, "totalOtherIncomeExpensesNet": -1160000, "incomeBeforeTax": 45874000, "incomeBeforeTaxRatio": 0.3497880257, "incomeTaxExpense": 39059000, "netIncome": 45874000, "netIncomeRatio": 0.3497880257, "eps": 0.78, "epsdiluted": 0.78, "weightedAverageShsOut": 58445000, "weightedAverageShsOutDil": 58445000, "link": "https://www.sec.gov/Archives/edgar/data/1075415/000110465904007217/0001104659-04-007217-index.htm", "finalLink": "https://www.sec.gov/Archives/edgar/data/1075415/000110465904007217/a04-3260_110k.htm", "calculatedOtherExpenses": 35728000, "calculatedOperatingExpenses": 46215000, "calculatedNetInterest": -33128000, "calculatedOtherIncome": -5931000, "calculatedIncomeNonControlling": -39059000, "calculatedEbitda": 120661000}, {"date": "2002-12-31", "symbol": "DHCNL", "reportedCurrency": "USD", "cik": "0001075415", "fillingDate": "2003-03-28", "acceptedDate": "2003-03-27 21:01:36", "calendarYear": "2002", "period": "FY", "revenue": 122297000, "costOfRevenue": 106837000, "grossProfit": 15460000, "grossProfitRatio": 0.126413567, "researchAndDevelopmentExpenses": 0, "generalAndAdministrativeExpenses": 8479000, "sellingAndMarketingExpenses": 0, "sellingGeneralAndAdministrativeExpenses": 8479000, "otherExpenses": 31595000, "operatingExpenses": 40074000, "costAndExpenses": 40074000, "interestIncome": 0, "interestExpense": 0, "depreciationAndAmortization": 31596000, "ebitda": 113819000, "ebitdaratio": 0.9306769586, "operatingIncome": 82223000, "operatingIncomeRatio": 0.6723222974, "totalOtherIncomeExpensesNet": 52013000, "incomeBeforeTax": 50184000, "incomeBeforeTaxRatio": 0.4103453069, "incomeTaxExpense": 84052000, "netIncome": 50184000, "netIncomeRatio": 0.4103453069, "eps": 0.89, "epsdiluted": 0.89, "weightedAverageShsOut": 56416000, "weightedAverageShsOutDil": 56416000, "link": "https://www.sec.gov/Archives/edgar/data/1075415/000110465903005173/0001104659-03-005173-index.htm", "finalLink": "https://www.sec.gov/Archives/edgar/data/1075415/000110465903005173/j8870_10k.htm", "calculatedOtherExpenses": -75242000, "calculatedOperatingExpenses": -66763000, "calculatedNetInterest": 0, "calculatedOtherIncome": -32039000, "calculatedIncomeNonControlling": -84052000, "calculatedEbitda": 113819000}, {"date": "2001-12-31", "symbol": "DHCNL", "reportedCurrency": "USD", "cik": "0001075415", "fillingDate": "2002-03-28", "acceptedDate": "2002-03-28 00:00:00", "calendarYear": "2001", "period": "FY", "revenue": 279012000, "costOfRevenue": 0, "grossProfit": 279012000, "grossProfitRatio": 1, "researchAndDevelopmentExpenses": 0, "generalAndAdministrativeExpenses": 4129000, "sellingAndMarketingExpenses": 0, "sellingGeneralAndAdministrativeExpenses": 4129000, "otherExpenses": 242632000, "operatingExpenses": 246761000, "costAndExpenses": 246761000, "interestIncome": 0, "interestExpense": 0, "depreciationAndAmortization": 19431000, "ebitda": 59581000, "ebitdaratio": 0.2135427867, "operatingIncome": 24352000, "operatingIncomeRatio": 0.0872794002, "totalOtherIncomeExpensesNet": -7899000, "incomeBeforeTax": 16453000, "incomeBeforeTaxRatio": 0.0589687899, "incomeTaxExpense": 15233000, "netIncome": 17018000, "netIncomeRatio": 0.0609937924, "eps": 0.55, "epsdiluted": 0.55, "weightedAverageShsOut": 30859000, "weightedAverageShsOutDil": 30859000, "link": "https://www.sec.gov/Archives/edgar/data/1075415/000090873702000130/0000908737-02-000130-index.htm", "finalLink": "https://www.sec.gov/Archives/edgar/data/1075415/000090873702000130/snh10k2002.txt", "calculatedOtherExpenses": 250531000, "calculatedOperatingExpenses": 254660000, "calculatedNetInterest": 0, "calculatedOtherIncome": -7899000, "calculatedIncomeNonControlling": -15798000, "calculatedEbitda": 43783000}, {"date": "2000-12-31", "symbol": "DHCNL", "reportedCurrency": "USD", "cik": "0001075415", "fillingDate": "2001-04-02", "acceptedDate": "2001-04-02 00:00:00", "calendarYear": "2000", "period": "FY", "revenue": 75522000, "costOfRevenue": 0, "grossProfit": 75522000, "grossProfitRatio": 1, "researchAndDevelopmentExpenses": 0, "generalAndAdministrativeExpenses": 8994000, "sellingAndMarketingExpenses": 0, "sellingGeneralAndAdministrativeExpenses": 8994000, "otherExpenses": 20140000, "operatingExpenses": 29134000, "costAndExpenses": 29134000, "interestIncome": 0, "interestExpense": 15366000, "depreciationAndAmortization": 20140000, "ebitda": 39113000, "ebitdaratio": 0.5179020683, "operatingIncome": 46388000, "operatingIncomeRatio": 0.6142316146, "totalOtherIncomeExpensesNet": 27415000, "incomeBeforeTax": 73803000, "incomeBeforeTaxRatio": 0.9772384206, "incomeTaxExpense": -12049000, "netIncome": 58437000, "netIncomeRatio": 0.7737745293, "eps": 2.25, "epsdiluted": 2.25, "weightedAverageShsOut": 25958000, "weightedAverageShsOutDil": 25979000, "link": "https://www.sec.gov/Archives/edgar/data/1075415/000090873701000102/0000908737-01-000102-index.htm", "finalLink": "https://www.sec.gov/Archives/edgar/data/1075415/000090873701000102/0000908737-01-000102-0001.txt", "calculatedOtherExpenses": 20140000, "calculatedOperatingExpenses": 29134000, "calculatedNetInterest": -15366000, "calculatedOtherIncome": 42781000, "calculatedIncomeNonControlling": 27415000, "calculatedEbitda": 66528000}, {"date": "1999-12-31", "symbol": "DHCNL", "reportedCurrency": "USD", "cik": "0001075415", "fillingDate": "2000-03-30", "acceptedDate": "2000-03-30 00:00:00", "calendarYear": "1999", "period": "FY", "revenue": 90790000, "costOfRevenue": 0, "grossProfit": 90790000, "grossProfitRatio": 1, "researchAndDevelopmentExpenses": 0, "generalAndAdministrativeExpenses": 4941000, "sellingAndMarketingExpenses": 0, "sellingGeneralAndAdministrativeExpenses": 4941000, "otherExpenses": 52247000, "operatingExpenses": 57188000, "costAndExpenses": 57188000, "interestIncome": 0, "interestExpense": 0, "depreciationAndAmortization": 22247000, "ebitda": 55849000, "ebitdaratio": 0.6151448397, "operatingIncome": 33602000, "operatingIncomeRatio": 0.37010684, "totalOtherIncomeExpensesNet": 0, "incomeBeforeTax": 0, "incomeBeforeTaxRatio": 0, "incomeTaxExpense": 18768000, "netIncome": 14834000, "netIncomeRatio": 0.1633880383, "eps": 0.57, "epsdiluted": 0.57, "weightedAverageShsOut": 26000000, "weightedAverageShsOutDil": 26000000, "link": "https://www.sec.gov/Archives/edgar/data/1075415/000090873700000102/0000908737-00-000102-index.htm", "finalLink": "https://www.sec.gov/Archives/edgar/data/1075415/000090873700000102/", "calculatedOtherExpenses": 52247000, "calculatedOperatingExpenses": 57188000, "calculatedNetInterest": 0, "calculatedOtherIncome": -33602000, "calculatedIncomeNonControlling": -33602000, "calculatedEbitda": 55849000}, {"date": "1998-12-31", "symbol": "DHCNL", "reportedCurrency": "USD", "cik": "0001075415", "fillingDate": "1998-12-31", "acceptedDate": "1998-12-30 19:00:00", "calendarYear": "1998", "period": "FY", "revenue": 88306000, "costOfRevenue": 0, "grossProfit": 88306000, "grossProfitRatio": 1, "researchAndDevelopmentExpenses": 0, "generalAndAdministrativeExpenses": 4480000, "sellingAndMarketingExpenses": 0, "sellingGeneralAndAdministrativeExpenses": 4480000, "otherExpenses": 18297000, "operatingExpenses": 22777000, "costAndExpenses": 22777000, "interestIncome": 0, "interestExpense": 0, "depreciationAndAmortization": 18297000, "ebitda": 83826000, "ebitdaratio": 0.9492673205, "operatingIncome": 65529000, "operatingIncomeRatio": 0.7420673567, "totalOtherIncomeExpensesNet": 0, "incomeBeforeTax": 0, "incomeBeforeTaxRatio": 0, "incomeTaxExpense": 19293000, "netIncome": 46236000, "netIncomeRatio": 0.5235884311, "eps": 1.78, "epsdiluted": 1.78, "weightedAverageShsOut": 26000000, "weightedAverageShsOutDil": 26000000, "link": "", "finalLink": "", "calculatedOtherExpenses": 18297000, "calculatedOperatingExpenses": 22777000, "calculatedNetInterest": 0, "calculatedOtherIncome": -65529000, "calculatedIncomeNonControlling": -65529000, "calculatedEbitda": 83826000}]}