{"originalCurrency": "USD", "convertedCurrency": "USD", "report": [{"date": "2023-09-30", "symbol": "DHI", "reportedCurrency": "USD", "cik": "0000882184", "fillingDate": "2023-11-17", "acceptedDate": "2023-11-17 17:10:34", "calendarYear": "2023", "period": "FY", "revenue": 35460400000, "costOfRevenue": 26110000000, "grossProfit": 9350400000, "grossProfitRatio": 0.2636856888, "researchAndDevelopmentExpenses": 0, "generalAndAdministrativeExpenses": 3184100000, "sellingAndMarketingExpenses": 64700000, "sellingGeneralAndAdministrativeExpenses": 3248800000, "otherExpenses": 213100000, "operatingExpenses": 3248800000, "costAndExpenses": 29358800000, "interestIncome": 0, "interestExpense": 154500000, "depreciationAndAmortization": 91600000, "ebitda": 6193200000, "ebitdaratio": 0.1746511602, "operatingIncome": 6419700000, "operatingIncomeRatio": 0.181038567, "totalOtherIncomeExpensesNet": 213100000, "incomeBeforeTax": 6314700000, "incomeBeforeTaxRatio": 0.1780775175, "incomeTaxExpense": 1519500000, "netIncome": 4745700000, "netIncomeRatio": 0.1338309777, "eps": 13.93, "epsdiluted": 13.82, "weightedAverageShsOut": 340700000, "weightedAverageShsOutDil": 343300000, "link": "https://www.sec.gov/Archives/edgar/data/882184/000088218423000115/0000882184-23-000115-index.htm", "finalLink": "https://www.sec.gov/Archives/edgar/data/882184/000088218423000115/dhi-20230930.htm", "calculatedOtherExpenses": -318100000, "calculatedOperatingExpenses": 2930700000, "calculatedNetInterest": -154500000, "calculatedOtherIncome": 49500000, "calculatedIncomeNonControlling": 49500000, "calculatedEbitda": 6511300000}, {"date": "2022-09-30", "symbol": "DHI", "reportedCurrency": "USD", "cik": "0000882184", "fillingDate": "2022-11-18", "acceptedDate": "2022-11-18 17:07:16", "calendarYear": "2022", "period": "FY", "revenue": 33480000000, "costOfRevenue": 22975900000, "grossProfit": 10504100000, "grossProfitRatio": 0.3137425329, "researchAndDevelopmentExpenses": 0, "generalAndAdministrativeExpenses": 2892000000, "sellingAndMarketingExpenses": 41700000, "sellingGeneralAndAdministrativeExpenses": 2933700000, "otherExpenses": 59300000, "operatingExpenses": 2933700000, "costAndExpenses": 25909600000, "interestIncome": 0, "interestExpense": -21200000, "depreciationAndAmortization": 81400000, "ebitda": 7651800000, "ebitdaratio": 0.2285483871, "operatingIncome": 7570400000, "operatingIncomeRatio": 0.2261170848, "totalOtherIncomeExpensesNet": 59300000, "incomeBeforeTax": 7629700000, "incomeBeforeTaxRatio": 0.2278882915, "incomeTaxExpense": 1734100000, "netIncome": 5857500000, "netIncomeRatio": 0.1749551971, "eps": 16.65, "epsdiluted": 16.51, "weightedAverageShsOut": 351700000, "weightedAverageShsOutDil": 354800000, "link": "https://www.sec.gov/Archives/edgar/data/882184/000088218422000184/0000882184-22-000184-index.htm", "finalLink": "https://www.sec.gov/Archives/edgar/data/882184/000088218422000184/dhi-20220930.htm", "calculatedOtherExpenses": 0, "calculatedOperatingExpenses": 2933700000, "calculatedNetInterest": 21200000, "calculatedOtherIncome": 38100000, "calculatedIncomeNonControlling": 38100000, "calculatedEbitda": 7651800000}, {"date": "2021-09-30", "symbol": "DHI", "reportedCurrency": "USD", "cik": "0000882184", "fillingDate": "2021-11-18", "acceptedDate": "2021-11-18 17:13:33", "calendarYear": "2021", "period": "FY", "revenue": 27774200000, "costOfRevenue": 19899200000, "grossProfit": 7875000000, "grossProfitRatio": 0.2835365195, "researchAndDevelopmentExpenses": 0, "generalAndAdministrativeExpenses": 2520100000, "sellingAndMarketingExpenses": 36100000, "sellingGeneralAndAdministrativeExpenses": 2556200000, "otherExpenses": 41600000, "operatingExpenses": 2556200000, "costAndExpenses": 22455400000, "interestIncome": 0, "interestExpense": 152200000, "depreciationAndAmortization": 73900000, "ebitda": 5396800000, "ebitdaratio": 0.1943098271, "operatingIncome": 5322900000, "operatingIncomeRatio": 0.1916490844, "totalOtherIncomeExpensesNet": 33400000, "incomeBeforeTax": 5356300000, "incomeBeforeTaxRatio": 0.1928516393, "incomeTaxExpense": 1165100000, "netIncome": 4175800000, "netIncomeRatio": 0.1503481648, "eps": 11.56, "epsdiluted": 11.42, "weightedAverageShsOut": 361100000, "weightedAverageShsOutDil": 365800000, "link": "https://www.sec.gov/Archives/edgar/data/882184/000088218421000190/0000882184-21-000190-index.htm", "finalLink": "https://www.sec.gov/Archives/edgar/data/882184/000088218421000190/dhi-20210930.htm", "calculatedOtherExpenses": -4100000, "calculatedOperatingExpenses": 2552100000, "calculatedNetInterest": -152200000, "calculatedOtherIncome": 185600000, "calculatedIncomeNonControlling": 15400000, "calculatedEbitda": 5396800000}, {"date": "2020-09-30", "symbol": "DHI", "reportedCurrency": "USD", "cik": "0000882184", "fillingDate": "2020-11-20", "acceptedDate": "2020-11-19 18:04:43", "calendarYear": "2020", "period": "FY", "revenue": 20311100000, "costOfRevenue": 15373200000, "grossProfit": 4937900000, "grossProfitRatio": 0.2431133715, "researchAndDevelopmentExpenses": 0, "generalAndAdministrativeExpenses": 0, "sellingAndMarketingExpenses": 0, "sellingGeneralAndAdministrativeExpenses": 2047800000, "otherExpenses": 33400000, "operatingExpenses": 2047800000, "costAndExpenses": 17421000000, "interestIncome": 0, "interestExpense": 153300000, "depreciationAndAmortization": 80400000, "ebitda": 2911000000, "ebitdaratio": 0.1433206473, "operatingIncome": 2830600000, "operatingIncomeRatio": 0.1393622207, "totalOtherIncomeExpensesNet": 152400000, "incomeBeforeTax": 2983000000, "incomeBeforeTaxRatio": 0.146865507, "incomeTaxExpense": 602500000, "netIncome": 2373700000, "netIncomeRatio": 0.1168671318, "eps": 6.49, "epsdiluted": 6.41, "weightedAverageShsOut": 365500000, "weightedAverageShsOutDil": 370200000, "link": "https://www.sec.gov/Archives/edgar/data/882184/000088218420000143/0000882184-20-000143-index.htm", "finalLink": "https://www.sec.gov/Archives/edgar/data/882184/000088218420000143/dhi-20200930.htm", "calculatedOtherExpenses": 59500000, "calculatedOperatingExpenses": 2107300000, "calculatedNetInterest": -153300000, "calculatedOtherIncome": 305700000, "calculatedIncomeNonControlling": 6800000, "calculatedEbitda": 2911000000}, {"date": "2019-09-30", "symbol": "DHI", "reportedCurrency": "USD", "cik": "0000882184", "fillingDate": "2019-11-25", "acceptedDate": "2019-11-25 12:48:27", "calendarYear": "2019", "period": "FY", "revenue": 17592900000, "costOfRevenue": 13720900000, "grossProfit": 3872000000, "grossProfitRatio": 0.2200887858, "researchAndDevelopmentExpenses": 0, "generalAndAdministrativeExpenses": 1785500000, "sellingAndMarketingExpenses": 47000000, "sellingGeneralAndAdministrativeExpenses": 1832500000, "otherExpenses": 31900000, "operatingExpenses": 1832500000, "costAndExpenses": 15553400000, "interestIncome": 0, "interestExpense": 140200000, "depreciationAndAmortization": 72000000, "ebitda": 2057600000, "ebitdaratio": 0.1169562721, "operatingIncome": 1985600000, "operatingIncomeRatio": 0.1128637121, "totalOtherIncomeExpensesNet": 139700000, "incomeBeforeTax": 2125300000, "incomeBeforeTaxRatio": 0.1208044154, "incomeTaxExpense": 506700000, "netIncome": 1618500000, "netIncomeRatio": 0.0919973398, "eps": 4.34, "epsdiluted": 4.29, "weightedAverageShsOut": 372600000, "weightedAverageShsOutDil": 377400000, "link": "https://www.sec.gov/Archives/edgar/data/882184/000088218419000147/0000882184-19-000147-index.htm", "finalLink": "https://www.sec.gov/Archives/edgar/data/882184/000088218419000147/a2019930-10k.htm", "calculatedOtherExpenses": 53900000, "calculatedOperatingExpenses": 1886400000, "calculatedNetInterest": -140200000, "calculatedOtherIncome": 279900000, "calculatedIncomeNonControlling": 100000, "calculatedEbitda": 2057600000}, {"date": "2018-09-30", "symbol": "DHI", "reportedCurrency": "USD", "cik": "0000882184", "fillingDate": "2018-11-16", "acceptedDate": "2018-11-16 15:58:56", "calendarYear": "2018", "period": "FY", "revenue": 16068000000, "costOfRevenue": 12398100000, "grossProfit": 3669900000, "grossProfitRatio": 0.2283980583, "researchAndDevelopmentExpenses": 0, "generalAndAdministrativeExpenses": 1676800000, "sellingAndMarketingExpenses": 44100000, "sellingGeneralAndAdministrativeExpenses": 1676800000, "otherExpenses": 45300000, "operatingExpenses": 1676800000, "costAndExpenses": 14074900000, "interestIncome": 0, "interestExpense": 0, "depreciationAndAmortization": 62400000, "ebitda": 2036700000, "ebitdaratio": 0.1267550411, "operatingIncome": 1993100000, "operatingIncomeRatio": 0.1240415733, "totalOtherIncomeExpensesNet": 66900000, "incomeBeforeTax": 2060000000, "incomeBeforeTaxRatio": 0.1282051282, "incomeTaxExpense": 597700000, "netIncome": 1460300000, "netIncomeRatio": 0.0908824994, "eps": 3.88, "epsdiluted": 3.81, "weightedAverageShsOut": 376600000, "weightedAverageShsOutDil": 383400000, "link": "https://www.sec.gov/Archives/edgar/data/882184/000088218418000120/0000882184-18-000120-index.htm", "finalLink": "https://www.sec.gov/Archives/edgar/data/882184/000088218418000120/a2018930-10k.htm", "calculatedOtherExpenses": 0, "calculatedOperatingExpenses": 1676800000, "calculatedNetInterest": 0, "calculatedOtherIncome": 66900000, "calculatedIncomeNonControlling": 2000000, "calculatedEbitda": 2055500000}, {"date": "2017-09-30", "symbol": "DHI", "reportedCurrency": "USD", "cik": "0000882184", "fillingDate": "2017-11-15", "acceptedDate": "2017-11-15 17:31:38", "calendarYear": "2017", "period": "FY", "revenue": 14091000000, "costOfRevenue": 11042800000, "grossProfit": 3048200000, "grossProfitRatio": 0.2163224753, "researchAndDevelopmentExpenses": 0, "generalAndAdministrativeExpenses": 1471600000, "sellingAndMarketingExpenses": 45400000, "sellingGeneralAndAdministrativeExpenses": 1471600000, "otherExpenses": 11000000, "operatingExpenses": 1471600000, "costAndExpenses": 12514400000, "interestIncome": 14500000, "interestExpense": -14500000, "depreciationAndAmortization": 54700000, "ebitda": 1631300000, "ebitdaratio": 0.1157689305, "operatingIncome": 1576600000, "operatingIncomeRatio": 0.1118870201, "totalOtherIncomeExpensesNet": 11000000, "incomeBeforeTax": 1602100000, "incomeBeforeTaxRatio": 0.1136966858, "incomeTaxExpense": 563700000, "netIncome": 1038400000, "netIncomeRatio": 0.0736924278, "eps": 2.77, "epsdiluted": 2.74, "weightedAverageShsOut": 374300000, "weightedAverageShsOutDil": 378900000, "link": "https://www.sec.gov/Archives/edgar/data/882184/000088218417000103/0000882184-17-000103-index.htm", "finalLink": "https://www.sec.gov/Archives/edgar/data/882184/000088218417000103/a2017930-10k.htm", "calculatedOtherExpenses": 0, "calculatedOperatingExpenses": 1471600000, "calculatedNetInterest": 29000000, "calculatedOtherIncome": -3500000, "calculatedIncomeNonControlling": 0, "calculatedEbitda": 1631300000}, {"date": "2016-09-30", "symbol": "DHI", "reportedCurrency": "USD", "cik": "0000882184", "fillingDate": "2016-11-18", "acceptedDate": "2016-11-18 15:56:19", "calendarYear": "2016", "period": "FY", "revenue": 12157400000, "costOfRevenue": 9502600000, "grossProfit": 2654800000, "grossProfitRatio": 0.2183690592, "researchAndDevelopmentExpenses": 0, "generalAndAdministrativeExpenses": 1320300000, "sellingAndMarketingExpenses": 41200000, "sellingGeneralAndAdministrativeExpenses": 1320300000, "otherExpenses": 12700000, "operatingExpenses": 1320300000, "costAndExpenses": 10822900000, "interestIncome": 13500000, "interestExpense": -13500000, "depreciationAndAmortization": 61000000, "ebitda": 1402700000, "ebitdaratio": 0.1153782881, "operatingIncome": 1334500000, "operatingIncomeRatio": 0.109768536, "totalOtherIncomeExpensesNet": 5500000, "incomeBeforeTax": 1353500000, "incomeBeforeTaxRatio": 0.1113313702, "incomeTaxExpense": 467200000, "netIncome": 886300000, "netIncomeRatio": 0.0729021008, "eps": 2.39, "epsdiluted": 2.36, "weightedAverageShsOut": 371000000, "weightedAverageShsOutDil": 375100000, "link": "https://www.sec.gov/Archives/edgar/data/882184/000088218416000203/0000882184-16-000203-index.htm", "finalLink": "https://www.sec.gov/Archives/edgar/data/882184/000088218416000203/a2016930-10k.htm", "calculatedOtherExpenses": 0, "calculatedOperatingExpenses": 1320300000, "calculatedNetInterest": 27000000, "calculatedOtherIncome": -8000000, "calculatedIncomeNonControlling": 0, "calculatedEbitda": 1395500000}, {"date": "2015-09-30", "symbol": "DHI", "reportedCurrency": "USD", "cik": "0000882184", "fillingDate": "2015-11-19", "acceptedDate": "2015-11-18 18:15:33", "calendarYear": "2015", "period": "FY", "revenue": 10824000000, "costOfRevenue": 8535700000, "grossProfit": 2288300000, "grossProfitRatio": 0.21140983, "researchAndDevelopmentExpenses": 0, "generalAndAdministrativeExpenses": 1186000000, "sellingAndMarketingExpenses": 42400000, "sellingGeneralAndAdministrativeExpenses": 1186000000, "otherExpenses": 18400000, "operatingExpenses": 1186000000, "costAndExpenses": 9721700000, "interestIncome": 12500000, "interestExpense": 0, "depreciationAndAmortization": 54100000, "ebitda": 1166200000, "ebitdaratio": 0.1077420547, "operatingIncome": 1102300000, "operatingIncomeRatio": 0.101838507, "totalOtherIncomeExpensesNet": 8600000, "incomeBeforeTax": 1123400000, "incomeBeforeTaxRatio": 0.1037878788, "incomeTaxExpense": 372700000, "netIncome": 750700000, "netIncomeRatio": 0.0693551367, "eps": 2.05, "epsdiluted": 2.03, "weightedAverageShsOut": 366300000, "weightedAverageShsOutDil": 369800000, "link": "https://www.sec.gov/Archives/edgar/data/882184/000088218415000085/0000882184-15-000085-index.htm", "finalLink": "https://www.sec.gov/Archives/edgar/data/882184/000088218415000085/a2015930-10k.htm", "calculatedOtherExpenses": 0, "calculatedOperatingExpenses": 1186000000, "calculatedNetInterest": 12500000, "calculatedOtherIncome": 8600000, "calculatedIncomeNonControlling": 0, "calculatedEbitda": 1156400000}, {"date": "2014-09-30", "symbol": "DHI", "reportedCurrency": "USD", "cik": "0000882184", "fillingDate": "2014-11-18", "acceptedDate": "2014-11-17 18:57:57", "calendarYear": "2014", "period": "FY", "revenue": 8024900000, "costOfRevenue": 6268600000, "grossProfit": 1756300000, "grossProfitRatio": 0.2188563097, "researchAndDevelopmentExpenses": 0, "generalAndAdministrativeExpenses": 965400000, "sellingAndMarketingExpenses": 44000000, "sellingGeneralAndAdministrativeExpenses": 965400000, "otherExpenses": 13100000, "operatingExpenses": 965400000, "costAndExpenses": 7234000000, "interestIncome": 10200000, "interestExpense": 0, "depreciationAndAmortization": 38400000, "ebitda": 852600000, "ebitdaratio": 0.1062443146, "operatingIncome": 790900000, "operatingIncomeRatio": 0.0985557452, "totalOtherIncomeExpensesNet": 13100000, "incomeBeforeTax": 814200000, "incomeBeforeTaxRatio": 0.1014592082, "incomeTaxExpense": 280700000, "netIncome": 533500000, "netIncomeRatio": 0.0664805792, "eps": 1.57, "epsdiluted": 1.46, "weightedAverageShsOut": 340500000, "weightedAverageShsOutDil": 366600000, "link": "https://www.sec.gov/Archives/edgar/data/882184/000088218414000097/0000882184-14-000097-index.htm", "finalLink": "https://www.sec.gov/Archives/edgar/data/882184/000088218414000097/a2014930-10k.htm", "calculatedOtherExpenses": 0, "calculatedOperatingExpenses": 965400000, "calculatedNetInterest": 10200000, "calculatedOtherIncome": 13100000, "calculatedIncomeNonControlling": 0, "calculatedEbitda": 829300000}, {"date": "2013-09-30", "symbol": "DHI", "reportedCurrency": "USD", "cik": "0000882184", "fillingDate": "2013-11-26", "acceptedDate": "2013-11-26 17:05:55", "calendarYear": "2013", "period": "FY", "revenue": 6259300000, "costOfRevenue": 4853500000, "grossProfit": 1405800000, "grossProfitRatio": 0.2245938044, "researchAndDevelopmentExpenses": 0, "generalAndAdministrativeExpenses": 766300000, "sellingAndMarketingExpenses": 33200000, "sellingGeneralAndAdministrativeExpenses": 766300000, "otherExpenses": 14900000, "operatingExpenses": 766300000, "costAndExpenses": 5619800000, "interestIncome": 8500000, "interestExpense": 5100000, "depreciationAndAmortization": 22700000, "ebitda": 685600000, "ebitdaratio": 0.1095330149, "operatingIncome": 639500000, "operatingIncomeRatio": 0.1021679741, "totalOtherIncomeExpensesNet": 14900000, "incomeBeforeTax": 657800000, "incomeBeforeTaxRatio": 0.1050916237, "incomeTaxExpense": 195100000, "netIncome": 462700000, "netIncomeRatio": 0.0739220041, "eps": 1.44, "epsdiluted": 1.27, "weightedAverageShsOut": 322100000, "weightedAverageShsOutDil": 364900000, "link": "https://www.sec.gov/Archives/edgar/data/882184/000088218413000084/0000882184-13-000084-index.htm", "finalLink": "https://www.sec.gov/Archives/edgar/data/882184/000088218413000084/a2013930-10k.htm", "calculatedOtherExpenses": 0, "calculatedOperatingExpenses": 766300000, "calculatedNetInterest": 3400000, "calculatedOtherIncome": 14900000, "calculatedIncomeNonControlling": 0, "calculatedEbitda": 662200000}, {"date": "2012-09-30", "symbol": "DHI", "reportedCurrency": "USD", "cik": "0000882184", "fillingDate": "2012-11-16", "acceptedDate": "2012-11-16 17:08:42", "calendarYear": "2012", "period": "FY", "revenue": 4354000000, "costOfRevenue": 3492400000, "grossProfit": 861600000, "grossProfitRatio": 0.1978870005, "researchAndDevelopmentExpenses": 0, "generalAndAdministrativeExpenses": 614100000, "sellingAndMarketingExpenses": 100000, "sellingGeneralAndAdministrativeExpenses": 614200000, "otherExpenses": 0, "operatingExpenses": 602000000, "costAndExpenses": 4094400000, "interestIncome": 10200000, "interestExpense": 26900000, "depreciationAndAmortization": 18800000, "ebitda": 288600000, "ebitdaratio": 0.0662838769, "operatingIncome": 247500000, "operatingIncomeRatio": 0.0568442811, "totalOtherIncomeExpensesNet": 12100000, "incomeBeforeTax": 242900000, "incomeBeforeTaxRatio": 0.0557877814, "incomeTaxExpense": -713400000, "netIncome": 956300000, "netIncomeRatio": 0.2196371153, "eps": 3.01, "epsdiluted": 2.66, "weightedAverageShsOut": 318100000, "weightedAverageShsOutDil": 359000000, "link": "https://www.sec.gov/Archives/edgar/data/882184/000088218412000065/0000882184-12-000065-index.htm", "finalLink": "https://www.sec.gov/Archives/edgar/data/882184/000088218412000065/a2012930-10k.htm", "calculatedOtherExpenses": -100000, "calculatedOperatingExpenses": 614100000, "calculatedNetInterest": -16700000, "calculatedOtherIncome": 12100000, "calculatedIncomeNonControlling": 0, "calculatedEbitda": 266300000}, {"date": "2011-09-30", "symbol": "DHI", "reportedCurrency": "USD", "cik": "0000882184", "fillingDate": "2011-11-17", "acceptedDate": "2011-11-17 16:46:06", "calendarYear": "2011", "period": "FY", "revenue": 3636800000, "costOfRevenue": 3023300000, "grossProfit": 613500000, "grossProfitRatio": 0.1686922569, "researchAndDevelopmentExpenses": 0, "generalAndAdministrativeExpenses": 556300000, "sellingAndMarketingExpenses": 0, "sellingGeneralAndAdministrativeExpenses": 556300000, "otherExpenses": 2800000, "operatingExpenses": 559100000, "costAndExpenses": 3582400000, "interestIncome": 9600000, "interestExpense": 51900000, "depreciationAndAmortization": 19900000, "ebitda": 83900000, "ebitdaratio": 0.0230697316, "operatingIncome": 54400000, "operatingIncomeRatio": 0.014958205, "totalOtherIncomeExpensesNet": -42300000, "incomeBeforeTax": 12100000, "incomeBeforeTaxRatio": 0.0033271007, "incomeTaxExpense": -59700000, "netIncome": 71800000, "netIncomeRatio": 0.0197426309, "eps": 0.23, "epsdiluted": 0.23, "weightedAverageShsOut": 318300000, "weightedAverageShsOutDil": 318500000, "link": "https://www.sec.gov/Archives/edgar/data/882184/000095012311099334/0000950123-11-099334-index.htm", "finalLink": "https://www.sec.gov/Archives/edgar/data/882184/000095012311099334/d84410e10vk.htm", "calculatedOtherExpenses": 2800000, "calculatedOperatingExpenses": 559100000, "calculatedNetInterest": -42300000, "calculatedOtherIncome": 0, "calculatedIncomeNonControlling": 0, "calculatedEbitda": 74300000}, {"date": "2010-09-30", "symbol": "DHI", "reportedCurrency": "USD", "cik": "0000882184", "fillingDate": "2010-11-17", "acceptedDate": "2010-11-17 17:25:55", "calendarYear": "2010", "period": "FY", "revenue": 4400200000, "costOfRevenue": 3627600000, "grossProfit": 772600000, "grossProfitRatio": 0.175582928, "researchAndDevelopmentExpenses": 0, "generalAndAdministrativeExpenses": 599200000, "sellingAndMarketingExpenses": 0, "sellingGeneralAndAdministrativeExpenses": 599200000, "otherExpenses": 0, "operatingExpenses": 599200000, "costAndExpenses": 4226800000, "interestIncome": 10000000, "interestExpense": 88200000, "depreciationAndAmortization": 17200000, "ebitda": 200600000, "ebitdaratio": 0.0455888369, "operatingIncome": 173400000, "operatingIncomeRatio": 0.0394072997, "totalOtherIncomeExpensesNet": 4300000, "incomeBeforeTax": 99500000, "incomeBeforeTaxRatio": 0.0226126085, "incomeTaxExpense": -145600000, "netIncome": 245100000, "netIncomeRatio": 0.0557020135, "eps": 0.77, "epsdiluted": 0.77, "weightedAverageShsOut": 318100000, "weightedAverageShsOutDil": 318600000, "link": "https://www.sec.gov/Archives/edgar/data/882184/000095012310106707/0000950123-10-106707-index.htm", "finalLink": "https://www.sec.gov/Archives/edgar/data/882184/000095012310106707/d76058e10vk.htm", "calculatedOtherExpenses": 0, "calculatedOperatingExpenses": 599200000, "calculatedNetInterest": -78200000, "calculatedOtherIncome": 4300000, "calculatedIncomeNonControlling": 0, "calculatedEbitda": 190600000}, {"date": "2009-09-30", "symbol": "DHI", "reportedCurrency": "USD", "cik": "0000882184", "fillingDate": "2009-11-20", "acceptedDate": "2009-11-20 17:23:57", "calendarYear": "2009", "period": "FY", "revenue": 3657600000, "costOfRevenue": 3538700000, "grossProfit": 118900000, "grossProfitRatio": 0.0325076553, "researchAndDevelopmentExpenses": 0, "generalAndAdministrativeExpenses": 601100000, "sellingAndMarketingExpenses": 0, "sellingGeneralAndAdministrativeExpenses": 601100000, "otherExpenses": 0, "operatingExpenses": 601100000, "costAndExpenses": 4139800000, "interestIncome": 10400000, "interestExpense": 97200000, "depreciationAndAmortization": 25700000, "ebitda": -446100000, "ebitdaratio": -0.1219652231, "operatingIncome": -482200000, "operatingIncomeRatio": -0.1318350831, "totalOtherIncomeExpensesNet": 16700000, "incomeBeforeTax": -552300000, "incomeBeforeTaxRatio": -0.1510006562, "incomeTaxExpense": -7000000, "netIncome": -545300000, "netIncomeRatio": -0.1490868329, "eps": -1.72, "epsdiluted": -1.72, "weightedAverageShsOut": 316900000, "weightedAverageShsOutDil": 316900000, "link": "https://www.sec.gov/Archives/edgar/data/882184/000095012309064812/0000950123-09-064812-index.htm", "finalLink": "https://www.sec.gov/Archives/edgar/data/882184/000095012309064812/d70153e10vk.htm", "calculatedOtherExpenses": 0, "calculatedOperatingExpenses": 601100000, "calculatedNetInterest": -86800000, "calculatedOtherIncome": 16700000, "calculatedIncomeNonControlling": 0, "calculatedEbitda": -456500000}, {"date": "2008-09-30", "symbol": "DHI", "reportedCurrency": "USD", "cik": "0000882184", "fillingDate": "2008-11-26", "acceptedDate": "2008-11-26 15:19:45", "calendarYear": "2008", "period": "FY", "revenue": 6646100000, "costOfRevenue": 8281800000, "grossProfit": -1635700000, "grossProfitRatio": -0.2461142625, "researchAndDevelopmentExpenses": 0, "generalAndAdministrativeExpenses": 891900000, "sellingAndMarketingExpenses": 0, "sellingGeneralAndAdministrativeExpenses": 891900000, "otherExpenses": 0, "operatingExpenses": 891900000, "costAndExpenses": 9173700000, "interestIncome": 0, "interestExpense": 39000000, "depreciationAndAmortization": 60400000, "ebitda": -2394300000, "ebitdaratio": -0.360256391, "operatingIncome": -2527600000, "operatingIncomeRatio": -0.3803132664, "totalOtherIncomeExpensesNet": -72900000, "incomeBeforeTax": -2631800000, "incomeBeforeTaxRatio": -0.3959916342, "incomeTaxExpense": 1800000, "netIncome": -2633600000, "netIncomeRatio": -0.3962624697, "eps": -8.34, "epsdiluted": -8.34, "weightedAverageShsOut": 315700000, "weightedAverageShsOutDil": 315700000, "link": "https://www.sec.gov/Archives/edgar/data/882184/000095013408021337/0000950134-08-021337-index.htm", "finalLink": "https://www.sec.gov/Archives/edgar/data/882184/000095013408021337/d65388e10vk.htm", "calculatedOtherExpenses": 0, "calculatedOperatingExpenses": 891900000, "calculatedNetInterest": -39000000, "calculatedOtherIncome": -65200000, "calculatedIncomeNonControlling": 0, "calculatedEbitda": -2467200000}, {"date": "2007-09-30", "symbol": "DHI", "reportedCurrency": "USD", "cik": "0000882184", "fillingDate": "2007-11-27", "acceptedDate": "2007-11-27 17:23:20", "calendarYear": "2007", "period": "FY", "revenue": 11296500000, "costOfRevenue": 10485100000, "grossProfit": 811400000, "grossProfitRatio": 0.0718275572, "researchAndDevelopmentExpenses": 0, "generalAndAdministrativeExpenses": 1295300000, "sellingAndMarketingExpenses": 0, "sellingGeneralAndAdministrativeExpenses": 1295300000, "otherExpenses": 0, "operatingExpenses": 1295300000, "costAndExpenses": 11780400000, "interestIncome": 0, "interestExpense": 23600000, "depreciationAndAmortization": 71000000, "ebitda": 69300000, "ebitdaratio": 0.0061346435, "operatingIncome": -483900000, "operatingIncomeRatio": -0.0428362767, "totalOtherIncomeExpensesNet": -482200000, "incomeBeforeTax": -951200000, "incomeBeforeTaxRatio": -0.0842030717, "incomeTaxExpense": -238700000, "netIncome": -712500000, "netIncomeRatio": -0.0630726331, "eps": -2.27, "epsdiluted": -2.27, "weightedAverageShsOut": 314100000, "weightedAverageShsOutDil": 314100000, "link": "https://www.sec.gov/Archives/edgar/data/882184/000095013407024545/0000950134-07-024545-index.htm", "finalLink": "https://www.sec.gov/Archives/edgar/data/882184/000095013407024545/d51532e10vk.htm", "calculatedOtherExpenses": 0, "calculatedOperatingExpenses": 1295300000, "calculatedNetInterest": -23600000, "calculatedOtherIncome": -443700000, "calculatedIncomeNonControlling": 0, "calculatedEbitda": -412900000}, {"date": "2006-09-30", "symbol": "DHI", "reportedCurrency": "USD", "cik": "0000882184", "fillingDate": "2006-12-12", "acceptedDate": "2006-12-11 18:56:46", "calendarYear": "2006", "period": "FY", "revenue": 15051300000, "costOfRevenue": 11418300000, "grossProfit": 3633000000, "grossProfitRatio": 0.2413744992, "researchAndDevelopmentExpenses": 0, "generalAndAdministrativeExpenses": 1658800000, "sellingAndMarketingExpenses": 0, "sellingGeneralAndAdministrativeExpenses": 1658800000, "otherExpenses": 0, "operatingExpenses": 1658800000, "costAndExpenses": 13077100000, "interestIncome": 0, "interestExpense": 17900000, "depreciationAndAmortization": 61700000, "ebitda": 1968000000, "ebitdaratio": 0.1307528253, "operatingIncome": 1974200000, "operatingIncomeRatio": 0.1311647499, "totalOtherIncomeExpensesNet": 67900000, "incomeBeforeTax": 1987100000, "incomeBeforeTaxRatio": 0.1320218187, "incomeTaxExpense": 753800000, "netIncome": 1233300000, "netIncomeRatio": 0.081939766, "eps": 3.94, "epsdiluted": 3.9, "weightedAverageShsOut": 313020305, "weightedAverageShsOutDil": 316230769, "link": "https://www.sec.gov/Archives/edgar/data/882184/000095013406022931/0000950134-06-022931-index.htm", "finalLink": "https://www.sec.gov/Archives/edgar/data/882184/000095013406022931/d41553e10vk.htm", "calculatedOtherExpenses": 0, "calculatedOperatingExpenses": 1658800000, "calculatedNetInterest": -17900000, "calculatedOtherIncome": 30800000, "calculatedIncomeNonControlling": 0, "calculatedEbitda": 2035900000}, {"date": "2005-09-30", "symbol": "DHI", "reportedCurrency": "USD", "cik": "0000882184", "fillingDate": "2005-12-14", "acceptedDate": "2005-12-13 19:47:23", "calendarYear": "2005", "period": "FY", "revenue": 13863700000, "costOfRevenue": 10140300000, "grossProfit": 3723400000, "grossProfitRatio": 0.268571882, "researchAndDevelopmentExpenses": 0, "generalAndAdministrativeExpenses": 1374200000, "sellingAndMarketingExpenses": 0, "sellingGeneralAndAdministrativeExpenses": 1374200000, "otherExpenses": 0, "operatingExpenses": 1374200000, "costAndExpenses": 11514500000, "interestIncome": 0, "interestExpense": 4400000, "depreciationAndAmortization": 57100000, "ebitda": 2355700000, "ebitdaratio": 0.1699185643, "operatingIncome": 2349200000, "operatingIncomeRatio": 0.169449714, "totalOtherIncomeExpensesNet": 50600000, "incomeBeforeTax": 2378600000, "incomeBeforeTaxRatio": 0.17157036, "incomeTaxExpense": 908100000, "netIncome": 1470500000, "netIncomeRatio": 0.1060683656, "eps": 4.71, "epsdiluted": 4.62, "weightedAverageShsOut": 312208068, "weightedAverageShsOutDil": 318290043, "link": "https://www.sec.gov/Archives/edgar/data/882184/000095013405023092/0000950134-05-023092-index.htm", "finalLink": "https://www.sec.gov/Archives/edgar/data/882184/000095013405023092/d30840e10vk.htm", "calculatedOtherExpenses": 0, "calculatedOperatingExpenses": 1374200000, "calculatedNetInterest": -4400000, "calculatedOtherIncome": 33800000, "calculatedIncomeNonControlling": 0, "calculatedEbitda": 2406300000}, {"date": "2004-09-30", "symbol": "DHI", "reportedCurrency": "USD", "cik": "0000882184", "fillingDate": "2004-12-10", "acceptedDate": "2004-12-10 14:27:35", "calendarYear": "2004", "period": "FY", "revenue": 10840800000, "costOfRevenue": 8197300000, "grossProfit": 2643500000, "grossProfitRatio": 0.2438473175, "researchAndDevelopmentExpenses": 0, "generalAndAdministrativeExpenses": 1080000000, "sellingAndMarketingExpenses": 0, "sellingGeneralAndAdministrativeExpenses": 1080000000, "otherExpenses": 0, "operatingExpenses": 1080000000, "costAndExpenses": 9277300000, "interestIncome": 0, "interestExpense": 0, "depreciationAndAmortization": 55500000, "ebitda": 1590300000, "ebitdaratio": 0.1466958158, "operatingIncome": 1563500000, "operatingIncomeRatio": 0.1442236735, "totalOtherIncomeExpensesNet": 28700000, "incomeBeforeTax": 1582900000, "incomeBeforeTaxRatio": 0.1460132094, "incomeTaxExpense": 607800000, "netIncome": 975100000, "netIncomeRatio": 0.0899472364, "eps": 3.14, "epsdiluted": 3.09, "weightedAverageShsOut": 310281576, "weightedAverageShsOutDil": 315945434, "link": "https://www.sec.gov/Archives/edgar/data/882184/000095013404019034/0000950134-04-019034-index.htm", "finalLink": "https://www.sec.gov/Archives/edgar/data/882184/000095013404019034/d20584e10vk.htm", "calculatedOtherExpenses": 0, "calculatedOperatingExpenses": 1080000000, "calculatedNetInterest": 0, "calculatedOtherIncome": 19400000, "calculatedIncomeNonControlling": 0, "calculatedEbitda": 1619000000}, {"date": "2003-09-30", "symbol": "DHI", "reportedCurrency": "USD", "cik": "0000882184", "fillingDate": "2003-12-12", "acceptedDate": "2003-12-12 14:44:05", "calendarYear": "2003", "period": "FY", "revenue": 8728100000, "costOfRevenue": 6805791000, "grossProfit": 1922309000, "grossProfitRatio": 0.2202436956, "researchAndDevelopmentExpenses": 0, "generalAndAdministrativeExpenses": 915351000, "sellingAndMarketingExpenses": 0, "sellingGeneralAndAdministrativeExpenses": 915351000, "otherExpenses": 0, "operatingExpenses": 915351000, "costAndExpenses": 7721142000, "interestIncome": 0, "interestExpense": 5154000, "depreciationAndAmortization": 45861000, "ebitda": 1039023000, "ebitdaratio": 0.1190434344, "operatingIncome": 1006958000, "operatingIncomeRatio": 0.1153696681, "totalOtherIncomeExpensesNet": 13796000, "incomeBeforeTax": 1008162000, "incomeBeforeTaxRatio": 0.1155076133, "incomeTaxExpense": 382207000, "netIncome": 625955000, "netIncomeRatio": 0.0717172122, "eps": 2.14, "epsdiluted": 2.07, "weightedAverageShsOut": 292558685, "weightedAverageShsOutDil": 302792430, "link": "https://www.sec.gov/Archives/edgar/data/882184/000095013403016601/0000950134-03-016601-index.htm", "finalLink": "https://www.sec.gov/Archives/edgar/data/882184/000095013403016601/d10877e10vk.htm", "calculatedOtherExpenses": 0, "calculatedOperatingExpenses": 915351000, "calculatedNetInterest": -5154000, "calculatedOtherIncome": 6358000, "calculatedIncomeNonControlling": 0, "calculatedEbitda": 1052819000}, {"date": "2002-09-30", "symbol": "DHI", "reportedCurrency": "USD", "cik": "0000882184", "fillingDate": "2002-12-13", "acceptedDate": "2002-12-13 10:48:28", "calendarYear": "2002", "period": "FY", "revenue": 6738831000, "costOfRevenue": 5364428000, "grossProfit": 1374403000, "grossProfitRatio": 0.203952733, "researchAndDevelopmentExpenses": 0, "generalAndAdministrativeExpenses": 714540000, "sellingAndMarketingExpenses": 0, "sellingGeneralAndAdministrativeExpenses": 714540000, "otherExpenses": 0, "operatingExpenses": 714540000, "costAndExpenses": 6078968000, "interestIncome": 0, "interestExpense": 6012000, "depreciationAndAmortization": 40645000, "ebitda": 701347000, "ebitdaratio": 0.1040754695, "operatingIncome": 659863000, "operatingIncomeRatio": 0.0979195056, "totalOtherIncomeExpensesNet": -839000, "incomeBeforeTax": 647507000, "incomeBeforeTaxRatio": 0.0960859532, "incomeTaxExpense": 242815000, "netIncome": 404692000, "netIncomeRatio": 0.0600537393, "eps": 1.51, "epsdiluted": 1.44, "weightedAverageShsOut": 268891616, "weightedAverageShsOutDil": 282008281, "link": "https://www.sec.gov/Archives/edgar/data/882184/000093066102004301/0000930661-02-004301-index.htm", "finalLink": "https://www.sec.gov/Archives/edgar/data/882184/000093066102004301/d10k.htm", "calculatedOtherExpenses": 0, "calculatedOperatingExpenses": 714540000, "calculatedNetInterest": -6012000, "calculatedOtherIncome": -6344000, "calculatedIncomeNonControlling": 0, "calculatedEbitda": 700508000}, {"date": "2001-09-30", "symbol": "DHI", "reportedCurrency": "USD", "cik": "0000882184", "fillingDate": "2001-11-20", "acceptedDate": "2001-11-20 00:00:00", "calendarYear": "2001", "period": "FY", "revenue": 4455514000, "costOfRevenue": 3527142000, "grossProfit": 928372000, "grossProfitRatio": 0.2083647364, "researchAndDevelopmentExpenses": 0, "generalAndAdministrativeExpenses": 479400000, "sellingAndMarketingExpenses": 0, "sellingGeneralAndAdministrativeExpenses": 479400000, "otherExpenses": 0, "operatingExpenses": 479400000, "costAndExpenses": 4006542000, "interestIncome": 0, "interestExpense": 8809000, "depreciationAndAmortization": 36062000, "ebitda": 512112000, "ebitdaratio": 0.1149389274, "operatingIncome": 448972000, "operatingIncomeRatio": 0.1007677229, "totalOtherIncomeExpensesNet": -27078000, "incomeBeforeTax": 407797000, "incomeBeforeTaxRatio": 0.0915263649, "incomeTaxExpense": 152924000, "netIncome": 257009000, "netIncomeRatio": 0.0576833559, "eps": 1.13, "epsdiluted": 1.11, "weightedAverageShsOut": 226766978, "weightedAverageShsOutDil": 230840636, "link": "https://www.sec.gov/Archives/edgar/data/882184/000095013401508934/0000950134-01-508934-index.htm", "finalLink": "https://www.sec.gov/Archives/edgar/data/882184/000095013401508934/d92481e10-k.htm", "calculatedOtherExpenses": 0, "calculatedOperatingExpenses": 479400000, "calculatedNetInterest": -8809000, "calculatedOtherIncome": -32366000, "calculatedIncomeNonControlling": -2136000, "calculatedEbitda": 485034000}, {"date": "2000-09-30", "symbol": "DHI", "reportedCurrency": "USD", "cik": "0000882184", "fillingDate": "2000-12-13", "acceptedDate": "2000-12-13 00:00:00", "calendarYear": "2000", "period": "FY", "revenue": 3653695000, "costOfRevenue": 2916617000, "grossProfit": 737078000, "grossProfitRatio": 0.201734956, "researchAndDevelopmentExpenses": 0, "generalAndAdministrativeExpenses": 395874000, "sellingAndMarketingExpenses": 0, "sellingGeneralAndAdministrativeExpenses": 395874000, "otherExpenses": 24492000, "operatingExpenses": 420366000, "costAndExpenses": 3336983000, "interestIncome": 0, "interestExpense": 0, "depreciationAndAmortization": 24492000, "ebitda": 332849000, "ebitdaratio": 0.0910992844, "operatingIncome": 316712000, "operatingIncomeRatio": 0.0866826596, "totalOtherIncomeExpensesNet": 8355000, "incomeBeforeTax": 309224000, "incomeBeforeTaxRatio": 0.0846332275, "incomeTaxExpense": 117505000, "netIncome": 191719000, "netIncomeRatio": 0.0524726339, "eps": 0.85, "epsdiluted": 0.84, "weightedAverageShsOut": 225585975, "weightedAverageShsOutDil": 227191569, "link": "https://www.sec.gov/Archives/edgar/data/882184/000093066100003182/0000930661-00-003182-index.htm", "finalLink": "https://www.sec.gov/Archives/edgar/data/882184/000093066100003182/0000930661-00-003182-0001.txt", "calculatedOtherExpenses": 24492000, "calculatedOperatingExpenses": 420366000, "calculatedNetInterest": 0, "calculatedOtherIncome": -7488000, "calculatedIncomeNonControlling": 0, "calculatedEbitda": 341204000}, {"date": "1999-09-30", "symbol": "DHI", "reportedCurrency": "USD", "cik": "0000882184", "fillingDate": "1999-12-10", "acceptedDate": "1999-12-10 00:00:00", "calendarYear": "1999", "period": "FY", "revenue": 3156200000, "costOfRevenue": 2539900000, "grossProfit": 616300000, "grossProfitRatio": 0.1952664597, "researchAndDevelopmentExpenses": 0, "generalAndAdministrativeExpenses": 322100000, "sellingAndMarketingExpenses": 0, "sellingGeneralAndAdministrativeExpenses": 322100000, "otherExpenses": 20800000, "operatingExpenses": 342900000, "costAndExpenses": 2882800000, "interestIncome": 0, "interestExpense": 0, "depreciationAndAmortization": 20800000, "ebitda": 287300000, "ebitdaratio": 0.0910271846, "operatingIncome": 273400000, "operatingIncomeRatio": 0.0866231544, "totalOtherIncomeExpensesNet": 6900000, "incomeBeforeTax": 263800000, "incomeBeforeTaxRatio": 0.0835815221, "incomeTaxExpense": 104000000, "netIncome": 159800000, "netIncomeRatio": 0.050630505, "eps": 0.64, "epsdiluted": 0.63, "weightedAverageShsOut": 247868188, "weightedAverageShsOutDil": 253280157, "link": "https://www.sec.gov/Archives/edgar/data/882184/000091205799008952/0000912057-99-008952-index.html", "finalLink": "https://www.sec.gov/Archives/edgar/data/882184/000091205799008952/", "calculatedOtherExpenses": 20800000, "calculatedOperatingExpenses": 342900000, "calculatedNetInterest": 0, "calculatedOtherIncome": -9600000, "calculatedIncomeNonControlling": 0, "calculatedEbitda": 294200000}, {"date": "1998-09-30", "symbol": "DHI", "reportedCurrency": "USD", "cik": "0000882184", "fillingDate": "1998-12-10", "acceptedDate": "1998-12-10 00:00:00", "calendarYear": "1998", "period": "FY", "revenue": 2176900000, "costOfRevenue": 1755800000, "grossProfit": 421100000, "grossProfitRatio": 0.1934402131, "researchAndDevelopmentExpenses": 0, "generalAndAdministrativeExpenses": 231600000, "sellingAndMarketingExpenses": 0, "sellingGeneralAndAdministrativeExpenses": 231600000, "otherExpenses": 9800000, "operatingExpenses": 241400000, "costAndExpenses": 1997200000, "interestIncome": 0, "interestExpense": 0, "depreciationAndAmortization": 9800000, "ebitda": 193800000, "ebitdaratio": 0.0890256787, "operatingIncome": 179700000, "operatingIncomeRatio": 0.0825485783, "totalOtherIncomeExpensesNet": -4300000, "incomeBeforeTax": 159100000, "incomeBeforeTaxRatio": 0.0730855804, "incomeTaxExpense": 65700000, "netIncome": 93400000, "netIncomeRatio": 0.0429050485, "eps": 0.46, "epsdiluted": 0.46, "weightedAverageShsOut": 202666492, "weightedAverageShsOutDil": 202666492, "link": "https://www.sec.gov/Archives/edgar/data/882184/000088218498000063/0000882184-98-000063-index.html", "finalLink": "https://www.sec.gov/Archives/edgar/data/882184/", "calculatedOtherExpenses": 9800000, "calculatedOperatingExpenses": 241400000, "calculatedNetInterest": 0, "calculatedOtherIncome": -20600000, "calculatedIncomeNonControlling": 0, "calculatedEbitda": 189500000}, {"date": "1997-09-30", "symbol": "DHI", "reportedCurrency": "USD", "cik": "0000882184", "fillingDate": "1997-12-08", "acceptedDate": "1997-12-08 00:00:00", "calendarYear": "1997", "period": "FY", "revenue": 837300000, "costOfRevenue": 680900000, "grossProfit": 156400000, "grossProfitRatio": 0.1867908754, "researchAndDevelopmentExpenses": 0, "generalAndAdministrativeExpenses": 89500000, "sellingAndMarketingExpenses": 0, "sellingGeneralAndAdministrativeExpenses": 89500000, "otherExpenses": 4400000, "operatingExpenses": 93900000, "costAndExpenses": 774800000, "interestIncome": 0, "interestExpense": 0, "depreciationAndAmortization": 4400000, "ebitda": 64300000, "ebitdaratio": 0.0767944584, "operatingIncome": 62500000, "operatingIncomeRatio": 0.0746446913, "totalOtherIncomeExpensesNet": 2600000, "incomeBeforeTax": 59900000, "incomeBeforeTaxRatio": 0.0715394721, "incomeTaxExpense": 23700000, "netIncome": 36200000, "netIncomeRatio": 0.0432342052, "eps": 0.27, "epsdiluted": 0.27, "weightedAverageShsOut": 135453391, "weightedAverageShsOutDil": 135453391, "link": "https://www.sec.gov/Archives/edgar/data/882184/0000882184-97-000027-index.html", "finalLink": "https://www.sec.gov/Archives/edgar/data/882184/0000882184-97-000027.txt", "calculatedOtherExpenses": 4400000, "calculatedOperatingExpenses": 93900000, "calculatedNetInterest": 0, "calculatedOtherIncome": -2600000, "calculatedIncomeNonControlling": 0, "calculatedEbitda": 66900000}, {"date": "1996-09-30", "symbol": "DHI", "reportedCurrency": "USD", "cik": "0000882184", "fillingDate": "1996-12-20", "acceptedDate": "1996-12-20 00:00:00", "calendarYear": "1996", "period": "FY", "revenue": 547300000, "costOfRevenue": 446500000, "grossProfit": 100800000, "grossProfitRatio": 0.1841768683, "researchAndDevelopmentExpenses": 0, "generalAndAdministrativeExpenses": 53900000, "sellingAndMarketingExpenses": 0, "sellingGeneralAndAdministrativeExpenses": 53900000, "otherExpenses": 2600000, "operatingExpenses": 56500000, "costAndExpenses": 503000000, "interestIncome": 0, "interestExpense": 0, "depreciationAndAmortization": 2600000, "ebitda": 45400000, "ebitdaratio": 0.0829526768, "operatingIncome": 44300000, "operatingIncomeRatio": 0.0809428102, "totalOtherIncomeExpensesNet": 1500000, "incomeBeforeTax": 44500000, "incomeBeforeTaxRatio": 0.0813082405, "incomeTaxExpense": 17100000, "netIncome": 27400000, "netIncomeRatio": 0.0500639503, "eps": 0.24, "epsdiluted": 0.24, "weightedAverageShsOut": 114042322, "weightedAverageShsOutDil": 114042322, "link": "https://www.sec.gov/Archives/edgar/data/882184/000088218496000011/0000882184-96-000011-index.html", "finalLink": "https://www.sec.gov/Archives/edgar/data/882184/", "calculatedOtherExpenses": 2600000, "calculatedOperatingExpenses": 56500000, "calculatedNetInterest": 0, "calculatedOtherIncome": 200000, "calculatedIncomeNonControlling": 0, "calculatedEbitda": 46900000}, {"date": "1995-09-30", "symbol": "DHI", "reportedCurrency": "USD", "cik": "0000882184", "fillingDate": "1995-09-30", "acceptedDate": "1995-09-29 20:00:00", "calendarYear": "1995", "period": "FY", "revenue": 437400000, "costOfRevenue": 357700000, "grossProfit": 79700000, "grossProfitRatio": 0.1822130773, "researchAndDevelopmentExpenses": 0, "generalAndAdministrativeExpenses": 44500000, "sellingAndMarketingExpenses": 0, "sellingGeneralAndAdministrativeExpenses": 44500000, "otherExpenses": 2000000, "operatingExpenses": 46500000, "costAndExpenses": 404200000, "interestIncome": 0, "interestExpense": 0, "depreciationAndAmortization": 2000000, "ebitda": 34600000, "ebitdaratio": 0.0791037952, "operatingIncome": 33200000, "operatingIncomeRatio": 0.0759030636, "totalOtherIncomeExpensesNet": 600000, "incomeBeforeTax": 32500000, "incomeBeforeTaxRatio": 0.0743026978, "incomeTaxExpense": 12000000, "netIncome": 20500000, "netIncomeRatio": 0.0468678555, "eps": 0.19, "epsdiluted": 0.19, "weightedAverageShsOut": 107606199, "weightedAverageShsOutDil": 107606199, "link": "", "finalLink": "", "calculatedOtherExpenses": 2000000, "calculatedOperatingExpenses": 46500000, "calculatedNetInterest": 0, "calculatedOtherIncome": -700000, "calculatedIncomeNonControlling": 0, "calculatedEbitda": 35200000}, {"date": "1994-09-30", "symbol": "DHI", "reportedCurrency": "USD", "cik": "0000882184", "fillingDate": "1994-09-30", "acceptedDate": "1994-09-29 20:00:00", "calendarYear": "1994", "period": "FY", "revenue": 393300000, "costOfRevenue": 324900000, "grossProfit": 68400000, "grossProfitRatio": 0.1739130435, "researchAndDevelopmentExpenses": 0, "generalAndAdministrativeExpenses": 39100000, "sellingAndMarketingExpenses": 0, "sellingGeneralAndAdministrativeExpenses": 39100000, "otherExpenses": 1200000, "operatingExpenses": 40300000, "costAndExpenses": 365200000, "interestIncome": 0, "interestExpense": 0, "depreciationAndAmortization": 1200000, "ebitda": 28800000, "ebitdaratio": 0.0732265446, "operatingIncome": 28100000, "operatingIncomeRatio": 0.0714467328, "totalOtherIncomeExpensesNet": 500000, "incomeBeforeTax": 28600000, "incomeBeforeTaxRatio": 0.072718027, "incomeTaxExpense": 10900000, "netIncome": 17700000, "netIncomeRatio": 0.0450038139, "eps": 0.18, "epsdiluted": 0.18, "weightedAverageShsOut": 98955379, "weightedAverageShsOutDil": 98955379, "link": "", "finalLink": "", "calculatedOtherExpenses": 1200000, "calculatedOperatingExpenses": 40300000, "calculatedNetInterest": 0, "calculatedOtherIncome": 500000, "calculatedIncomeNonControlling": 0, "calculatedEbitda": 29300000}, {"date": "1993-09-30", "symbol": "DHI", "reportedCurrency": "USD", "cik": "0000882184", "fillingDate": "1993-09-30", "acceptedDate": "1993-09-29 20:00:00", "calendarYear": "1993", "period": "FY", "revenue": 190100000, "costOfRevenue": 155200000, "grossProfit": 34900000, "grossProfitRatio": 0.1835875855, "researchAndDevelopmentExpenses": 0, "generalAndAdministrativeExpenses": 20800000, "sellingAndMarketingExpenses": 0, "sellingGeneralAndAdministrativeExpenses": 20800000, "otherExpenses": 400000, "operatingExpenses": 21200000, "costAndExpenses": 176400000, "interestIncome": 0, "interestExpense": 0, "depreciationAndAmortization": 400000, "ebitda": 13900000, "ebitdaratio": 0.0731194108, "operatingIncome": 13700000, "operatingIncomeRatio": 0.072067333, "totalOtherIncomeExpensesNet": 200000, "incomeBeforeTax": 14000000, "incomeBeforeTaxRatio": 0.0736454498, "incomeTaxExpense": 5100000, "netIncome": 8900000, "netIncomeRatio": 0.0468174645, "eps": 0.0883, "epsdiluted": 0.0883, "weightedAverageShsOut": 100794197, "weightedAverageShsOutDil": 100794197, "link": "", "finalLink": "", "calculatedOtherExpenses": 400000, "calculatedOperatingExpenses": 21200000, "calculatedNetInterest": 0, "calculatedOtherIncome": 300000, "calculatedIncomeNonControlling": 0, "calculatedEbitda": 14100000}, {"date": "1992-12-31", "symbol": "DHI", "reportedCurrency": "USD", "cik": "0000882184", "fillingDate": "1991-12-31", "acceptedDate": "1991-12-30 19:00:00", "calendarYear": "1992", "period": "FY", "revenue": 124100000, "costOfRevenue": 100000000, "grossProfit": 24100000, "grossProfitRatio": 0.1941982272, "researchAndDevelopmentExpenses": 0, "generalAndAdministrativeExpenses": 13100000, "sellingAndMarketingExpenses": 0, "sellingGeneralAndAdministrativeExpenses": 13100000, "otherExpenses": 200000, "operatingExpenses": 13300000, "costAndExpenses": 113300000, "interestIncome": 0, "interestExpense": 0, "depreciationAndAmortization": 200000, "ebitda": 10400000, "ebitdaratio": 0.0838033844, "operatingIncome": 10800000, "operatingIncomeRatio": 0.0870265915, "totalOtherIncomeExpensesNet": 600000, "incomeBeforeTax": 9000000, "incomeBeforeTaxRatio": 0.0725221595, "incomeTaxExpense": 3200000, "netIncome": 5800000, "netIncomeRatio": 0.0467365028, "eps": 0.0111, "epsdiluted": 0.0111, "weightedAverageShsOut": 523883729, "weightedAverageShsOutDil": 523883729, "link": "", "finalLink": "", "calculatedOtherExpenses": 200000, "calculatedOperatingExpenses": 13300000, "calculatedNetInterest": 0, "calculatedOtherIncome": -1800000, "calculatedIncomeNonControlling": 0, "calculatedEbitda": 11000000}]}