{"originalCurrency": "USD", "convertedCurrency": "USD", "report": [{"date": "2023-12-31", "symbol": "DINO", "reportedCurrency": "USD", "cik": "0001915657", "fillingDate": "2024-02-21", "acceptedDate": "2024-02-21 16:42:25", "calendarYear": "2023", "period": "FY", "revenue": 31964395000, "costOfRevenue": 26825441000, "grossProfit": 5138954000, "grossProfitRatio": 0.1607711956, "researchAndDevelopmentExpenses": 0, "generalAndAdministrativeExpenses": 0, "sellingAndMarketingExpenses": 0, "sellingGeneralAndAdministrativeExpenses": 498240000, "otherExpenses": 1939908000, "operatingExpenses": 2936388000, "costAndExpenses": 29761829000, "interestIncome": 93468000, "interestExpense": 190796000, "depreciationAndAmortization": 770573000, "ebitda": 3083976000, "ebitdaratio": 0.0964816009, "operatingIncome": 2202566000, "operatingIncomeRatio": 0.0689068571, "totalOtherIncomeExpensesNet": 47269000, "incomeBeforeTax": 2152507000, "incomeBeforeTaxRatio": 0.0673407709, "incomeTaxExpense": 441612000, "netIncome": 1589666000, "netIncomeRatio": 0.0497323976, "eps": 8.29, "epsdiluted": 8.29, "weightedAverageShsOut": 190035000, "weightedAverageShsOutDil": 190035000, "link": "https://www.sec.gov/Archives/edgar/data/1915657/000191565724000040/0001915657-24-000040-index.htm", "finalLink": "https://www.sec.gov/Archives/edgar/data/1915657/000191565724000040/dino-20231231.htm", "calculatedOtherExpenses": 2438148000, "calculatedOperatingExpenses": 2936388000, "calculatedNetInterest": -97328000, "calculatedOtherIncome": 47269000, "calculatedIncomeNonControlling": 121229000, "calculatedEbitda": 2973139000}, {"date": "2022-12-31", "symbol": "DINO", "reportedCurrency": "USD", "cik": "0001915657", "fillingDate": "2023-02-28", "acceptedDate": "2023-02-28 12:01:03", "calendarYear": "2022", "period": "FY", "revenue": 38204839000, "costOfRevenue": 31389212000, "grossProfit": 6815627000, "grossProfitRatio": 0.1783969565, "researchAndDevelopmentExpenses": 0, "generalAndAdministrativeExpenses": 0, "sellingAndMarketingExpenses": 0, "sellingGeneralAndAdministrativeExpenses": 426485000, "otherExpenses": 2334893000, "operatingExpenses": 2761378000, "costAndExpenses": 34150590000, "interestIncome": 30179000, "interestExpense": 175628000, "depreciationAndAmortization": 29919000, "ebitda": 4084168000, "ebitdaratio": 0.1069018508, "operatingIncome": 4054249000, "operatingIncomeRatio": 0.1061187301, "totalOtherIncomeExpensesNet": -118203000, "incomeBeforeTax": 3936046000, "incomeBeforeTaxRatio": 0.1030248027, "incomeTaxExpense": 894872000, "netIncome": 2922668000, "netIncomeRatio": 0.0764999428, "eps": 14.28, "epsdiluted": 14.28, "weightedAverageShsOut": 202566000, "weightedAverageShsOutDil": 202566000, "link": "https://www.sec.gov/Archives/edgar/data/1915657/000191565723000015/0001915657-23-000015-index.htm", "finalLink": "https://www.sec.gov/Archives/edgar/data/1915657/000191565723000015/dino-20221231.htm", "calculatedOtherExpenses": 2334893000, "calculatedOperatingExpenses": 2761378000, "calculatedNetInterest": -145449000, "calculatedOtherIncome": 27246000, "calculatedIncomeNonControlling": 118506000, "calculatedEbitda": 4084168000}, {"date": "2021-12-31", "symbol": "DINO", "reportedCurrency": "USD", "cik": "0001915657", "fillingDate": "2021-12-31", "acceptedDate": "2021-12-31 00:00:00", "calendarYear": "2021", "period": "FY", "revenue": 18389142000, "costOfRevenue": 15760468000, "grossProfit": 2628674000, "grossProfitRatio": 0.1429470717, "researchAndDevelopmentExpenses": 0, "generalAndAdministrativeExpenses": 0, "sellingAndMarketingExpenses": 0, "sellingGeneralAndAdministrativeExpenses": 362010000, "otherExpenses": 1517478000, "operatingExpenses": 1879488000, "costAndExpenses": 17639956000, "interestIncome": 4019000, "interestExpense": 125175000, "depreciationAndAmortization": 503539000, "ebitda": 765637000, "ebitdaratio": 0.0416352759, "operatingIncome": 262098000, "operatingIncomeRatio": 0.0142528673, "totalOtherIncomeExpensesNet": 525054000, "incomeBeforeTax": 787152000, "incomeBeforeTaxRatio": 0.0428052598, "incomeTaxExpense": 123898000, "netIncome": 558324000, "netIncomeRatio": 0.0303616123, "eps": 3.39, "epsdiluted": 3.39, "weightedAverageShsOut": 162569000, "weightedAverageShsOutDil": 162569000, "link": null, "finalLink": null, "calculatedOtherExpenses": 2004566000, "calculatedOperatingExpenses": 2366576000, "calculatedNetInterest": -121156000, "calculatedOtherIncome": 646210000, "calculatedIncomeNonControlling": 104930000, "calculatedEbitda": 765637000}, {"date": "2020-12-31", "symbol": "DINO", "reportedCurrency": "USD", "cik": "0001915657", "fillingDate": "2020-12-31", "acceptedDate": "2020-12-31 00:00:00", "calendarYear": "2020", "period": "FY", "revenue": 11183643000, "costOfRevenue": 9758216000, "grossProfit": 1425427000, "grossProfitRatio": 0.1274564111, "researchAndDevelopmentExpenses": 0, "generalAndAdministrativeExpenses": 0, "sellingAndMarketingExpenses": 0, "sellingGeneralAndAdministrativeExpenses": 313600000, "otherExpenses": 1300277000, "operatingExpenses": 1613877000, "costAndExpenses": 11372093000, "interestIncome": 7633000, "interestExpense": 126527000, "depreciationAndAmortization": 22104000, "ebitda": -166346000, "ebitdaratio": -0.0148740442, "operatingIncome": -188450000, "operatingIncomeRatio": -0.0168505021, "totalOtherIncomeExpensesNet": -558596000, "incomeBeforeTax": -747046000, "incomeBeforeTaxRatio": -0.0667980907, "incomeTaxExpense": -232147000, "netIncome": -514899000, "netIncomeRatio": -0.0460403645, "eps": -3.18, "epsdiluted": -3.18, "weightedAverageShsOut": 161983000, "weightedAverageShsOutDil": 161983000, "link": null, "finalLink": null, "calculatedOtherExpenses": 1300277000, "calculatedOperatingExpenses": 1613877000, "calculatedNetInterest": -118894000, "calculatedOtherIncome": -439702000, "calculatedIncomeNonControlling": 0, "calculatedEbitda": -166346000}, {"date": "2019-12-31", "symbol": "DINO", "reportedCurrency": "USD", "cik": "0001915657", "fillingDate": "2019-12-31", "acceptedDate": "2019-12-31 00:00:00", "calendarYear": "2019", "period": "FY", "revenue": 17486578000, "costOfRevenue": 14308534000, "grossProfit": 3178044000, "grossProfitRatio": 0.1817419051, "researchAndDevelopmentExpenses": 0, "generalAndAdministrativeExpenses": 0, "sellingAndMarketingExpenses": 0, "sellingGeneralAndAdministrativeExpenses": 354236000, "otherExpenses": 1394052000, "operatingExpenses": 1748288000, "costAndExpenses": 16056822000, "interestIncome": 22139000, "interestExpense": 143321000, "depreciationAndAmortization": 509925000, "ebitda": 1462088000, "ebitdaratio": 0.0836120137, "operatingIncome": 952163000, "operatingIncomeRatio": 0.0544510767, "totalOtherIncomeExpensesNet": 219341000, "incomeBeforeTax": 1171504000, "incomeBeforeTaxRatio": 0.0669944686, "incomeTaxExpense": 299152000, "netIncome": 772388000, "netIncomeRatio": 0.0441703345, "eps": 4.64, "epsdiluted": 4.61, "weightedAverageShsOut": 166287000, "weightedAverageShsOutDil": 167385000, "link": null, "finalLink": null, "calculatedOtherExpenses": 1871645000, "calculatedOperatingExpenses": 2225881000, "calculatedNetInterest": -121182000, "calculatedOtherIncome": 340523000, "calculatedIncomeNonControlling": 99964000, "calculatedEbitda": 1462088000}, {"date": "2018-12-31", "symbol": "DINO", "reportedCurrency": "USD", "cik": "0001915657", "fillingDate": "2018-12-31", "acceptedDate": "2018-12-31 00:00:00", "calendarYear": "2018", "period": "FY", "revenue": 17714666000, "costOfRevenue": 14514411000, "grossProfit": 3200255000, "grossProfitRatio": 0.1806556782, "researchAndDevelopmentExpenses": 0, "generalAndAdministrativeExpenses": 0, "sellingAndMarketingExpenses": 0, "sellingGeneralAndAdministrativeExpenses": 290424000, "otherExpenses": 2923000, "operatingExpenses": 1576262000, "costAndExpenses": 16090673000, "interestIncome": 16892000, "interestExpense": 131363000, "depreciationAndAmortization": 437324000, "ebitda": 1649633000, "ebitdaratio": 0.0931224444, "operatingIncome": 1623993000, "operatingIncomeRatio": 0.0916750561, "totalOtherIncomeExpensesNet": 14945000, "incomeBeforeTax": 1524467000, "incomeBeforeTaxRatio": 0.0860567735, "incomeTaxExpense": 347243000, "netIncome": 1097960000, "netIncomeRatio": 0.0619802823, "eps": 6.27, "epsdiluted": 6.22, "weightedAverageShsOut": 175009000, "weightedAverageShsOutDil": 176661000, "link": null, "finalLink": null, "calculatedOtherExpenses": 1285838000, "calculatedOperatingExpenses": 1576262000, "calculatedNetInterest": -114471000, "calculatedOtherIncome": 14945000, "calculatedIncomeNonControlling": 79264000, "calculatedEbitda": 2061317000}, {"date": "2017-12-31", "symbol": "DINO", "reportedCurrency": "USD", "cik": "0001915657", "fillingDate": "2017-12-31", "acceptedDate": "2017-12-31 00:00:00", "calendarYear": "2017", "period": "FY", "revenue": 14251299000, "costOfRevenue": 11769051000, "grossProfit": 2482248000, "grossProfitRatio": 0.1741769645, "researchAndDevelopmentExpenses": 0, "generalAndAdministrativeExpenses": 0, "sellingAndMarketingExpenses": 0, "sellingGeneralAndAdministrativeExpenses": 264874000, "otherExpenses": 826000, "operatingExpenses": 1559108000, "costAndExpenses": 13328159000, "interestIncome": 3736000, "interestExpense": 117597000, "depreciationAndAmortization": 409937000, "ebitda": 940212000, "ebitdaratio": 0.0659737754, "operatingIncome": 903893000, "operatingIncomeRatio": 0.063425306, "totalOtherIncomeExpensesNet": 59584000, "incomeBeforeTax": 868863000, "incomeBeforeTaxRatio": 0.0609672845, "incomeTaxExpense": -12379000, "netIncome": 805395000, "netIncomeRatio": 0.0565137957, "eps": 4.54, "epsdiluted": 4.52, "weightedAverageShsOut": 176174000, "weightedAverageShsOutDil": 177196000, "link": null, "finalLink": null, "calculatedOtherExpenses": 1313481000, "calculatedOperatingExpenses": 1578355000, "calculatedNetInterest": -113861000, "calculatedOtherIncome": 78831000, "calculatedIncomeNonControlling": 75847000, "calculatedEbitda": 1313830000}, {"date": "2016-12-31", "symbol": "DINO", "reportedCurrency": "USD", "cik": "0001915657", "fillingDate": "2016-12-31", "acceptedDate": "2016-12-31 00:00:00", "calendarYear": "2016", "period": "FY", "revenue": 10535700000, "costOfRevenue": 8837016000, "grossProfit": 1698684000, "grossProfitRatio": 0.1612312423, "researchAndDevelopmentExpenses": 0, "generalAndAdministrativeExpenses": 125648000, "sellingAndMarketingExpenses": 0, "sellingGeneralAndAdministrativeExpenses": 125648000, "otherExpenses": -7441000, "operatingExpenses": 1144487000, "costAndExpenses": 9981503000, "interestIncome": 2491000, "interestExpense": 72192000, "depreciationAndAmortization": 363027000, "ebitda": 926487000, "ebitdaratio": 0.0879378684, "operatingIncome": -99887000, "operatingIncomeRatio": -0.0094808129, "totalOtherIncomeExpensesNet": -656030000, "incomeBeforeTax": -171534000, "incomeBeforeTaxRatio": -0.0162812153, "incomeTaxExpense": 19411000, "netIncome": -260453000, "netIncomeRatio": -0.0247209962, "eps": -1.48, "epsdiluted": -1.48, "weightedAverageShsOut": 176101000, "weightedAverageShsOutDil": 176101000, "link": null, "finalLink": null, "calculatedOtherExpenses": 1672923000, "calculatedOperatingExpenses": 1798571000, "calculatedNetInterest": -69701000, "calculatedOtherIncome": -1946000, "calculatedIncomeNonControlling": 69508000, "calculatedEbitda": 263140000}, {"date": "2015-12-31", "symbol": "DINO", "reportedCurrency": "USD", "cik": "0001915657", "fillingDate": "2015-12-31", "acceptedDate": "2015-12-31 00:00:00", "calendarYear": "2015", "period": "FY", "revenue": 13237920000, "costOfRevenue": 10812348000, "grossProfit": 2425572000, "grossProfitRatio": 0.1832290873, "researchAndDevelopmentExpenses": 0, "generalAndAdministrativeExpenses": 120846000, "sellingAndMarketingExpenses": 0, "sellingGeneralAndAdministrativeExpenses": 120846000, "otherExpenses": 1060373000, "operatingExpenses": 1181219000, "costAndExpenses": 11993567000, "interestIncome": 3391000, "interestExpense": 43470000, "depreciationAndAmortization": 346151000, "ebitda": 1244006000, "ebitdaratio": 0.0939729202, "operatingIncome": 1244353000, "operatingIncomeRatio": 0.0939991328, "totalOtherIncomeExpensesNet": 4294000, "incomeBeforeTax": 1208568000, "incomeBeforeTaxRatio": 0.0912959136, "incomeTaxExpense": 406060000, "netIncome": 740101000, "netIncomeRatio": 0.0559076501, "eps": 3.91, "epsdiluted": 3.9, "weightedAverageShsOut": 188731000, "weightedAverageShsOutDil": 188940000, "link": null, "finalLink": null, "calculatedOtherExpenses": 1060373000, "calculatedOperatingExpenses": 1181219000, "calculatedNetInterest": -40079000, "calculatedOtherIncome": 4294000, "calculatedIncomeNonControlling": 62407000, "calculatedEbitda": 1590504000}, {"date": "2014-12-31", "symbol": "DINO", "reportedCurrency": "USD", "cik": "0001915657", "fillingDate": "2014-12-31", "acceptedDate": "2014-12-31 00:00:00", "calendarYear": "2014", "period": "FY", "revenue": 19764327000, "costOfRevenue": 17989244000, "grossProfit": 1775083000, "grossProfitRatio": 0.0898124687, "researchAndDevelopmentExpenses": 0, "generalAndAdministrativeExpenses": 114609000, "sellingAndMarketingExpenses": 0, "sellingGeneralAndAdministrativeExpenses": 114609000, "otherExpenses": 1144940000, "operatingExpenses": 1259549000, "costAndExpenses": 19248793000, "interestIncome": 4430000, "interestExpense": 43646000, "depreciationAndAmortization": 363381000, "ebitda": 517957000, "ebitdaratio": 0.0262066601, "operatingIncome": 515534000, "operatingIncomeRatio": 0.0260840655, "totalOtherIncomeExpensesNet": -8818000, "incomeBeforeTax": 467500000, "incomeBeforeTaxRatio": 0.0236537272, "incomeTaxExpense": 141172000, "netIncome": 281292000, "netIncomeRatio": 0.0142323085, "eps": 1.42, "epsdiluted": 1.42, "weightedAverageShsOut": 197243000, "weightedAverageShsOutDil": 197428000, "link": null, "finalLink": null, "calculatedOtherExpenses": 1144940000, "calculatedOperatingExpenses": 1259549000, "calculatedNetInterest": -39216000, "calculatedOtherIncome": -8818000, "calculatedIncomeNonControlling": 45036000, "calculatedEbitda": 878915000}, {"date": "2013-12-31", "symbol": "DINO", "reportedCurrency": "USD", "cik": "0001915657", "fillingDate": "2013-12-31", "acceptedDate": "2013-12-31 00:00:00", "calendarYear": "2013", "period": "FY", "revenue": 20160560000, "costOfRevenue": 17695673000, "grossProfit": 2464887000, "grossProfitRatio": 0.122262824, "researchAndDevelopmentExpenses": 0, "generalAndAdministrativeExpenses": 127963000, "sellingAndMarketingExpenses": 0, "sellingGeneralAndAdministrativeExpenses": 127963000, "otherExpenses": 1090850000, "operatingExpenses": 1218813000, "costAndExpenses": 18914486000, "interestIncome": 5556000, "interestExpense": 68050000, "depreciationAndAmortization": 303446000, "ebitda": 1249558000, "ebitdaratio": 0.061980322, "operatingIncome": 1246074000, "operatingIncomeRatio": 0.0618075093, "totalOtherIncomeExpensesNet": -24181000, "incomeBeforeTax": 1159399000, "incomeBeforeTaxRatio": 0.0575082736, "incomeTaxExpense": 391576000, "netIncome": 735842000, "netIncomeRatio": 0.0364990853, "eps": 3.66, "epsdiluted": 3.64, "weightedAverageShsOut": 200419000, "weightedAverageShsOutDil": 201234000, "link": null, "finalLink": null, "calculatedOtherExpenses": 1090850000, "calculatedOperatingExpenses": 1218813000, "calculatedNetInterest": -62494000, "calculatedOtherIncome": -24181000, "calculatedIncomeNonControlling": 31981000, "calculatedEbitda": 1549520000}, {"date": "2012-12-31", "symbol": "DINO", "reportedCurrency": "USD", "cik": "0001915657", "fillingDate": "2012-12-31", "acceptedDate": "2012-12-31 00:00:00", "calendarYear": "2012", "period": "FY", "revenue": 20090724000, "costOfRevenue": 16083511000, "grossProfit": 4007213000, "grossProfitRatio": 0.1994558782, "researchAndDevelopmentExpenses": 0, "generalAndAdministrativeExpenses": 128101000, "sellingAndMarketingExpenses": 0, "sellingGeneralAndAdministrativeExpenses": 128101000, "otherExpenses": 994966000, "operatingExpenses": 1123067000, "costAndExpenses": 17206578000, "interestIncome": 4786000, "interestExpense": 104186000, "depreciationAndAmortization": 242868000, "ebitda": 2891855000, "ebitdaratio": 0.1439398102, "operatingIncome": 2884146000, "operatingIncomeRatio": 0.1435561008, "totalOtherIncomeExpensesNet": 3249000, "incomeBeforeTax": 2787995000, "incomeBeforeTaxRatio": 0.1387702603, "incomeTaxExpense": 1027962000, "netIncome": 1727172000, "netIncomeRatio": 0.0859686291, "eps": 8.41, "epsdiluted": 8.38, "weightedAverageShsOut": 205289000, "weightedAverageShsOutDil": 206184000, "link": null, "finalLink": null, "calculatedOtherExpenses": 994966000, "calculatedOperatingExpenses": 1123067000, "calculatedNetInterest": -99400000, "calculatedOtherIncome": 3249000, "calculatedIncomeNonControlling": 32861000, "calculatedEbitda": 3127014000}, {"date": "2011-12-31", "symbol": "DINO", "reportedCurrency": "USD", "cik": "0001915657", "fillingDate": "2011-12-31", "acceptedDate": "2011-12-31 00:00:00", "calendarYear": "2011", "period": "FY", "revenue": 15439528000, "costOfRevenue": 13428159000, "grossProfit": 2011369000, "grossProfitRatio": 0.1302739954, "researchAndDevelopmentExpenses": 0, "generalAndAdministrativeExpenses": 0, "sellingAndMarketingExpenses": 0, "sellingGeneralAndAdministrativeExpenses": 120114000, "otherExpenses": 159707000, "operatingExpenses": 279821000, "costAndExpenses": 13707980000, "interestIncome": 1284000, "interestExpense": 78323000, "depreciationAndAmortization": 159707000, "ebitda": 1894839000, "ebitdaratio": 0.1227264849, "operatingIncome": 1731548000, "operatingIncomeRatio": 0.1121503196, "totalOtherIncomeExpensesNet": -12814000, "incomeBeforeTax": 1641695000, "incomeBeforeTaxRatio": 0.1063306469, "incomeTaxExpense": 581991000, "netIncome": 1023397000, "netIncomeRatio": 0.0662842154, "eps": 6.46, "epsdiluted": 6.42, "weightedAverageShsOut": 158486000, "weightedAverageShsOutDil": 159294000, "link": null, "finalLink": null, "calculatedOtherExpenses": 159707000, "calculatedOperatingExpenses": 279821000, "calculatedNetInterest": -77039000, "calculatedOtherIncome": -12814000, "calculatedIncomeNonControlling": 36307000, "calculatedEbitda": 1891255000}, {"date": "2010-12-31", "symbol": "DINO", "reportedCurrency": "USD", "cik": "0001915657", "fillingDate": "2010-12-31", "acceptedDate": "2010-12-31 00:00:00", "calendarYear": "2010", "period": "FY", "revenue": 8322929000, "costOfRevenue": 7871563000, "grossProfit": 451366000, "grossProfitRatio": 0.0542316293, "researchAndDevelopmentExpenses": 0, "generalAndAdministrativeExpenses": 0, "sellingAndMarketingExpenses": 0, "sellingGeneralAndAdministrativeExpenses": 70839000, "otherExpenses": 117529000, "operatingExpenses": 188368000, "costAndExpenses": 8059931000, "interestIncome": 1168000, "interestExpense": 74196000, "depreciationAndAmortization": 117529000, "ebitda": 384088000, "ebitdaratio": 0.0461481769, "operatingIncome": 262998000, "operatingIncomeRatio": 0.0315992122, "totalOtherIncomeExpensesNet": 2393000, "incomeBeforeTax": 192363000, "incomeBeforeTaxRatio": 0.0231124163, "incomeTaxExpense": 59312000, "netIncome": 103964000, "netIncomeRatio": 0.0124912756, "eps": 0.98, "epsdiluted": 0.97, "weightedAverageShsOut": 106436000, "weightedAverageShsOutDil": 107218000, "link": null, "finalLink": null, "calculatedOtherExpenses": 117529000, "calculatedOperatingExpenses": 188368000, "calculatedNetInterest": -73028000, "calculatedOtherIncome": 2393000, "calculatedIncomeNonControlling": 29087000, "calculatedEbitda": 380527000}, {"date": "2009-12-31", "symbol": "DINO", "reportedCurrency": "USD", "cik": "0001915657", "fillingDate": "2009-12-31", "acceptedDate": "2009-12-31 00:00:00", "calendarYear": "2009", "period": "FY", "revenue": 4834268000, "costOfRevenue": 4238008000, "grossProfit": 596260000, "grossProfitRatio": 0.1233402865, "researchAndDevelopmentExpenses": 0, "generalAndAdministrativeExpenses": 0, "sellingAndMarketingExpenses": 0, "sellingGeneralAndAdministrativeExpenses": 60343000, "otherExpenses": 455606000, "operatingExpenses": 515949000, "costAndExpenses": 4753957000, "interestIncome": 5045000, "interestExpense": 40346000, "depreciationAndAmortization": 98751000, "ebitda": 186026000, "ebitdaratio": 0.0384806966, "operatingIncome": 80311000, "operatingIncomeRatio": 0.0166128564, "totalOtherIncomeExpensesNet": -1207000, "incomeBeforeTax": 43803000, "incomeBeforeTaxRatio": 0.0090609375, "incomeTaxExpense": 7460000, "netIncome": 19533000, "netIncomeRatio": 0.004040529, "eps": 0.2, "epsdiluted": 0.2, "weightedAverageShsOut": 100836000, "weightedAverageShsOutDil": 101206000, "link": null, "finalLink": null, "calculatedOtherExpenses": 455606000, "calculatedOperatingExpenses": 515949000, "calculatedNetInterest": -35301000, "calculatedOtherIncome": -1207000, "calculatedIncomeNonControlling": 16810000, "calculatedEbitda": 179062000}, {"date": "2008-12-31", "symbol": "DINO", "reportedCurrency": "USD", "cik": "0001915657", "fillingDate": "2008-12-31", "acceptedDate": "2008-12-31 00:00:00", "calendarYear": "2008", "period": "FY", "revenue": 5867668000, "costOfRevenue": 5280699000, "grossProfit": 586969000, "grossProfitRatio": 0.10003446, "researchAndDevelopmentExpenses": 0, "generalAndAdministrativeExpenses": 0, "sellingAndMarketingExpenses": 0, "sellingGeneralAndAdministrativeExpenses": 54906000, "otherExpenses": 63789000, "operatingExpenses": 386637000, "costAndExpenses": 5667336000, "interestIncome": 10824000, "interestExpense": 23955000, "depreciationAndAmortization": 63789000, "ebitda": 277935000, "ebitdaratio": 0.0473671994, "operatingIncome": 200332000, "operatingIncomeRatio": 0.0341416726, "totalOtherIncomeExpensesNet": -1817000, "incomeBeforeTax": 185384000, "incomeBeforeTaxRatio": 0.0315941529, "incomeTaxExpense": 64826000, "netIncome": 120558000, "netIncomeRatio": 0.0205461522, "eps": 1.2, "epsdiluted": 1.19, "weightedAverageShsOut": 100404000, "weightedAverageShsOutDil": 101098000, "link": null, "finalLink": null, "calculatedOtherExpenses": 331731000, "calculatedOperatingExpenses": 386637000, "calculatedNetInterest": -13131000, "calculatedOtherIncome": -1817000, "calculatedIncomeNonControlling": 0, "calculatedEbitda": 264121000}, {"date": "2007-12-31", "symbol": "DINO", "reportedCurrency": "USD", "cik": "0001915657", "fillingDate": "2007-12-31", "acceptedDate": "2007-12-31 00:00:00", "calendarYear": "2007", "period": "FY", "revenue": 4791742000, "costOfRevenue": 4213181000, "grossProfit": 578561000, "grossProfitRatio": 0.120741267, "researchAndDevelopmentExpenses": 0, "generalAndAdministrativeExpenses": 0, "sellingAndMarketingExpenses": 0, "sellingGeneralAndAdministrativeExpenses": 68773000, "otherExpenses": 43456000, "operatingExpenses": 112229000, "costAndExpenses": 4325410000, "interestIncome": 0, "interestExpense": -33112000, "depreciationAndAmortization": 43456000, "ebitda": 509788000, "ebitdaratio": 0.1063888665, "operatingIncome": 466332000, "operatingIncomeRatio": 0.0973199308, "totalOtherIncomeExpensesNet": 19109000, "incomeBeforeTax": 499444000, "incomeBeforeTaxRatio": 0.1042301526, "incomeTaxExpense": 165316000, "netIncome": 334128000, "netIncomeRatio": 0.0697299646, "eps": 3.05, "epsdiluted": 2.99, "weightedAverageShsOut": 109704000, "weightedAverageShsOutDil": 111700000, "link": null, "finalLink": null, "calculatedOtherExpenses": 43456000, "calculatedOperatingExpenses": 112229000, "calculatedNetInterest": 33112000, "calculatedOtherIncome": 0, "calculatedIncomeNonControlling": 0, "calculatedEbitda": 509788000}, {"date": "2006-12-31", "symbol": "DINO", "reportedCurrency": "USD", "cik": "0001915657", "fillingDate": "2006-12-31", "acceptedDate": "2006-12-31 00:00:00", "calendarYear": "2006", "period": "FY", "revenue": 4023217000, "costOfRevenue": 3558350000, "grossProfit": 464867000, "grossProfitRatio": 0.1155460916, "researchAndDevelopmentExpenses": 0, "generalAndAdministrativeExpenses": 0, "sellingAndMarketingExpenses": 0, "sellingGeneralAndAdministrativeExpenses": 63255000, "otherExpenses": 39721000, "operatingExpenses": 102976000, "costAndExpenses": 3661326000, "interestIncome": 0, "interestExpense": -41278000, "depreciationAndAmortization": 40270000, "ebitda": 402161000, "ebitdaratio": 0.0999600568, "operatingIncome": 361891000, "operatingIncomeRatio": 0.0899506539, "totalOtherIncomeExpensesNet": 12929000, "incomeBeforeTax": 383501000, "incomeBeforeTaxRatio": 0.0953219774, "incomeTaxExpense": 136603000, "netIncome": 266566000, "netIncomeRatio": 0.0662569282, "eps": 2.34, "epsdiluted": 2.29, "weightedAverageShsOut": 113952000, "weightedAverageShsOutDil": 116420000, "link": null, "finalLink": null, "calculatedOtherExpenses": 39721000, "calculatedOperatingExpenses": 102976000, "calculatedNetInterest": 41278000, "calculatedOtherIncome": -19668000, "calculatedIncomeNonControlling": -19668000, "calculatedEbitda": 402161000}, {"date": "2005-12-31", "symbol": "DINO", "reportedCurrency": "USD", "cik": "0001915657", "fillingDate": "2005-12-31", "acceptedDate": "2005-12-31 00:00:00", "calendarYear": "2005", "period": "FY", "revenue": 3212745000, "costOfRevenue": 2637083000, "grossProfit": 575662000, "grossProfitRatio": 0.1791807317, "researchAndDevelopmentExpenses": 0, "generalAndAdministrativeExpenses": 0, "sellingAndMarketingExpenses": 0, "sellingGeneralAndAdministrativeExpenses": 264343000, "otherExpenses": 43817000, "operatingExpenses": 308160000, "costAndExpenses": 2945243000, "interestIncome": 0, "interestExpense": -1580000, "depreciationAndAmortization": 43817000, "ebitda": 311319000, "ebitdaratio": 0.096901248, "operatingIncome": 267502000, "operatingIncomeRatio": 0.0832627551, "totalOtherIncomeExpensesNet": 5832000, "incomeBeforeTax": 268413000, "incomeBeforeTaxRatio": 0.0835463132, "incomeTaxExpense": 101424000, "netIncome": 167658000, "netIncomeRatio": 0.0521852808, "eps": 1.36, "epsdiluted": 1.33, "weightedAverageShsOut": 123456000, "weightedAverageShsOutDil": 126488000, "link": null, "finalLink": null, "calculatedOtherExpenses": 43817000, "calculatedOperatingExpenses": 308160000, "calculatedNetInterest": 1580000, "calculatedOtherIncome": -669000, "calculatedIncomeNonControlling": -669000, "calculatedEbitda": 311319000}, {"date": "2004-12-31", "symbol": "DINO", "reportedCurrency": "USD", "cik": "0001915657", "fillingDate": "2004-12-31", "acceptedDate": "2004-12-31 00:00:00", "calendarYear": "2004", "period": "FY", "revenue": 2246373000, "costOfRevenue": 1836686000, "grossProfit": 409687000, "grossProfitRatio": 0.182377103, "researchAndDevelopmentExpenses": 0, "generalAndAdministrativeExpenses": 0, "sellingAndMarketingExpenses": 0, "sellingGeneralAndAdministrativeExpenses": 223692000, "otherExpenses": 40481000, "operatingExpenses": 264173000, "costAndExpenses": 2100859000, "interestIncome": 0, "interestExpense": 7045000, "depreciationAndAmortization": 40481000, "ebitda": 185995000, "ebitdaratio": 0.0827979147, "operatingIncome": 145514000, "operatingIncomeRatio": 0.0647773099, "totalOtherIncomeExpensesNet": -318000, "incomeBeforeTax": 138469000, "incomeBeforeTaxRatio": 0.0616411433, "incomeTaxExpense": 54590000, "netIncome": 83879000, "netIncomeRatio": 0.0373397472, "eps": 0.67, "epsdiluted": 0.65, "weightedAverageShsOut": 125560000, "weightedAverageShsOutDil": 128680000, "link": null, "finalLink": null, "calculatedOtherExpenses": 40481000, "calculatedOperatingExpenses": 264173000, "calculatedNetInterest": -7045000, "calculatedOtherIncome": 0, "calculatedIncomeNonControlling": 0, "calculatedEbitda": 185995000}, {"date": "2003-12-31", "symbol": "DINO", "reportedCurrency": "USD", "cik": "0001915657", "fillingDate": "2003-12-31", "acceptedDate": "2003-12-31 00:00:00", "calendarYear": "2003", "period": "FY", "revenue": 1403244000, "costOfRevenue": 1286903000, "grossProfit": 116341000, "grossProfitRatio": 0.0829086032, "researchAndDevelopmentExpenses": 0, "generalAndAdministrativeExpenses": 0, "sellingAndMarketingExpenses": 0, "sellingGeneralAndAdministrativeExpenses": 34782000, "otherExpenses": 21492000, "operatingExpenses": 56274000, "costAndExpenses": 1343177000, "interestIncome": 0, "interestExpense": -43647000, "depreciationAndAmortization": 36275000, "ebitda": 66987000, "ebitdaratio": 0.0477372431, "operatingIncome": 60067000, "operatingIncomeRatio": 0.0428058128, "totalOtherIncomeExpensesNet": 30753000, "incomeBeforeTax": 74359000, "incomeBeforeTaxRatio": 0.0529907842, "incomeTaxExpense": 28306000, "netIncome": 46053000, "netIncomeRatio": 0.0328189538, "eps": 0.37, "epsdiluted": 0.36, "weightedAverageShsOut": 124040000, "weightedAverageShsOutDil": 128128000, "link": null, "finalLink": null, "calculatedOtherExpenses": 21492000, "calculatedOperatingExpenses": 56274000, "calculatedNetInterest": 43647000, "calculatedOtherIncome": -29355000, "calculatedIncomeNonControlling": 0, "calculatedEbitda": 96342000}, {"date": "2002-12-31", "symbol": "DINO", "reportedCurrency": "USD", "cik": "0001915657", "fillingDate": "2002-12-31", "acceptedDate": "2002-12-31 00:00:00", "calendarYear": "2002", "period": "FY", "revenue": 448637000, "costOfRevenue": 419496000, "grossProfit": 29141000, "grossProfitRatio": 0.0649545178, "researchAndDevelopmentExpenses": 0, "generalAndAdministrativeExpenses": 0, "sellingAndMarketingExpenses": 0, "sellingGeneralAndAdministrativeExpenses": 9025000, "otherExpenses": 11726000, "operatingExpenses": 20751000, "costAndExpenses": 440247000, "interestIncome": 0, "interestExpense": -127000, "depreciationAndAmortization": 11726000, "ebitda": 20116000, "ebitdaratio": 0.0448380316, "operatingIncome": 8390000, "operatingIncomeRatio": 0.018701088, "totalOtherIncomeExpensesNet": 726000, "incomeBeforeTax": 8517000, "incomeBeforeTaxRatio": 0.0189841676, "incomeTaxExpense": 3114000, "netIncome": 5403000, "netIncomeRatio": 0.012043144, "eps": 0.0438, "epsdiluted": 0.0425, "weightedAverageShsOut": 124128000, "weightedAverageShsOutDil": 127216000, "link": null, "finalLink": null, "calculatedOtherExpenses": 11726000, "calculatedOperatingExpenses": 20751000, "calculatedNetInterest": 127000, "calculatedOtherIncome": 0, "calculatedIncomeNonControlling": 0, "calculatedEbitda": 20116000}, {"date": "2001-07-31", "symbol": "DINO", "reportedCurrency": "USD", "cik": "0001915657", "fillingDate": "2001-07-31", "acceptedDate": "2001-07-31 00:00:00", "calendarYear": "2001", "period": "FY", "revenue": 1142130000, "costOfRevenue": 873363000, "grossProfit": 268767000, "grossProfitRatio": 0.2353208479, "researchAndDevelopmentExpenses": 0, "generalAndAdministrativeExpenses": 0, "sellingAndMarketingExpenses": 0, "sellingGeneralAndAdministrativeExpenses": 123533000, "otherExpenses": 27327000, "operatingExpenses": 150860000, "costAndExpenses": 1024223000, "interestIncome": 0, "interestExpense": -5141000, "depreciationAndAmortization": 27327000, "ebitda": 144081000, "ebitdaratio": 0.1261511387, "operatingIncome": 117907000, "operatingIncomeRatio": 0.1032343078, "totalOtherIncomeExpensesNet": 6455000, "incomeBeforeTax": 121895000, "incomeBeforeTaxRatio": 0.1067260294, "incomeTaxExpense": 48445000, "netIncome": 73450000, "netIncomeRatio": 0.064309667, "eps": 0.61, "epsdiluted": 0.6, "weightedAverageShsOut": 121496000, "weightedAverageShsOutDil": 123096000, "link": null, "finalLink": null, "calculatedOtherExpenses": 27327000, "calculatedOperatingExpenses": 150860000, "calculatedNetInterest": 5141000, "calculatedOtherIncome": -1153000, "calculatedIncomeNonControlling": 0, "calculatedEbitda": 145234000}, {"date": "2000-07-31", "symbol": "DINO", "reportedCurrency": "USD", "cik": "0001915657", "fillingDate": "2000-07-31", "acceptedDate": "2000-07-31 00:00:00", "calendarYear": "2000", "period": "FY", "revenue": 965946000, "costOfRevenue": 802392000, "grossProfit": 163554000, "grossProfitRatio": 0.1693200241, "researchAndDevelopmentExpenses": 0, "generalAndAdministrativeExpenses": 0, "sellingAndMarketingExpenses": 0, "sellingGeneralAndAdministrativeExpenses": 109274000, "otherExpenses": 27496000, "operatingExpenses": 136770000, "costAndExpenses": 939162000, "interestIncome": 0, "interestExpense": 11147000, "depreciationAndAmortization": 27496000, "ebitda": 57277000, "ebitdaratio": 0.0592962754, "operatingIncome": 26784000, "operatingIncomeRatio": 0.0277282581, "totalOtherIncomeExpensesNet": -2997000, "incomeBeforeTax": 18634000, "incomeBeforeTaxRatio": 0.0192909334, "incomeTaxExpense": 7189000, "netIncome": 11445000, "netIncomeRatio": 0.0118484884, "eps": 0.0888, "epsdiluted": 0.0888, "weightedAverageShsOut": 129048000, "weightedAverageShsOutDil": 129048000, "link": null, "finalLink": null, "calculatedOtherExpenses": 27496000, "calculatedOperatingExpenses": 136770000, "calculatedNetInterest": -11147000, "calculatedOtherIncome": 2997000, "calculatedIncomeNonControlling": 0, "calculatedEbitda": 54280000}, {"date": "1999-07-31", "symbol": "DINO", "reportedCurrency": "USD", "cik": "0001915657", "fillingDate": "1999-07-31", "acceptedDate": "1999-07-31 00:00:00", "calendarYear": "1999", "period": "FY", "revenue": 598000000, "costOfRevenue": 429800000, "grossProfit": 168200000, "grossProfitRatio": 0.281270903, "researchAndDevelopmentExpenses": 0, "generalAndAdministrativeExpenses": 0, "sellingAndMarketingExpenses": 0, "sellingGeneralAndAdministrativeExpenses": 102800000, "otherExpenses": 26400000, "operatingExpenses": 129200000, "costAndExpenses": 559000000, "interestIncome": 0, "interestExpense": 3900000, "depreciationAndAmortization": 26400000, "ebitda": 63400000, "ebitdaratio": 0.1060200669, "operatingIncome": 39000000, "operatingIncomeRatio": 0.0652173913, "totalOtherIncomeExpensesNet": 2000000, "incomeBeforeTax": 33100000, "incomeBeforeTaxRatio": 0.0553511706, "incomeTaxExpense": 13200000, "netIncome": 19900000, "netIncomeRatio": 0.033277592, "eps": 0.15, "epsdiluted": 0.15, "weightedAverageShsOut": 132064000, "weightedAverageShsOutDil": 133565217, "link": null, "finalLink": null, "calculatedOtherExpenses": 26400000, "calculatedOperatingExpenses": 129200000, "calculatedNetInterest": -3900000, "calculatedOtherIncome": -2000000, "calculatedIncomeNonControlling": 0, "calculatedEbitda": 65400000}, {"date": "1998-07-31", "symbol": "DINO", "reportedCurrency": "USD", "cik": "0001915657", "fillingDate": "1998-07-31", "acceptedDate": "1998-07-31 00:00:00", "calendarYear": "1998", "period": "FY", "revenue": 589600000, "costOfRevenue": 518800000, "grossProfit": 70800000, "grossProfitRatio": 0.1200814111, "researchAndDevelopmentExpenses": 0, "generalAndAdministrativeExpenses": 0, "sellingAndMarketingExpenses": 0, "sellingGeneralAndAdministrativeExpenses": 13700000, "otherExpenses": 24400000, "operatingExpenses": 38100000, "costAndExpenses": 556900000, "interestIncome": 0, "interestExpense": 7300000, "depreciationAndAmortization": 24400000, "ebitda": 56600000, "ebitdaratio": 0.0959972863, "operatingIncome": 32700000, "operatingIncomeRatio": 0.0554613297, "totalOtherIncomeExpensesNet": 500000, "incomeBeforeTax": 24900000, "incomeBeforeTaxRatio": 0.0422320217, "incomeTaxExpense": 9700000, "netIncome": 15200000, "netIncomeRatio": 0.02578019, "eps": 0.12, "epsdiluted": 0.12, "weightedAverageShsOut": 132064000, "weightedAverageShsOutDil": 133953488, "link": null, "finalLink": null, "calculatedOtherExpenses": 24400000, "calculatedOperatingExpenses": 38100000, "calculatedNetInterest": -7300000, "calculatedOtherIncome": -500000, "calculatedIncomeNonControlling": 0, "calculatedEbitda": 57100000}, {"date": "1997-07-31", "symbol": "DINO", "reportedCurrency": "USD", "cik": "0001915657", "fillingDate": "1997-07-31", "acceptedDate": "1997-07-31 00:00:00", "calendarYear": "1997", "period": "FY", "revenue": 721300000, "costOfRevenue": 656600000, "grossProfit": 64700000, "grossProfitRatio": 0.0896991543, "researchAndDevelopmentExpenses": 0, "generalAndAdministrativeExpenses": 0, "sellingAndMarketingExpenses": 0, "sellingGeneralAndAdministrativeExpenses": 17100000, "otherExpenses": 20200000, "operatingExpenses": 37300000, "costAndExpenses": 693900000, "interestIncome": 0, "interestExpense": 1900000, "depreciationAndAmortization": 20200000, "ebitda": 43900000, "ebitdaratio": 0.0608623319, "operatingIncome": 27400000, "operatingIncomeRatio": 0.037986968, "totalOtherIncomeExpensesNet": 3700000, "incomeBeforeTax": 21800000, "incomeBeforeTaxRatio": 0.0302232081, "incomeTaxExpense": 8700000, "netIncome": 13100000, "netIncomeRatio": 0.0181616526, "eps": 0.0994, "epsdiluted": 0.0994, "weightedAverageShsOut": 132064000, "weightedAverageShsOutDil": 132173913, "link": null, "finalLink": null, "calculatedOtherExpenses": 20200000, "calculatedOperatingExpenses": 37300000, "calculatedNetInterest": -1900000, "calculatedOtherIncome": -3700000, "calculatedIncomeNonControlling": 0, "calculatedEbitda": 47600000}, {"date": "1996-07-31", "symbol": "DINO", "reportedCurrency": "USD", "cik": "0001915657", "fillingDate": "1996-07-31", "acceptedDate": "1996-07-31 00:00:00", "calendarYear": "1996", "period": "FY", "revenue": 676300000, "costOfRevenue": 600500000, "grossProfit": 75800000, "grossProfitRatio": 0.1120804377, "researchAndDevelopmentExpenses": 0, "generalAndAdministrativeExpenses": 0, "sellingAndMarketingExpenses": 0, "sellingGeneralAndAdministrativeExpenses": 18100000, "otherExpenses": 19300000, "operatingExpenses": 37400000, "costAndExpenses": 637900000, "interestIncome": 0, "interestExpense": 3600000, "depreciationAndAmortization": 19300000, "ebitda": 54700000, "ebitdaratio": 0.0808812657, "operatingIncome": 38400000, "operatingIncomeRatio": 0.0567795357, "totalOtherIncomeExpensesNet": 3000000, "incomeBeforeTax": 31800000, "incomeBeforeTaxRatio": 0.047020553, "incomeTaxExpense": 12600000, "netIncome": 19200000, "netIncomeRatio": 0.0283897679, "eps": 0.15, "epsdiluted": 0.15, "weightedAverageShsOut": 132064000, "weightedAverageShsOutDil": 133333333, "link": null, "finalLink": null, "calculatedOtherExpenses": 19300000, "calculatedOperatingExpenses": 37400000, "calculatedNetInterest": -3600000, "calculatedOtherIncome": -3000000, "calculatedIncomeNonControlling": 0, "calculatedEbitda": 57700000}, {"date": "1995-07-31", "symbol": "DINO", "reportedCurrency": "USD", "cik": "0001915657", "fillingDate": "1995-07-31", "acceptedDate": "1995-07-31 00:00:00", "calendarYear": "1995", "period": "FY", "revenue": 614800000, "costOfRevenue": 554100000, "grossProfit": 60700000, "grossProfitRatio": 0.0987312947, "researchAndDevelopmentExpenses": 0, "generalAndAdministrativeExpenses": 0, "sellingAndMarketingExpenses": 0, "sellingGeneralAndAdministrativeExpenses": 17500000, "otherExpenses": 15800000, "operatingExpenses": 33300000, "costAndExpenses": 587400000, "interestIncome": 0, "interestExpense": 600000, "depreciationAndAmortization": 15800000, "ebitda": 42200000, "ebitdaratio": 0.0686402082, "operatingIncome": 27400000, "operatingIncomeRatio": 0.044567339, "totalOtherIncomeExpensesNet": 1000000, "incomeBeforeTax": 20100000, "incomeBeforeTaxRatio": 0.0326935589, "incomeTaxExpense": 7700000, "netIncome": 18100000, "netIncomeRatio": 0.0294404684, "eps": 0.14, "epsdiluted": 0.14, "weightedAverageShsOut": 132064000, "weightedAverageShsOutDil": 134320988, "link": null, "finalLink": null, "calculatedOtherExpenses": 15800000, "calculatedOperatingExpenses": 33300000, "calculatedNetInterest": -600000, "calculatedOtherIncome": -6700000, "calculatedIncomeNonControlling": -5700000, "calculatedEbitda": 43200000}, {"date": "1994-07-31", "symbol": "DINO", "reportedCurrency": "USD", "cik": "0001915657", "fillingDate": "1994-07-31", "acceptedDate": "1994-07-31 00:00:00", "calendarYear": "1994", "period": "FY", "revenue": 552300000, "costOfRevenue": 485500000, "grossProfit": 66800000, "grossProfitRatio": 0.1209487597, "researchAndDevelopmentExpenses": 0, "generalAndAdministrativeExpenses": 0, "sellingAndMarketingExpenses": 0, "sellingGeneralAndAdministrativeExpenses": 12400000, "otherExpenses": 10900000, "operatingExpenses": 23300000, "costAndExpenses": 508800000, "interestIncome": 0, "interestExpense": 8100000, "depreciationAndAmortization": 10900000, "ebitda": 54000000, "ebitdaratio": 0.0977729495, "operatingIncome": 43500000, "operatingIncomeRatio": 0.0787615426, "totalOtherIncomeExpensesNet": 400000, "incomeBeforeTax": 35000000, "incomeBeforeTaxRatio": 0.0633713561, "incomeTaxExpense": 14300000, "netIncome": 20700000, "netIncomeRatio": 0.0374796306, "eps": 0.16, "epsdiluted": 0.16, "weightedAverageShsOut": 132064000, "weightedAverageShsOutDil": 133647059, "link": null, "finalLink": null, "calculatedOtherExpenses": 10900000, "calculatedOperatingExpenses": 23300000, "calculatedNetInterest": -8100000, "calculatedOtherIncome": -400000, "calculatedIncomeNonControlling": 0, "calculatedEbitda": 54400000}, {"date": "1993-07-31", "symbol": "DINO", "reportedCurrency": "USD", "cik": "0001915657", "fillingDate": "1993-07-31", "acceptedDate": "1993-07-31 00:00:00", "calendarYear": "1993", "period": "FY", "revenue": 630600000, "costOfRevenue": 568500000, "grossProfit": 62100000, "grossProfitRatio": 0.0984776403, "researchAndDevelopmentExpenses": 0, "generalAndAdministrativeExpenses": 0, "sellingAndMarketingExpenses": 0, "sellingGeneralAndAdministrativeExpenses": 12200000, "otherExpenses": 11300000, "operatingExpenses": 23500000, "costAndExpenses": 592000000, "interestIncome": 0, "interestExpense": 2100000, "depreciationAndAmortization": 11300000, "ebitda": 45700000, "ebitdaratio": 0.0724706629, "operatingIncome": 38600000, "operatingIncomeRatio": 0.0612115446, "totalOtherIncomeExpensesNet": 4200000, "incomeBeforeTax": 33300000, "incomeBeforeTaxRatio": 0.0528068506, "incomeTaxExpense": 13400000, "netIncome": 18900000, "netIncomeRatio": 0.0299714558, "eps": 0.14, "epsdiluted": 0.14, "weightedAverageShsOut": 132631579, "weightedAverageShsOutDil": 132631579, "link": null, "finalLink": null, "calculatedOtherExpenses": 11300000, "calculatedOperatingExpenses": 23500000, "calculatedNetInterest": -2100000, "calculatedOtherIncome": -3200000, "calculatedIncomeNonControlling": 1000000, "calculatedEbitda": 49900000}, {"date": "1992-07-31", "symbol": "DINO", "reportedCurrency": "USD", "cik": "0001915657", "fillingDate": "1992-07-31", "acceptedDate": "1992-07-31 00:00:00", "calendarYear": "1992", "period": "FY", "revenue": 506700000, "costOfRevenue": 474200000, "grossProfit": 32500000, "grossProfitRatio": 0.0641405171, "researchAndDevelopmentExpenses": 0, "generalAndAdministrativeExpenses": 0, "sellingAndMarketingExpenses": 0, "sellingGeneralAndAdministrativeExpenses": 9300000, "otherExpenses": 10100000, "operatingExpenses": 19400000, "costAndExpenses": 493600000, "interestIncome": 0, "interestExpense": 14800000, "depreciationAndAmortization": 10100000, "ebitda": 25600000, "ebitdaratio": 0.0505229919, "operatingIncome": 13100000, "operatingIncomeRatio": 0.0258535623, "totalOtherIncomeExpensesNet": -2400000, "incomeBeforeTax": 700000, "incomeBeforeTaxRatio": 0.0013814881, "incomeTaxExpense": -2100000, "netIncome": 2800000, "netIncomeRatio": 0.0055259522, "eps": 0.0206, "epsdiluted": 0.0206, "weightedAverageShsOut": 135757576, "weightedAverageShsOutDil": 135757576, "link": null, "finalLink": null, "calculatedOtherExpenses": 10100000, "calculatedOperatingExpenses": 19400000, "calculatedNetInterest": -14800000, "calculatedOtherIncome": 2400000, "calculatedIncomeNonControlling": 0, "calculatedEbitda": 23200000}, {"date": "1991-07-31", "symbol": "DINO", "reportedCurrency": "USD", "cik": "0001915657", "fillingDate": "1991-07-31", "acceptedDate": "1991-07-31 00:00:00", "calendarYear": "1991", "period": "FY", "revenue": 488500000, "costOfRevenue": 448400000, "grossProfit": 40100000, "grossProfitRatio": 0.0820880246, "researchAndDevelopmentExpenses": 0, "generalAndAdministrativeExpenses": 0, "sellingAndMarketingExpenses": 0, "sellingGeneralAndAdministrativeExpenses": 13000000, "otherExpenses": 7000000, "operatingExpenses": 20000000, "costAndExpenses": 468400000, "interestIncome": 0, "interestExpense": -1000000, "depreciationAndAmortization": 7000000, "ebitda": 24400000, "ebitdaratio": 0.0499488229, "operatingIncome": 20100000, "operatingIncomeRatio": 0.0411463664, "totalOtherIncomeExpensesNet": 2700000, "incomeBeforeTax": 18400000, "incomeBeforeTaxRatio": 0.0376663255, "incomeTaxExpense": 6700000, "netIncome": 11700000, "netIncomeRatio": 0.02395087, "eps": 0.0881, "epsdiluted": 0.0881, "weightedAverageShsOut": 132765957, "weightedAverageShsOutDil": 132765957, "link": null, "finalLink": null, "calculatedOtherExpenses": 7000000, "calculatedOperatingExpenses": 20000000, "calculatedNetInterest": 1000000, "calculatedOtherIncome": -2700000, "calculatedIncomeNonControlling": 0, "calculatedEbitda": 27100000}, {"date": "1990-07-31", "symbol": "DINO", "reportedCurrency": "USD", "cik": "0001915657", "fillingDate": "1990-07-31", "acceptedDate": "1990-07-31 00:00:00", "calendarYear": "1990", "period": "FY", "revenue": 437800000, "costOfRevenue": 380400000, "grossProfit": 57400000, "grossProfitRatio": 0.1311100959, "researchAndDevelopmentExpenses": 0, "generalAndAdministrativeExpenses": 0, "sellingAndMarketingExpenses": 0, "sellingGeneralAndAdministrativeExpenses": 10200000, "otherExpenses": 6500000, "operatingExpenses": 16700000, "costAndExpenses": 397100000, "interestIncome": 0, "interestExpense": 1200000, "depreciationAndAmortization": 6500000, "ebitda": 45100000, "ebitdaratio": 0.1030150754, "operatingIncome": 40700000, "operatingIncomeRatio": 0.0929648241, "totalOtherIncomeExpensesNet": 2100000, "incomeBeforeTax": 37400000, "incomeBeforeTaxRatio": 0.0854271357, "incomeTaxExpense": 13400000, "netIncome": 24000000, "netIncomeRatio": 0.0548195523, "eps": 0.18, "epsdiluted": 0.18, "weightedAverageShsOut": 133797909, "weightedAverageShsOutDil": 133797909, "link": null, "finalLink": null, "calculatedOtherExpenses": 6500000, "calculatedOperatingExpenses": 16700000, "calculatedNetInterest": -1200000, "calculatedOtherIncome": -2100000, "calculatedIncomeNonControlling": 0, "calculatedEbitda": 47200000}, {"date": "1989-07-31", "symbol": "DINO", "reportedCurrency": "USD", "cik": "0001915657", "fillingDate": "1989-07-31", "acceptedDate": "1989-07-31 00:00:00", "calendarYear": "1989", "period": "FY", "revenue": 380100000, "costOfRevenue": 313000000, "grossProfit": 67100000, "grossProfitRatio": 0.1765324914, "researchAndDevelopmentExpenses": 0, "generalAndAdministrativeExpenses": 0, "sellingAndMarketingExpenses": 0, "sellingGeneralAndAdministrativeExpenses": 10000000, "otherExpenses": 6500000, "operatingExpenses": 16500000, "costAndExpenses": 329500000, "interestIncome": 0, "interestExpense": -8500000, "depreciationAndAmortization": 6500000, "ebitda": 49900000, "ebitdaratio": 0.1312812418, "operatingIncome": 50600000, "operatingIncomeRatio": 0.1331228624, "totalOtherIncomeExpensesNet": 7200000, "incomeBeforeTax": 51900000, "incomeBeforeTaxRatio": 0.136543015, "incomeTaxExpense": 18800000, "netIncome": 33100000, "netIncomeRatio": 0.0870823468, "eps": 0.25, "epsdiluted": 0.25, "weightedAverageShsOut": 133400504, "weightedAverageShsOutDil": 133400504, "link": null, "finalLink": null, "calculatedOtherExpenses": 6500000, "calculatedOperatingExpenses": 16500000, "calculatedNetInterest": 8500000, "calculatedOtherIncome": -7200000, "calculatedIncomeNonControlling": 0, "calculatedEbitda": 57100000}]}