{"originalCurrency": "USD", "convertedCurrency": "USD", "report": [{"date": "2023-12-31", "symbol": "DIOD", "reportedCurrency": "USD", "cik": "0000029002", "fillingDate": "2024-02-09", "acceptedDate": "2024-02-09 17:00:57", "calendarYear": "2023", "period": "FY", "revenue": 1661739000, "costOfRevenue": 1003557000, "grossProfit": 658182000, "grossProfitRatio": 0.3960802509, "researchAndDevelopmentExpenses": 134868000, "generalAndAdministrativeExpenses": 0, "sellingAndMarketingExpenses": 0, "sellingGeneralAndAdministrativeExpenses": 257939000, "otherExpenses": 6721000, "operatingExpenses": 408073000, "costAndExpenses": 1411630000, "interestIncome": 13338000, "interestExpense": 5700000, "depreciationAndAmortization": 137330000, "ebitda": 407498000, "ebitdaratio": 0.2452238288, "operatingIncome": 250571000, "operatingIncomeRatio": 0.150788421, "totalOtherIncomeExpensesNet": 20186000, "incomeBeforeTax": 277933000, "incomeBeforeTaxRatio": 0.1672543041, "incomeTaxExpense": 47285000, "netIncome": 227182000, "netIncomeRatio": 0.1367134069, "eps": 4.96, "epsdiluted": 4.91, "weightedAverageShsOut": 45803000, "weightedAverageShsOutDil": 46311000, "link": "https://www.sec.gov/Archives/edgar/data/29002/000095017024013363/0000950170-24-013363-index.htm", "finalLink": "https://www.sec.gov/Archives/edgar/data/29002/000095017024013363/diod-20231231.htm", "calculatedOtherExpenses": 14804000, "calculatedOperatingExpenses": 407611000, "calculatedNetInterest": 7638000, "calculatedOtherIncome": 19724000, "calculatedIncomeNonControlling": 3466000, "calculatedEbitda": 387901000}, {"date": "2022-12-31", "symbol": "DIOD", "reportedCurrency": "USD", "cik": "0000029002", "fillingDate": "2023-02-10", "acceptedDate": "2023-02-10 17:06:13", "calendarYear": "2022", "period": "FY", "revenue": 2000580000, "costOfRevenue": 1173343000, "grossProfit": 827237000, "grossProfitRatio": 0.4134985854, "researchAndDevelopmentExpenses": 126316000, "generalAndAdministrativeExpenses": 0, "sellingAndMarketingExpenses": 0, "sellingGeneralAndAdministrativeExpenses": 280877000, "otherExpenses": 15502000, "operatingExpenses": 422695000, "costAndExpenses": 1596038000, "interestIncome": 3672000, "interestExpense": 8320000, "depreciationAndAmortization": 134567000, "ebitda": 542760000, "ebitdaratio": 0.2713013226, "operatingIncome": 408193000, "operatingIncomeRatio": 0.2040373292, "totalOtherIncomeExpensesNet": -12253000, "incomeBeforeTax": 395940000, "incomeBeforeTaxRatio": 0.1979126053, "incomeTaxExpense": 56685000, "netIncome": 331283000, "netIncomeRatio": 0.1655934779, "eps": 7.31, "epsdiluted": 7.2, "weightedAverageShsOut": 45330000, "weightedAverageShsOutDil": 46036000, "link": "https://www.sec.gov/Archives/edgar/data/29002/000095017023002499/0000950170-23-002499-index.htm", "finalLink": "https://www.sec.gov/Archives/edgar/data/29002/000095017023002499/diod-20221231.htm", "calculatedOtherExpenses": 11851000, "calculatedOperatingExpenses": 419044000, "calculatedNetInterest": -4648000, "calculatedOtherIncome": -7605000, "calculatedIncomeNonControlling": 7972000, "calculatedEbitda": 542760000}, {"date": "2021-12-31", "symbol": "DIOD", "reportedCurrency": "USD", "cik": "0000029002", "fillingDate": "2022-02-18", "acceptedDate": "2022-02-17 18:29:04", "calendarYear": "2021", "period": "FY", "revenue": 1805162000, "costOfRevenue": 1134802000, "grossProfit": 670360000, "grossProfitRatio": 0.3713572521, "researchAndDevelopmentExpenses": 119200000, "generalAndAdministrativeExpenses": 0, "sellingAndMarketingExpenses": 0, "sellingGeneralAndAdministrativeExpenses": 257710000, "otherExpenses": 17219000, "operatingExpenses": 394129000, "costAndExpenses": 1528931000, "interestIncome": 3139000, "interestExpense": 7491000, "depreciationAndAmortization": 37152000, "ebitda": 313137000, "ebitdaratio": 0.1734675337, "operatingIncome": 275985000, "operatingIncomeRatio": 0.1528865553, "totalOtherIncomeExpensesNet": 39110000, "incomeBeforeTax": 315095000, "incomeBeforeTaxRatio": 0.1745522009, "incomeTaxExpense": 78807000, "netIncome": 228763000, "netIncomeRatio": 0.1267271303, "eps": 5.11, "epsdiluted": 5, "weightedAverageShsOut": 44772000, "weightedAverageShsOutDil": 45781000, "link": "https://www.sec.gov/Archives/edgar/data/29002/000095017022001438/0000950170-22-001438-index.htm", "finalLink": "https://www.sec.gov/Archives/edgar/data/29002/000095017022001438/diod-20211231.htm", "calculatedOtherExpenses": 17465000, "calculatedOperatingExpenses": 394375000, "calculatedNetInterest": -4352000, "calculatedOtherIncome": 43462000, "calculatedIncomeNonControlling": 7525000, "calculatedEbitda": 313137000}, {"date": "2020-12-31", "symbol": "DIOD", "reportedCurrency": "USD", "cik": "0000029002", "fillingDate": "2021-02-22", "acceptedDate": "2021-02-19 19:34:10", "calendarYear": "2020", "period": "FY", "revenue": 1229215000, "costOfRevenue": 798094000, "grossProfit": 431121000, "grossProfitRatio": 0.3507287171, "researchAndDevelopmentExpenses": 94288000, "generalAndAdministrativeExpenses": 0, "sellingAndMarketingExpenses": 0, "sellingGeneralAndAdministrativeExpenses": 185067000, "otherExpenses": 17328000, "operatingExpenses": 296683000, "costAndExpenses": 1094777000, "interestIncome": 1066000, "interestExpense": 11662000, "depreciationAndAmortization": 23852000, "ebitda": 158184000, "ebitdaratio": 0.1286870076, "operatingIncome": 134332000, "operatingIncomeRatio": 0.1092827536, "totalOtherIncomeExpensesNet": -13991000, "incomeBeforeTax": 120341000, "incomeBeforeTaxRatio": 0.0979006927, "incomeTaxExpense": 21112000, "netIncome": 98088000, "netIncomeRatio": 0.079797269, "eps": 1.92, "epsdiluted": 1.88, "weightedAverageShsOut": 51004000, "weightedAverageShsOutDil": 52133000, "link": "https://www.sec.gov/Archives/edgar/data/29002/000156459021007008/0001564590-21-007008-index.htm", "finalLink": "https://www.sec.gov/Archives/edgar/data/29002/000156459021007008/diod-10k_20201231.htm", "calculatedOtherExpenses": 17434000, "calculatedOperatingExpenses": 296789000, "calculatedNetInterest": -10596000, "calculatedOtherIncome": -3395000, "calculatedIncomeNonControlling": 1141000, "calculatedEbitda": 158184000}, {"date": "2019-12-31", "symbol": "DIOD", "reportedCurrency": "USD", "cik": "0000029002", "fillingDate": "2020-02-12", "acceptedDate": "2020-02-11 17:43:21", "calendarYear": "2019", "period": "FY", "revenue": 1249130000, "costOfRevenue": 783323000, "grossProfit": 465807000, "grossProfitRatio": 0.372905142, "researchAndDevelopmentExpenses": 88517000, "generalAndAdministrativeExpenses": 0, "sellingAndMarketingExpenses": 0, "sellingGeneralAndAdministrativeExpenses": 181343000, "otherExpenses": 19768000, "operatingExpenses": 289628000, "costAndExpenses": 1072951000, "interestIncome": 2189000, "interestExpense": 7893000, "depreciationAndAmortization": 2880000, "ebitda": 203488000, "ebitdaratio": 0.162903781, "operatingIncome": 200608000, "operatingIncomeRatio": 0.1605981763, "totalOtherIncomeExpensesNet": -2362000, "incomeBeforeTax": 198246000, "incomeBeforeTaxRatio": 0.1587072603, "incomeTaxExpense": 44131000, "netIncome": 153250000, "netIncomeRatio": 0.122685389, "eps": 3.02, "epsdiluted": 2.96, "weightedAverageShsOut": 50787000, "weightedAverageShsOutDil": 51860000, "link": "https://www.sec.gov/Archives/edgar/data/29002/000156459020004248/0001564590-20-004248-index.htm", "finalLink": "https://www.sec.gov/Archives/edgar/data/29002/000156459020004248/diod-10k_20191231.htm", "calculatedOtherExpenses": -4661000, "calculatedOperatingExpenses": 265199000, "calculatedNetInterest": -5704000, "calculatedOtherIncome": 3342000, "calculatedIncomeNonControlling": 865000, "calculatedEbitda": 203488000}, {"date": "2018-12-31", "symbol": "DIOD", "reportedCurrency": "USD", "cik": "0000029002", "fillingDate": "2019-02-21", "acceptedDate": "2019-02-21 17:02:16", "calendarYear": "2018", "period": "FY", "revenue": 1213989000, "costOfRevenue": 778713000, "grossProfit": 435276000, "grossProfitRatio": 0.358550201, "researchAndDevelopmentExpenses": 86286000, "generalAndAdministrativeExpenses": 176197000, "sellingAndMarketingExpenses": 0, "sellingGeneralAndAdministrativeExpenses": 176197000, "otherExpenses": 7104000, "operatingExpenses": 280198000, "costAndExpenses": 1058911000, "interestIncome": 1978000, "interestExpense": 9901000, "depreciationAndAmortization": 18351000, "ebitda": 182511000, "ebitdaratio": 0.1503399125, "operatingIncome": 154482000, "operatingIncomeRatio": 0.1272515649, "totalOtherIncomeExpensesNet": 2807000, "incomeBeforeTax": 149962000, "incomeBeforeTaxRatio": 0.1235283022, "incomeTaxExpense": 44556000, "netIncome": 104021000, "netIncomeRatio": 0.0856852904, "eps": 2.09, "epsdiluted": 2.04, "weightedAverageShsOut": 49841000, "weightedAverageShsOutDil": 50935000, "link": "https://www.sec.gov/Archives/edgar/data/29002/000156459019003715/0001564590-19-003715-index.htm", "finalLink": "https://www.sec.gov/Archives/edgar/data/29002/000156459019003715/diod-10k_20181231.htm", "calculatedOtherExpenses": 18311000, "calculatedOperatingExpenses": 280794000, "calculatedNetInterest": -7923000, "calculatedOtherIncome": 3403000, "calculatedIncomeNonControlling": 1385000, "calculatedEbitda": 172833000}, {"date": "2017-12-31", "symbol": "DIOD", "reportedCurrency": "USD", "cik": "0000029002", "fillingDate": "2018-02-20", "acceptedDate": "2018-02-20 07:00:07", "calendarYear": "2017", "period": "FY", "revenue": 1054204000, "costOfRevenue": 697428000, "grossProfit": 356776000, "grossProfitRatio": 0.3384316508, "researchAndDevelopmentExpenses": 77877000, "generalAndAdministrativeExpenses": 167639000, "sellingAndMarketingExpenses": 0, "sellingGeneralAndAdministrativeExpenses": 167639000, "otherExpenses": 2199000, "operatingExpenses": 264068000, "costAndExpenses": 961496000, "interestIncome": 1475000, "interestExpense": 13448000, "depreciationAndAmortization": 18798000, "ebitda": 115180000, "ebitdaratio": 0.1092577907, "operatingIncome": 80360000, "operatingIncomeRatio": 0.0762281304, "totalOtherIncomeExpensesNet": -18144000, "incomeBeforeTax": 62591000, "incomeBeforeTaxRatio": 0.059372759, "incomeTaxExpense": 62325000, "netIncome": -1805000, "netIncomeRatio": -0.0017121923, "eps": -0.037, "epsdiluted": -0.037, "weightedAverageShsOut": 48824000, "weightedAverageShsOutDil": 48824000, "link": "https://www.sec.gov/Archives/edgar/data/29002/000156459018002396/0001564590-18-002396-index.htm", "finalLink": "https://www.sec.gov/Archives/edgar/data/29002/000156459018002396/diod-10k_20171231.htm", "calculatedOtherExpenses": 30900000, "calculatedOperatingExpenses": 276416000, "calculatedNetInterest": -11973000, "calculatedOtherIncome": -5796000, "calculatedIncomeNonControlling": 2071000, "calculatedEbitda": 99158000}, {"date": "2016-12-31", "symbol": "DIOD", "reportedCurrency": "USD", "cik": "0000029002", "fillingDate": "2017-02-27", "acceptedDate": "2017-02-27 17:27:53", "calendarYear": "2016", "period": "FY", "revenue": 942162000, "costOfRevenue": 655239000, "grossProfit": 286923000, "grossProfitRatio": 0.3045367994, "researchAndDevelopmentExpenses": 69937000, "generalAndAdministrativeExpenses": 158256000, "sellingAndMarketingExpenses": 0, "sellingGeneralAndAdministrativeExpenses": 158256000, "otherExpenses": 2097000, "operatingExpenses": 248867000, "costAndExpenses": 904106000, "interestIncome": 1357000, "interestExpense": 13257000, "depreciationAndAmortization": 20478000, "ebitda": 61988000, "ebitdaratio": 0.0657933561, "operatingIncome": 38056000, "operatingIncomeRatio": 0.0403922043, "totalOtherIncomeExpensesNet": -1121000, "incomeBeforeTax": 25035000, "incomeBeforeTaxRatio": 0.0265718634, "incomeTaxExpense": 6558000, "netIncome": 15935000, "netIncomeRatio": 0.0169132272, "eps": 0.33, "epsdiluted": 0.32, "weightedAverageShsOut": 48597000, "weightedAverageShsOutDil": 49789000, "link": "https://www.sec.gov/Archives/edgar/data/29002/000156459017002599/0001564590-17-002599-index.htm", "finalLink": "https://www.sec.gov/Archives/edgar/data/29002/000156459017002599/diod-10k_20161231.htm", "calculatedOtherExpenses": 20674000, "calculatedOperatingExpenses": 248867000, "calculatedNetInterest": -11900000, "calculatedOtherIncome": -1121000, "calculatedIncomeNonControlling": 2542000, "calculatedEbitda": 58534000}, {"date": "2015-12-31", "symbol": "DIOD", "reportedCurrency": "USD", "cik": "0000029002", "fillingDate": "2016-03-11", "acceptedDate": "2016-03-11 17:24:05", "calendarYear": "2015", "period": "FY", "revenue": 848904000, "costOfRevenue": 600067000, "grossProfit": 248837000, "grossProfitRatio": 0.2931273736, "researchAndDevelopmentExpenses": 55648000, "generalAndAdministrativeExpenses": 139245000, "sellingAndMarketingExpenses": -6235000, "sellingGeneralAndAdministrativeExpenses": 133010000, "otherExpenses": 1319000, "operatingExpenses": 197255000, "costAndExpenses": 797322000, "interestIncome": 1006000, "interestExpense": 4232000, "depreciationAndAmortization": 8597000, "ebitda": 62504000, "ebitdaratio": 0.0736290558, "operatingIncome": 49969000, "operatingIncomeRatio": 0.0588629574, "totalOtherIncomeExpensesNet": 106000, "incomeBeforeTax": 48462000, "incomeBeforeTaxRatio": 0.0570877272, "incomeTaxExpense": 16451000, "netIncome": 29772000, "netIncomeRatio": 0.0350711034, "eps": 0.5, "epsdiluted": 0.49, "weightedAverageShsOut": 48210000, "weightedAverageShsOutDil": 49500000, "link": "https://www.sec.gov/Archives/edgar/data/29002/000156459016014609/0001564590-16-014609-index.htm", "finalLink": "https://www.sec.gov/Archives/edgar/data/29002/000156459016014609/diod-10k_20151231.htm", "calculatedOtherExpenses": 10210000, "calculatedOperatingExpenses": 198868000, "calculatedNetInterest": -3226000, "calculatedOtherIncome": 1719000, "calculatedIncomeNonControlling": 2239000, "calculatedEbitda": 58566000}, {"date": "2014-12-31", "symbol": "DIOD", "reportedCurrency": "USD", "cik": "0000029002", "fillingDate": "2015-03-02", "acceptedDate": "2015-03-02 17:00:35", "calendarYear": "2014", "period": "FY", "revenue": 890651000, "costOfRevenue": 613372000, "grossProfit": 277279000, "grossProfitRatio": 0.3113217186, "researchAndDevelopmentExpenses": 52136000, "generalAndAdministrativeExpenses": 133701000, "sellingAndMarketingExpenses": 0, "sellingGeneralAndAdministrativeExpenses": 133701000, "otherExpenses": 2979000, "operatingExpenses": 193751000, "costAndExpenses": 807123000, "interestIncome": 1470000, "interestExpense": 4332000, "depreciationAndAmortization": 7914000, "ebitda": 95891000, "ebitdaratio": 0.1076639447, "operatingIncome": 84511000, "operatingIncomeRatio": 0.0948867738, "totalOtherIncomeExpensesNet": 5326000, "incomeBeforeTax": 85992000, "incomeBeforeTaxRatio": 0.0965496025, "incomeTaxExpense": 20359000, "netIncome": 63678000, "netIncomeRatio": 0.0714960181, "eps": 1.35, "epsdiluted": 1.31, "weightedAverageShsOut": 47184000, "weightedAverageShsOutDil": 48594000, "link": "https://www.sec.gov/Archives/edgar/data/29002/000156459015001204/0001564590-15-001204-index.htm", "finalLink": "https://www.sec.gov/Archives/edgar/data/29002/000156459015001204/diod-10k_20141231.htm", "calculatedOtherExpenses": 6931000, "calculatedOperatingExpenses": 192768000, "calculatedNetInterest": -2862000, "calculatedOtherIncome": 4343000, "calculatedIncomeNonControlling": 1955000, "calculatedEbitda": 92425000}, {"date": "2013-12-31", "symbol": "DIOD", "reportedCurrency": "USD", "cik": "0000029002", "fillingDate": "2014-02-27", "acceptedDate": "2014-02-27 17:11:32", "calendarYear": "2013", "period": "FY", "revenue": 826846000, "costOfRevenue": 589010000, "grossProfit": 237836000, "grossProfitRatio": 0.2876424389, "researchAndDevelopmentExpenses": 48302000, "generalAndAdministrativeExpenses": 132106000, "sellingAndMarketingExpenses": 0, "sellingGeneralAndAdministrativeExpenses": 132106000, "otherExpenses": 9000, "operatingExpenses": 188486000, "costAndExpenses": 777496000, "interestIncome": 1274000, "interestExpense": 5580000, "depreciationAndAmortization": 8078000, "ebitda": 58711000, "ebitdaratio": 0.0710059673, "operatingIncome": 42281000, "operatingIncomeRatio": 0.0511352779, "totalOtherIncomeExpensesNet": -6459000, "incomeBeforeTax": 38585000, "incomeBeforeTaxRatio": 0.0466652799, "incomeTaxExpense": 14481000, "netIncome": 26532000, "netIncomeRatio": 0.0320882002, "eps": 0.57, "epsdiluted": 0.56, "weightedAverageShsOut": 46363000, "weightedAverageShsOutDil": 47658000, "link": "https://www.sec.gov/Archives/edgar/data/29002/000119312514073365/0001193125-14-073365-index.htm", "finalLink": "https://www.sec.gov/Archives/edgar/data/29002/000119312514073365/d633786d10k.htm", "calculatedOtherExpenses": 15147000, "calculatedOperatingExpenses": 195555000, "calculatedNetInterest": -4306000, "calculatedOtherIncome": 610000, "calculatedIncomeNonControlling": -2428000, "calculatedEbitda": 50359000}, {"date": "2012-12-31", "symbol": "DIOD", "reportedCurrency": "USD", "cik": "0000029002", "fillingDate": "2013-02-27", "acceptedDate": "2013-02-27 16:49:23", "calendarYear": "2012", "period": "FY", "revenue": 633806000, "costOfRevenue": 472220000, "grossProfit": 161586000, "grossProfitRatio": 0.2549455196, "researchAndDevelopmentExpenses": 33761000, "generalAndAdministrativeExpenses": 101363000, "sellingAndMarketingExpenses": 0, "sellingGeneralAndAdministrativeExpenses": 101363000, "otherExpenses": -1091000, "operatingExpenses": 140246000, "costAndExpenses": 612466000, "interestIncome": 778000, "interestExpense": 876000, "depreciationAndAmortization": 5122000, "ebitda": 26149000, "ebitdaratio": 0.0412571039, "operatingIncome": 24896000, "operatingIncomeRatio": 0.0392801583, "totalOtherIncomeExpensesNet": 9565000, "incomeBeforeTax": 30807000, "incomeBeforeTaxRatio": 0.0486063559, "incomeTaxExpense": 4825000, "netIncome": 24152000, "netIncomeRatio": 0.0381062975, "eps": 0.53, "epsdiluted": 0.51, "weightedAverageShsOut": 45780000, "weightedAverageShsOutDil": 46899000, "link": "https://www.sec.gov/Archives/edgar/data/29002/000119312513080181/0001193125-13-080181-index.htm", "finalLink": "https://www.sec.gov/Archives/edgar/data/29002/000119312513080181/d491277d10k.htm", "calculatedOtherExpenses": 1566000, "calculatedOperatingExpenses": 136690000, "calculatedNetInterest": -98000, "calculatedOtherIncome": 6009000, "calculatedIncomeNonControlling": 1830000, "calculatedEbitda": 30018000}, {"date": "2011-12-31", "symbol": "DIOD", "reportedCurrency": "USD", "cik": "0000029002", "fillingDate": "2012-02-28", "acceptedDate": "2012-02-28 15:21:17", "calendarYear": "2011", "period": "FY", "revenue": 635251000, "costOfRevenue": 441554000, "grossProfit": 193697000, "grossProfitRatio": 0.3049141206, "researchAndDevelopmentExpenses": 27231000, "generalAndAdministrativeExpenses": 89974000, "sellingAndMarketingExpenses": 0, "sellingGeneralAndAdministrativeExpenses": 89974000, "otherExpenses": 4503000, "operatingExpenses": 121708000, "costAndExpenses": 563262000, "interestIncome": 1024000, "interestExpense": 3139000, "depreciationAndAmortization": 4503000, "ebitda": 77516000, "ebitdaratio": 0.1220242078, "operatingIncome": 71989000, "operatingIncomeRatio": 0.1133237098, "totalOtherIncomeExpensesNet": -6210000, "incomeBeforeTax": 63664000, "incomeBeforeTaxRatio": 0.1002186537, "incomeTaxExpense": 10157000, "netIncome": 50737000, "netIncomeRatio": 0.079869217, "eps": 1.12, "epsdiluted": 1.09, "weightedAverageShsOut": 45202000, "weightedAverageShsOutDil": 46713000, "link": "https://www.sec.gov/Archives/edgar/data/29002/000119312512084918/0001193125-12-084918-index.htm", "finalLink": "https://www.sec.gov/Archives/edgar/data/29002/000119312512084918/d306974d10k.htm", "calculatedOtherExpenses": 4503000, "calculatedOperatingExpenses": 121708000, "calculatedNetInterest": -2115000, "calculatedOtherIncome": -6210000, "calculatedIncomeNonControlling": 2770000, "calculatedEbitda": 76492000}, {"date": "2010-12-31", "symbol": "DIOD", "reportedCurrency": "USD", "cik": "0000029002", "fillingDate": "2011-02-28", "acceptedDate": "2011-02-28 17:31:00", "calendarYear": "2010", "period": "FY", "revenue": 612886000, "costOfRevenue": 388017000, "grossProfit": 224869000, "grossProfitRatio": 0.3669018382, "researchAndDevelopmentExpenses": 26584000, "generalAndAdministrativeExpenses": 88784000, "sellingAndMarketingExpenses": 0, "sellingGeneralAndAdministrativeExpenses": 88784000, "otherExpenses": 4425000, "operatingExpenses": 119793000, "costAndExpenses": 507810000, "interestIncome": 2842000, "interestExpense": 5229000, "depreciationAndAmortization": 4425000, "ebitda": 112343000, "ebitdaratio": 0.1833016254, "operatingIncome": 104932000, "operatingIncomeRatio": 0.171209654, "totalOtherIncomeExpensesNet": -4586000, "incomeBeforeTax": 98103000, "incomeBeforeTaxRatio": 0.1600672882, "incomeTaxExpense": 17839000, "netIncome": 76733000, "netIncomeRatio": 0.1251994661, "eps": 1.74, "epsdiluted": 1.68, "weightedAverageShsOut": 44146000, "weightedAverageShsOutDil": 45546000, "link": "https://www.sec.gov/Archives/edgar/data/29002/000095012311019939/0000950123-11-019939-index.htm", "finalLink": "https://www.sec.gov/Archives/edgar/data/29002/000095012311019939/d78803e10vk.htm", "calculatedOtherExpenses": 4569000, "calculatedOperatingExpenses": 119937000, "calculatedNetInterest": -2387000, "calculatedOtherIncome": -4442000, "calculatedIncomeNonControlling": 3531000, "calculatedEbitda": 109357000}, {"date": "2009-12-31", "symbol": "DIOD", "reportedCurrency": "USD", "cik": "0000029002", "fillingDate": "2010-03-01", "acceptedDate": "2010-03-01 15:46:59", "calendarYear": "2009", "period": "FY", "revenue": 434357000, "costOfRevenue": 313150000, "grossProfit": 121207000, "grossProfitRatio": 0.2790492613, "researchAndDevelopmentExpenses": 23757000, "generalAndAdministrativeExpenses": 70396000, "sellingAndMarketingExpenses": 0, "sellingGeneralAndAdministrativeExpenses": 70396000, "otherExpenses": 4665000, "operatingExpenses": 98818000, "costAndExpenses": 411968000, "interestIncome": 4871000, "interestExpense": 7471000, "depreciationAndAmortization": 4665000, "ebitda": 31925000, "ebitdaratio": 0.0734994486, "operatingIncome": 22829000, "operatingIncomeRatio": 0.0525581492, "totalOtherIncomeExpensesNet": -8639000, "incomeBeforeTax": 11150000, "incomeBeforeTaxRatio": 0.0256701285, "incomeTaxExpense": 1302000, "netIncome": 7513000, "netIncomeRatio": 0.0172968319, "eps": 0.18, "epsdiluted": 0.17, "weightedAverageShsOut": 42237000, "weightedAverageShsOutDil": 43449000, "link": "https://www.sec.gov/Archives/edgar/data/29002/000095012310019255/0000950123-10-019255-index.htm", "finalLink": "https://www.sec.gov/Archives/edgar/data/29002/000095012310019255/d71221e10vk.htm", "calculatedOtherExpenses": 4225000, "calculatedOperatingExpenses": 98378000, "calculatedNetInterest": -2600000, "calculatedOtherIncome": -9079000, "calculatedIncomeNonControlling": 2335000, "calculatedEbitda": 27494000}, {"date": "2008-12-31", "symbol": "DIOD", "reportedCurrency": "USD", "cik": "0000029002", "fillingDate": "2009-02-26", "acceptedDate": "2009-02-26 17:18:45", "calendarYear": "2008", "period": "FY", "revenue": 432785000, "costOfRevenue": 300257000, "grossProfit": 132528000, "grossProfitRatio": 0.3062213339, "researchAndDevelopmentExpenses": 30388000, "generalAndAdministrativeExpenses": 68373000, "sellingAndMarketingExpenses": 501000, "sellingGeneralAndAdministrativeExpenses": 68874000, "otherExpenses": 3706000, "operatingExpenses": 101826000, "costAndExpenses": 402083000, "interestIncome": 11991000, "interestExpense": 9348000, "depreciationAndAmortization": 2564000, "ebitda": 45257000, "ebitdaratio": 0.104571554, "operatingIncome": 26613000, "operatingIncomeRatio": 0.061492427, "totalOtherIncomeExpensesNet": 12505000, "incomeBeforeTax": 45850000, "incomeBeforeTaxRatio": 0.1059417494, "incomeTaxExpense": 4585000, "netIncome": 38975000, "netIncomeRatio": 0.0900562635, "eps": 0.96, "epsdiluted": 0.91, "weightedAverageShsOut": 40709000, "weightedAverageShsOutDil": 42638000, "link": "https://www.sec.gov/Archives/edgar/data/29002/000095014809000023/0000950148-09-000023-index.htm", "finalLink": "https://www.sec.gov/Archives/edgar/data/29002/000095014809000023/v51594e10vk.htm", "calculatedOtherExpenses": 6653000, "calculatedOperatingExpenses": 105915000, "calculatedNetInterest": 2643000, "calculatedOtherIncome": 16594000, "calculatedIncomeNonControlling": 2290000, "calculatedEbitda": 29177000}, {"date": "2007-12-31", "symbol": "DIOD", "reportedCurrency": "USD", "cik": "0000029002", "fillingDate": "2008-02-29", "acceptedDate": "2008-02-29 16:23:29", "calendarYear": "2007", "period": "FY", "revenue": 401159000, "costOfRevenue": 270780000, "grossProfit": 130379000, "grossProfitRatio": 0.3250057957, "researchAndDevelopmentExpenses": 13515000, "generalAndAdministrativeExpenses": 55461000, "sellingAndMarketingExpenses": 0, "sellingGeneralAndAdministrativeExpenses": 55461000, "otherExpenses": 0, "operatingExpenses": 68976000, "costAndExpenses": 339756000, "interestIncome": 0, "interestExpense": -6454000, "depreciationAndAmortization": 28333000, "ebitda": 90964000, "ebitdaratio": 0.2267529832, "operatingIncome": 60400000, "operatingIncomeRatio": 0.1505637416, "totalOtherIncomeExpensesNet": -1228000, "incomeBeforeTax": 71461000, "incomeBeforeTaxRatio": 0.1781363499, "incomeTaxExpense": 9428000, "netIncome": 59657000, "netIncomeRatio": 0.1487116081, "eps": 1.51, "epsdiluted": 1.41, "weightedAverageShsOut": 39601000, "weightedAverageShsOutDil": 42331000, "link": "https://www.sec.gov/Archives/edgar/data/29002/000114420408012660/0001144204-08-012660-index.htm", "finalLink": "https://www.sec.gov/Archives/edgar/data/29002/000114420408012660/v105439_10k.htm", "calculatedOtherExpenses": 1003000, "calculatedOperatingExpenses": 69979000, "calculatedNetInterest": 6454000, "calculatedOtherIncome": 4607000, "calculatedIncomeNonControlling": 2376000, "calculatedEbitda": 88733000}, {"date": "2006-12-31", "symbol": "DIOD", "reportedCurrency": "USD", "cik": "0000029002", "fillingDate": "2007-03-01", "acceptedDate": "2007-03-01 17:30:13", "calendarYear": "2006", "period": "FY", "revenue": 343308000, "costOfRevenue": 229416000, "grossProfit": 113892000, "grossProfitRatio": 0.3317487504, "researchAndDevelopmentExpenses": 8317000, "generalAndAdministrativeExpenses": 47945000, "sellingAndMarketingExpenses": 0, "sellingGeneralAndAdministrativeExpenses": 47945000, "otherExpenses": 152000, "operatingExpenses": 56414000, "costAndExpenses": 285830000, "interestIncome": 0, "interestExpense": -728000, "depreciationAndAmortization": 21065000, "ebitda": 80169000, "ebitdaratio": 0.2335191723, "operatingIncome": 57478000, "operatingIncomeRatio": 0.1674240041, "totalOtherIncomeExpensesNet": -1626000, "incomeBeforeTax": 61121000, "incomeBeforeTaxRatio": 0.1780354667, "incomeTaxExpense": 11689000, "netIncome": 48143000, "netIncomeRatio": 0.1402326774, "eps": 0.83, "epsdiluted": 0.77, "weightedAverageShsOut": 57664500, "weightedAverageShsOutDil": 62253000, "link": "https://www.sec.gov/Archives/edgar/data/29002/000114420407010863/0001144204-07-010863-index.htm", "finalLink": "https://www.sec.gov/Archives/edgar/data/29002/000114420407010863/v067353_10-k.htm", "calculatedOtherExpenses": 152000, "calculatedOperatingExpenses": 56414000, "calculatedNetInterest": 728000, "calculatedOtherIncome": 2915000, "calculatedIncomeNonControlling": 1289000, "calculatedEbitda": 78543000}, {"date": "2005-12-31", "symbol": "DIOD", "reportedCurrency": "USD", "cik": "0000029002", "fillingDate": "2006-03-15", "acceptedDate": "2006-03-15 17:28:17", "calendarYear": "2005", "period": "FY", "revenue": 214765000, "costOfRevenue": 140388000, "grossProfit": 74377000, "grossProfitRatio": 0.3463180686, "researchAndDevelopmentExpenses": 3713000, "generalAndAdministrativeExpenses": 30285000, "sellingAndMarketingExpenses": 0, "sellingGeneralAndAdministrativeExpenses": 30285000, "otherExpenses": -102000, "operatingExpenses": 33896000, "costAndExpenses": 174284000, "interestIncome": 0, "interestExpense": -41000, "depreciationAndAmortization": 16228000, "ebitda": 56201000, "ebitdaratio": 0.2616860289, "operatingIncome": 40481000, "operatingIncomeRatio": 0.1884897446, "totalOtherIncomeExpensesNet": 508000, "incomeBeforeTax": 41108000, "incomeBeforeTaxRatio": 0.1914092147, "incomeTaxExpense": 6685000, "netIncome": 33329000, "netIncomeRatio": 0.155188229, "eps": 0.96, "epsdiluted": 0.86, "weightedAverageShsOut": 34752270, "weightedAverageShsOutDil": 38841576, "link": "https://www.sec.gov/Archives/edgar/data/29002/000114420406010106/0001144204-06-010106-index.htm", "finalLink": "https://www.sec.gov/Archives/edgar/data/29002/000114420406010106/v037619_10k.htm", "calculatedOtherExpenses": -102000, "calculatedOperatingExpenses": 33896000, "calculatedNetInterest": 41000, "calculatedOtherIncome": 586000, "calculatedIncomeNonControlling": 1094000, "calculatedEbitda": 56709000}, {"date": "2004-12-31", "symbol": "DIOD", "reportedCurrency": "USD", "cik": "0000029002", "fillingDate": "2005-03-16", "acceptedDate": "2005-03-16 16:51:14", "calendarYear": "2004", "period": "FY", "revenue": 185703000, "costOfRevenue": 124968000, "grossProfit": 60735000, "grossProfitRatio": 0.3270544902, "researchAndDevelopmentExpenses": 3422000, "generalAndAdministrativeExpenses": 23503000, "sellingAndMarketingExpenses": 0, "sellingGeneralAndAdministrativeExpenses": 23503000, "otherExpenses": 14000, "operatingExpenses": 26939000, "costAndExpenses": 151907000, "interestIncome": 0, "interestExpense": 2163000, "depreciationAndAmortization": 13173000, "ebitda": 47401000, "ebitdaratio": 0.2552516653, "operatingIncome": 33796000, "operatingIncomeRatio": 0.1819895209, "totalOtherIncomeExpensesNet": -432000, "incomeBeforeTax": 32741000, "incomeBeforeTaxRatio": 0.1763084064, "incomeTaxExpense": 6514000, "netIncome": 25551000, "netIncomeRatio": 0.137590669, "eps": 0.38, "epsdiluted": 0.33, "weightedAverageShsOut": 67791339, "weightedAverageShsOutDil": 78245889, "link": "https://www.sec.gov/Archives/edgar/data/29002/000114420405007853/0001144204-05-007853-index.htm", "finalLink": "https://www.sec.gov/Archives/edgar/data/29002/000114420405007853/v014426_10k.htm", "calculatedOtherExpenses": 14000, "calculatedOperatingExpenses": 26939000, "calculatedNetInterest": -2163000, "calculatedOtherIncome": 1108000, "calculatedIncomeNonControlling": 676000, "calculatedEbitda": 46969000}, {"date": "2003-12-31", "symbol": "DIOD", "reportedCurrency": "USD", "cik": "0000029002", "fillingDate": "2004-03-15", "acceptedDate": "2004-03-15 13:13:16", "calendarYear": "2003", "period": "FY", "revenue": 136905000, "costOfRevenue": 100377000, "grossProfit": 36528000, "grossProfitRatio": 0.2668127534, "researchAndDevelopmentExpenses": 2049000, "generalAndAdministrativeExpenses": 19586000, "sellingAndMarketingExpenses": 0, "sellingGeneralAndAdministrativeExpenses": 19586000, "otherExpenses": 1037000, "operatingExpenses": 22672000, "costAndExpenses": 123049000, "interestIncome": 0, "interestExpense": 2343000, "depreciationAndAmortization": 11073000, "ebitda": 25971000, "ebitdaratio": 0.1897008875, "operatingIncome": 13856000, "operatingIncomeRatio": 0.1012088675, "totalOtherIncomeExpensesNet": -1042000, "incomeBeforeTax": 12991000, "incomeBeforeTaxRatio": 0.0948906176, "incomeTaxExpense": 2460000, "netIncome": 10095000, "netIncomeRatio": 0.0737372631, "eps": 0.35, "epsdiluted": 0.31, "weightedAverageShsOut": 28644318, "weightedAverageShsOutDil": 32413621, "link": "https://www.sec.gov/Archives/edgar/data/29002/000114420404002937/0001144204-04-002937-index.htm", "finalLink": "https://www.sec.gov/Archives/edgar/data/29002/000114420404002937/v02035_10k.htm", "calculatedOtherExpenses": 1037000, "calculatedOperatingExpenses": 22672000, "calculatedNetInterest": -2343000, "calculatedOtherIncome": 1478000, "calculatedIncomeNonControlling": 436000, "calculatedEbitda": 24929000}, {"date": "2002-12-31", "symbol": "DIOD", "reportedCurrency": "USD", "cik": "0000029002", "fillingDate": "2003-03-31", "acceptedDate": "2003-03-31 15:02:20", "calendarYear": "2002", "period": "FY", "revenue": 115821000, "costOfRevenue": 89218000, "grossProfit": 26603000, "grossProfitRatio": 0.2296906433, "researchAndDevelopmentExpenses": 1472000, "generalAndAdministrativeExpenses": 16300000, "sellingAndMarketingExpenses": 0, "sellingGeneralAndAdministrativeExpenses": 16300000, "otherExpenses": 0, "operatingExpenses": 17772000, "costAndExpenses": 106990000, "interestIncome": 0, "interestExpense": 1097000, "depreciationAndAmortization": 9747000, "ebitda": 18375000, "ebitdaratio": 0.1586499858, "operatingIncome": 8831000, "operatingIncomeRatio": 0.0762469673, "totalOtherIncomeExpensesNet": 203000, "incomeBeforeTax": 7851000, "incomeBeforeTaxRatio": 0.0677856347, "incomeTaxExpense": 1729000, "netIncome": 5802000, "netIncomeRatio": 0.0500945424, "eps": 0.14, "epsdiluted": 0.13, "weightedAverageShsOut": 41434534, "weightedAverageShsOutDil": 44879028, "link": "https://www.sec.gov/Archives/edgar/data/29002/000002900203000021/0000029002-03-000021-index.htm", "finalLink": "https://www.sec.gov/Archives/edgar/data/29002/000002900203000021/form10k02mainb.txt", "calculatedOtherExpenses": 0, "calculatedOperatingExpenses": 17772000, "calculatedNetInterest": -1097000, "calculatedOtherIncome": 117000, "calculatedIncomeNonControlling": 320000, "calculatedEbitda": 18578000}, {"date": "2001-12-31", "symbol": "DIOD", "reportedCurrency": "USD", "cik": "0000029002", "fillingDate": "2002-04-01", "acceptedDate": "2002-04-01 00:00:00", "calendarYear": "2001", "period": "FY", "revenue": 95233000, "costOfRevenue": 81054000, "grossProfit": 14179000, "grossProfitRatio": 0.1488874655, "researchAndDevelopmentExpenses": 592000, "generalAndAdministrativeExpenses": 13711000, "sellingAndMarketingExpenses": 0, "sellingGeneralAndAdministrativeExpenses": 13711000, "otherExpenses": 0, "operatingExpenses": 14303000, "costAndExpenses": 95357000, "interestIncome": 0, "interestExpense": 744000, "depreciationAndAmortization": 8670000, "ebitda": 7769000, "ebitdaratio": 0.0815788645, "operatingIncome": -124000, "operatingIncomeRatio": -0.0013020697, "totalOtherIncomeExpensesNet": 777000, "incomeBeforeTax": -1421000, "incomeBeforeTaxRatio": -0.0149212983, "incomeTaxExpense": -1769000, "netIncome": 124000, "netIncomeRatio": 0.0013020697, "eps": 0.0059, "epsdiluted": 0.003, "weightedAverageShsOut": 27486303, "weightedAverageShsOutDil": 29972035, "link": "https://www.sec.gov/Archives/edgar/data/29002/000095015002000306/0000950150-02-000306-index.htm", "finalLink": "https://www.sec.gov/Archives/edgar/data/29002/000095015002000306/a80367e10-k405.htm", "calculatedOtherExpenses": 0, "calculatedOperatingExpenses": 14303000, "calculatedNetInterest": -744000, "calculatedOtherIncome": -553000, "calculatedIncomeNonControlling": 224000, "calculatedEbitda": 8546000}, {"date": "2000-12-31", "symbol": "DIOD", "reportedCurrency": "USD", "cik": "0000029002", "fillingDate": "2001-04-02", "acceptedDate": "2001-04-02 00:00:00", "calendarYear": "2000", "period": "FY", "revenue": 118462000, "costOfRevenue": 76032000, "grossProfit": 42430000, "grossProfitRatio": 0.3581739292, "researchAndDevelopmentExpenses": 0, "generalAndAdministrativeExpenses": 18955000, "sellingAndMarketingExpenses": 0, "sellingGeneralAndAdministrativeExpenses": 18955000, "otherExpenses": 5003000, "operatingExpenses": 23958000, "costAndExpenses": 99990000, "interestIncome": 0, "interestExpense": 580000, "depreciationAndAmortization": 5003000, "ebitda": 22974000, "ebitdaratio": 0.193935608, "operatingIncome": 18472000, "operatingIncomeRatio": 0.15593186, "totalOtherIncomeExpensesNet": 501000, "incomeBeforeTax": 17391000, "incomeBeforeTaxRatio": 0.1468065709, "incomeTaxExpense": 2496000, "netIncome": 14895000, "netIncomeRatio": 0.1257365231, "eps": 0.55, "epsdiluted": 0.48, "weightedAverageShsOut": 29389365, "weightedAverageShsOutDil": 31124077, "link": "https://www.sec.gov/Archives/edgar/data/29002/000095015001000124/0000950150-01-000124-index.htm", "finalLink": "https://www.sec.gov/Archives/edgar/data/29002/000095015001000124/a70911e10-k405.txt", "calculatedOtherExpenses": 5003000, "calculatedOperatingExpenses": 23958000, "calculatedNetInterest": -580000, "calculatedOtherIncome": -501000, "calculatedIncomeNonControlling": 0, "calculatedEbitda": 23475000}, {"date": "1999-12-31", "symbol": "DIOD", "reportedCurrency": "USD", "cik": "0000029002", "fillingDate": "2000-03-30", "acceptedDate": "2000-03-30 00:00:00", "calendarYear": "1999", "period": "FY", "revenue": 79300000, "costOfRevenue": 55500000, "grossProfit": 23800000, "grossProfitRatio": 0.3001261034, "researchAndDevelopmentExpenses": 0, "generalAndAdministrativeExpenses": 13700000, "sellingAndMarketingExpenses": 0, "sellingGeneralAndAdministrativeExpenses": 13700000, "otherExpenses": 2800000, "operatingExpenses": 16500000, "costAndExpenses": 72000000, "interestIncome": 0, "interestExpense": 100000, "depreciationAndAmortization": 2800000, "ebitda": 9900000, "ebitdaratio": 0.1248423707, "operatingIncome": 7300000, "operatingIncomeRatio": 0.0920554855, "totalOtherIncomeExpensesNet": 200000, "incomeBeforeTax": 7000000, "incomeBeforeTaxRatio": 0.0882723834, "incomeTaxExpense": 1400000, "netIncome": 5600000, "netIncomeRatio": 0.0706179067, "eps": 0.14, "epsdiluted": 0.13, "weightedAverageShsOut": 38601562, "weightedAverageShsOutDil": 41532750, "link": "https://www.sec.gov/Archives/edgar/data/29002/000095015000000257/0000950150-00-000257-index.html", "finalLink": "https://www.sec.gov/Archives/edgar/data/29002/000095015000000257/", "calculatedOtherExpenses": 2800000, "calculatedOperatingExpenses": 16500000, "calculatedNetInterest": -100000, "calculatedOtherIncome": -200000, "calculatedIncomeNonControlling": 0, "calculatedEbitda": 10100000}, {"date": "1998-12-31", "symbol": "DIOD", "reportedCurrency": "USD", "cik": "0000029002", "fillingDate": "1999-03-30", "acceptedDate": "1999-03-30 00:00:00", "calendarYear": "1998", "period": "FY", "revenue": 60300000, "costOfRevenue": 44100000, "grossProfit": 16200000, "grossProfitRatio": 0.2686567164, "researchAndDevelopmentExpenses": 0, "generalAndAdministrativeExpenses": 11000000, "sellingAndMarketingExpenses": 0, "sellingGeneralAndAdministrativeExpenses": 11000000, "otherExpenses": 1200000, "operatingExpenses": 12200000, "costAndExpenses": 56300000, "interestIncome": 0, "interestExpense": -1100000, "depreciationAndAmortization": 1200000, "ebitda": 4300000, "ebitdaratio": 0.0713101161, "operatingIncome": 4000000, "operatingIncomeRatio": 0.0663349917, "totalOtherIncomeExpensesNet": 900000, "incomeBeforeTax": 4200000, "incomeBeforeTaxRatio": 0.0696517413, "incomeTaxExpense": 1500000, "netIncome": 2700000, "netIncomeRatio": 0.0447761194, "eps": 0.0691, "epsdiluted": 0.0652, "weightedAverageShsOut": 38191500, "weightedAverageShsOutDil": 40788562, "link": "https://www.sec.gov/Archives/edgar/data/29002/000095015099000372/0000950150-99-000372-index.html", "finalLink": "https://www.sec.gov/Archives/edgar/data/29002/", "calculatedOtherExpenses": 1200000, "calculatedOperatingExpenses": 12200000, "calculatedNetInterest": 1100000, "calculatedOtherIncome": -900000, "calculatedIncomeNonControlling": 0, "calculatedEbitda": 5200000}, {"date": "1997-12-31", "symbol": "DIOD", "reportedCurrency": "USD", "cik": "0000029002", "fillingDate": "1998-03-31", "acceptedDate": "1998-03-31 00:00:00", "calendarYear": "1997", "period": "FY", "revenue": 65700000, "costOfRevenue": 46400000, "grossProfit": 19300000, "grossProfitRatio": 0.2937595129, "researchAndDevelopmentExpenses": 0, "generalAndAdministrativeExpenses": 11100000, "sellingAndMarketingExpenses": 0, "sellingGeneralAndAdministrativeExpenses": 11100000, "otherExpenses": 1000000, "operatingExpenses": 12100000, "costAndExpenses": 58500000, "interestIncome": 0, "interestExpense": -1400000, "depreciationAndAmortization": 1000000, "ebitda": 7300000, "ebitdaratio": 0.1111111111, "operatingIncome": 7200000, "operatingIncomeRatio": 0.1095890411, "totalOtherIncomeExpensesNet": 900000, "incomeBeforeTax": 7700000, "incomeBeforeTaxRatio": 0.1171993912, "incomeTaxExpense": 2600000, "netIncome": 5100000, "netIncomeRatio": 0.0776255708, "eps": 0.0404, "epsdiluted": 0.0363, "weightedAverageShsOut": 25181102, "weightedAverageShsOutDil": 25181102, "link": "https://www.sec.gov/Archives/edgar/data/29002/000095015098000485/0000950150-98-000485-index.html", "finalLink": "https://www.sec.gov/Archives/edgar/data/29002/", "calculatedOtherExpenses": 1000000, "calculatedOperatingExpenses": 12100000, "calculatedNetInterest": 1400000, "calculatedOtherIncome": -900000, "calculatedIncomeNonControlling": 0, "calculatedEbitda": 8200000}, {"date": "1996-12-31", "symbol": "DIOD", "reportedCurrency": "USD", "cik": "0000029002", "fillingDate": "1997-03-31", "acceptedDate": "1997-03-31 00:00:00", "calendarYear": "1996", "period": "FY", "revenue": 56000000, "costOfRevenue": 40500000, "grossProfit": 15500000, "grossProfitRatio": 0.2767857143, "researchAndDevelopmentExpenses": 0, "generalAndAdministrativeExpenses": 10400000, "sellingAndMarketingExpenses": 0, "sellingGeneralAndAdministrativeExpenses": 10400000, "otherExpenses": 700000, "operatingExpenses": 11100000, "costAndExpenses": 51600000, "interestIncome": 0, "interestExpense": -800000, "depreciationAndAmortization": 700000, "ebitda": 4600000, "ebitdaratio": 0.0821428571, "operatingIncome": 4400000, "operatingIncomeRatio": 0.0785714286, "totalOtherIncomeExpensesNet": 500000, "incomeBeforeTax": 4700000, "incomeBeforeTaxRatio": 0.0839285714, "incomeTaxExpense": 1700000, "netIncome": 3000000, "netIncomeRatio": 0.0535714286, "eps": 0.11, "epsdiluted": 0.11, "weightedAverageShsOut": 27145261, "weightedAverageShsOutDil": 27145261, "link": "https://www.sec.gov/Archives/edgar/data/29002/000095015097000471/0000950150-97-000471-index.html", "finalLink": "https://www.sec.gov/Archives/edgar/data/29002/", "calculatedOtherExpenses": 700000, "calculatedOperatingExpenses": 11100000, "calculatedNetInterest": 800000, "calculatedOtherIncome": -500000, "calculatedIncomeNonControlling": 0, "calculatedEbitda": 5100000}, {"date": "1995-12-31", "symbol": "DIOD", "reportedCurrency": "USD", "cik": "0000029002", "fillingDate": "1996-04-01", "acceptedDate": "1996-04-01 00:00:00", "calendarYear": "1995", "period": "FY", "revenue": 58200000, "costOfRevenue": 41400000, "grossProfit": 16800000, "grossProfitRatio": 0.2886597938, "researchAndDevelopmentExpenses": 0, "generalAndAdministrativeExpenses": 9500000, "sellingAndMarketingExpenses": 0, "sellingGeneralAndAdministrativeExpenses": 9500000, "otherExpenses": 300000, "operatingExpenses": 9800000, "costAndExpenses": 51200000, "interestIncome": 0, "interestExpense": -900000, "depreciationAndAmortization": 300000, "ebitda": 6700000, "ebitdaratio": 0.1151202749, "operatingIncome": 7000000, "operatingIncomeRatio": 0.1202749141, "totalOtherIncomeExpensesNet": 600000, "incomeBeforeTax": 7300000, "incomeBeforeTaxRatio": 0.1254295533, "incomeTaxExpense": 2600000, "netIncome": 4700000, "netIncomeRatio": 0.0807560137, "eps": 0.18, "epsdiluted": 0.18, "weightedAverageShsOut": 26427242, "weightedAverageShsOutDil": 26427242, "link": "https://www.sec.gov/Archives/edgar/data/29002/000095015096000215/0000950150-96-000215-index.html", "finalLink": "https://www.sec.gov/Archives/edgar/data/29002/", "calculatedOtherExpenses": 300000, "calculatedOperatingExpenses": 9800000, "calculatedNetInterest": 900000, "calculatedOtherIncome": -600000, "calculatedIncomeNonControlling": 0, "calculatedEbitda": 7300000}, {"date": "1994-12-31", "symbol": "DIOD", "reportedCurrency": "USD", "cik": "0000029002", "fillingDate": "1994-12-31", "acceptedDate": "1994-12-31 00:00:00", "calendarYear": "1994", "period": "FY", "revenue": 38300000, "costOfRevenue": 27300000, "grossProfit": 11000000, "grossProfitRatio": 0.2872062663, "researchAndDevelopmentExpenses": 0, "generalAndAdministrativeExpenses": 7600000, "sellingAndMarketingExpenses": 0, "sellingGeneralAndAdministrativeExpenses": 7600000, "otherExpenses": 300000, "operatingExpenses": 7900000, "costAndExpenses": 35200000, "interestIncome": 0, "interestExpense": -1000000, "depreciationAndAmortization": 300000, "ebitda": 2900000, "ebitdaratio": 0.0757180157, "operatingIncome": 3100000, "operatingIncomeRatio": 0.0809399478, "totalOtherIncomeExpensesNet": 500000, "incomeBeforeTax": 3600000, "incomeBeforeTaxRatio": 0.0939947781, "incomeTaxExpense": 1200000, "netIncome": 2400000, "netIncomeRatio": 0.0626631854, "eps": 0.0193, "epsdiluted": 0.0182, "weightedAverageShsOut": 23372345, "weightedAverageShsOutDil": 23372345, "link": null, "finalLink": null, "calculatedOtherExpenses": 300000, "calculatedOperatingExpenses": 7900000, "calculatedNetInterest": 1000000, "calculatedOtherIncome": -500000, "calculatedIncomeNonControlling": 0, "calculatedEbitda": 3400000}, {"date": "1993-12-31", "symbol": "DIOD", "reportedCurrency": "USD", "cik": "0000029002", "fillingDate": "1993-12-31", "acceptedDate": "1993-12-31 00:00:00", "calendarYear": "1993", "period": "FY", "revenue": 26400000, "costOfRevenue": 19100000, "grossProfit": 7300000, "grossProfitRatio": 0.2765151515, "researchAndDevelopmentExpenses": 0, "generalAndAdministrativeExpenses": 5900000, "sellingAndMarketingExpenses": 0, "sellingGeneralAndAdministrativeExpenses": 5900000, "otherExpenses": 200000, "operatingExpenses": 6100000, "costAndExpenses": 25200000, "interestIncome": 0, "interestExpense": -100000, "depreciationAndAmortization": 200000, "ebitda": 1300000, "ebitdaratio": 0.0492424242, "operatingIncome": 1200000, "operatingIncomeRatio": 0.0454545455, "totalOtherIncomeExpensesNet": 100000, "incomeBeforeTax": 1200000, "incomeBeforeTaxRatio": 0.0454545455, "incomeTaxExpense": -400000, "netIncome": 1600000, "netIncomeRatio": 0.0606060606, "eps": 0.0135, "epsdiluted": 0.0135, "weightedAverageShsOut": 22882262, "weightedAverageShsOutDil": 22882262, "link": null, "finalLink": null, "calculatedOtherExpenses": 200000, "calculatedOperatingExpenses": 6100000, "calculatedNetInterest": 100000, "calculatedOtherIncome": -100000, "calculatedIncomeNonControlling": 0, "calculatedEbitda": 1400000}, {"date": "1992-12-31", "symbol": "DIOD", "reportedCurrency": "USD", "cik": "0000029002", "fillingDate": "1992-12-31", "acceptedDate": "1992-12-31 00:00:00", "calendarYear": "1992", "period": "FY", "revenue": 18400000, "costOfRevenue": 13200000, "grossProfit": 5200000, "grossProfitRatio": 0.2826086957, "researchAndDevelopmentExpenses": 0, "generalAndAdministrativeExpenses": 4600000, "sellingAndMarketingExpenses": 0, "sellingGeneralAndAdministrativeExpenses": 4600000, "otherExpenses": 300000, "operatingExpenses": 4900000, "costAndExpenses": 18100000, "interestIncome": 0, "interestExpense": -500000, "depreciationAndAmortization": 300000, "ebitda": 400000, "ebitdaratio": 0.0217391304, "operatingIncome": 300000, "operatingIncomeRatio": 0.0163043478, "totalOtherIncomeExpensesNet": 200000, "incomeBeforeTax": 500000, "incomeBeforeTaxRatio": 0.027173913, "incomeTaxExpense": 200000, "netIncome": 400000, "netIncomeRatio": 0.0217391304, "eps": 0.0035, "epsdiluted": 0.0035, "weightedAverageShsOut": 21725268, "weightedAverageShsOutDil": 21725268, "link": null, "finalLink": null, "calculatedOtherExpenses": 300000, "calculatedOperatingExpenses": 4900000, "calculatedNetInterest": 500000, "calculatedOtherIncome": -300000, "calculatedIncomeNonControlling": -100000, "calculatedEbitda": 600000}, {"date": "1991-12-31", "symbol": "DIOD", "reportedCurrency": "USD", "cik": "0000029002", "fillingDate": "1991-12-31", "acceptedDate": "1991-12-31 00:00:00", "calendarYear": "1991", "period": "FY", "revenue": 14700000, "costOfRevenue": 10000000, "grossProfit": 4700000, "grossProfitRatio": 0.3197278912, "researchAndDevelopmentExpenses": 0, "generalAndAdministrativeExpenses": 4000000, "sellingAndMarketingExpenses": 0, "sellingGeneralAndAdministrativeExpenses": 4000000, "otherExpenses": 300000, "operatingExpenses": 4300000, "costAndExpenses": 14300000, "interestIncome": 0, "interestExpense": 100000, "depreciationAndAmortization": 300000, "ebitda": 700000, "ebitdaratio": 0.0476190476, "operatingIncome": 400000, "operatingIncomeRatio": 0.0272108844, "totalOtherIncomeExpensesNet": -100000, "incomeBeforeTax": 300000, "incomeBeforeTaxRatio": 0.0204081633, "incomeTaxExpense": 100000, "netIncome": 200000, "netIncomeRatio": 0.0136054422, "eps": 0.0018, "epsdiluted": 0.0018, "weightedAverageShsOut": 21725268, "weightedAverageShsOutDil": 21725268, "link": null, "finalLink": null, "calculatedOtherExpenses": 300000, "calculatedOperatingExpenses": 4300000, "calculatedNetInterest": -100000, "calculatedOtherIncome": 0, "calculatedIncomeNonControlling": 0, "calculatedEbitda": 700000}, {"date": "1990-12-31", "symbol": "DIOD", "reportedCurrency": "USD", "cik": "0000029002", "fillingDate": "1990-12-31", "acceptedDate": "1990-12-31 00:00:00", "calendarYear": "1990", "period": "FY", "revenue": 10100000, "costOfRevenue": 6500000, "grossProfit": 3600000, "grossProfitRatio": 0.3564356436, "researchAndDevelopmentExpenses": 0, "generalAndAdministrativeExpenses": 0, "sellingAndMarketingExpenses": 0, "sellingGeneralAndAdministrativeExpenses": 3200000, "otherExpenses": 200000, "operatingExpenses": 3400000, "costAndExpenses": 9900000, "interestIncome": 0, "interestExpense": -100000, "depreciationAndAmortization": 200000, "ebitda": 300000, "ebitdaratio": 0.0297029703, "operatingIncome": 200000, "operatingIncomeRatio": 0.0198019802, "totalOtherIncomeExpensesNet": 100000, "incomeBeforeTax": 200000, "incomeBeforeTaxRatio": 0.0198019802, "incomeTaxExpense": -100000, "netIncome": 200000, "netIncomeRatio": 0.0198019802, "eps": 0.0018, "epsdiluted": 0.0018, "weightedAverageShsOut": 21401916, "weightedAverageShsOutDil": 21401916, "link": null, "finalLink": null, "calculatedOtherExpenses": 200000, "calculatedOperatingExpenses": 3400000, "calculatedNetInterest": 100000, "calculatedOtherIncome": -100000, "calculatedIncomeNonControlling": 100000, "calculatedEbitda": 400000}, {"date": "1989-12-31", "symbol": "DIOD", "reportedCurrency": "USD", "cik": "0000029002", "fillingDate": "1989-04-30", "acceptedDate": "1989-04-30 00:00:00", "calendarYear": "1989", "period": "FY", "revenue": 13800000, "costOfRevenue": 10200000, "grossProfit": 3600000, "grossProfitRatio": 0.2608695652, "researchAndDevelopmentExpenses": 0, "generalAndAdministrativeExpenses": 3600000, "sellingAndMarketingExpenses": 0, "sellingGeneralAndAdministrativeExpenses": 3600000, "otherExpenses": 300000, "operatingExpenses": 3900000, "costAndExpenses": 14100000, "interestIncome": 0, "interestExpense": 2400000, "depreciationAndAmortization": 300000, "ebitda": 2400000, "ebitdaratio": 0.1739130435, "operatingIncome": -300000, "operatingIncomeRatio": -0.0217391304, "totalOtherIncomeExpensesNet": -2400000, "incomeBeforeTax": -300000, "incomeBeforeTaxRatio": -0.0217391304, "incomeTaxExpense": 5000000, "netIncome": -2900000, "netIncomeRatio": -0.2101449275, "eps": -0.15, "epsdiluted": -0.15, "weightedAverageShsOut": 18880775, "weightedAverageShsOutDil": 18880775, "link": null, "finalLink": null, "calculatedOtherExpenses": 300000, "calculatedOperatingExpenses": 3900000, "calculatedNetInterest": -2400000, "calculatedOtherIncome": 2400000, "calculatedIncomeNonControlling": -2400000, "calculatedEbitda": 0}, {"date": "1988-04-30", "symbol": "DIOD", "reportedCurrency": "USD", "cik": "0000029002", "fillingDate": "1988-04-30", "acceptedDate": "1988-04-30 00:00:00", "calendarYear": "1988", "period": "FY", "revenue": 15200000, "costOfRevenue": 10200000, "grossProfit": 5000000, "grossProfitRatio": 0.3289473684, "researchAndDevelopmentExpenses": 0, "generalAndAdministrativeExpenses": 3900000, "sellingAndMarketingExpenses": 0, "sellingGeneralAndAdministrativeExpenses": 3900000, "otherExpenses": 200000, "operatingExpenses": 4100000, "costAndExpenses": 14300000, "interestIncome": 0, "interestExpense": 100000, "depreciationAndAmortization": 200000, "ebitda": 1000000, "ebitdaratio": 0.0657894737, "operatingIncome": 900000, "operatingIncomeRatio": 0.0592105263, "totalOtherIncomeExpensesNet": 100000, "incomeBeforeTax": 700000, "incomeBeforeTaxRatio": 0.0460526316, "incomeTaxExpense": 300000, "netIncome": 400000, "netIncomeRatio": 0.0263157895, "eps": 0.0204, "epsdiluted": 0.0204, "weightedAverageShsOut": 19588108, "weightedAverageShsOutDil": 19588108, "link": null, "finalLink": null, "calculatedOtherExpenses": 200000, "calculatedOperatingExpenses": 4100000, "calculatedNetInterest": -100000, "calculatedOtherIncome": -100000, "calculatedIncomeNonControlling": 0, "calculatedEbitda": 1100000}, {"date": "1987-04-30", "symbol": "DIOD", "reportedCurrency": "USD", "cik": "0000029002", "fillingDate": "1987-04-30", "acceptedDate": "1987-04-30 00:00:00", "calendarYear": "1987", "period": "FY", "revenue": 12300000, "costOfRevenue": 7900000, "grossProfit": 4400000, "grossProfitRatio": 0.3577235772, "researchAndDevelopmentExpenses": 0, "generalAndAdministrativeExpenses": 4200000, "sellingAndMarketingExpenses": 0, "sellingGeneralAndAdministrativeExpenses": 4200000, "otherExpenses": 300000, "operatingExpenses": 4500000, "costAndExpenses": 12400000, "interestIncome": 0, "interestExpense": 300000, "depreciationAndAmortization": 300000, "ebitda": 500000, "ebitdaratio": 0.0406504065, "operatingIncome": -100000, "operatingIncomeRatio": -0.0081300813, "totalOtherIncomeExpensesNet": -300000, "incomeBeforeTax": -100000, "incomeBeforeTaxRatio": -0.0081300813, "incomeTaxExpense": 800000, "netIncome": -600000, "netIncomeRatio": -0.0487804878, "eps": -0.056, "epsdiluted": -0.056, "weightedAverageShsOut": 10706012, "weightedAverageShsOutDil": 10706012, "link": null, "finalLink": null, "calculatedOtherExpenses": 300000, "calculatedOperatingExpenses": 4500000, "calculatedNetInterest": -300000, "calculatedOtherIncome": 300000, "calculatedIncomeNonControlling": -300000, "calculatedEbitda": 200000}, {"date": "1986-04-30", "symbol": "DIOD", "reportedCurrency": "USD", "cik": "0000029002", "fillingDate": "1986-04-30", "acceptedDate": "1986-04-30 00:00:00", "calendarYear": "1986", "period": "FY", "revenue": 11100000, "costOfRevenue": 7700000, "grossProfit": 3400000, "grossProfitRatio": 0.3063063063, "researchAndDevelopmentExpenses": 0, "generalAndAdministrativeExpenses": 3700000, "sellingAndMarketingExpenses": 0, "sellingGeneralAndAdministrativeExpenses": 3700000, "otherExpenses": 200000, "operatingExpenses": 3900000, "costAndExpenses": 11600000, "interestIncome": 0, "interestExpense": 0, "depreciationAndAmortization": 200000, "ebitda": -500000, "ebitdaratio": -0.045045045, "operatingIncome": -500000, "operatingIncomeRatio": -0.045045045, "totalOtherIncomeExpensesNet": 200000, "incomeBeforeTax": -300000, "incomeBeforeTaxRatio": -0.027027027, "incomeTaxExpense": -300000, "netIncome": -400000, "netIncomeRatio": -0.036036036, "eps": -0.0389, "epsdiluted": -0.0389, "weightedAverageShsOut": 10291714, "weightedAverageShsOutDil": 10291714, "link": null, "finalLink": null, "calculatedOtherExpenses": 200000, "calculatedOperatingExpenses": 3900000, "calculatedNetInterest": 0, "calculatedOtherIncome": 200000, "calculatedIncomeNonControlling": 400000, "calculatedEbitda": -300000}]}