{"originalCurrency": "USD", "convertedCurrency": "USD", "report": [{"date": "2023-09-30", "symbol": "DIS", "reportedCurrency": "USD", "cik": "0001744489", "fillingDate": "2023-11-21", "acceptedDate": "2023-11-21 17:04:04", "calendarYear": "2023", "period": "FY", "revenue": 88898000000, "costOfRevenue": 79906000000, "grossProfit": 8992000000, "grossProfitRatio": 0.1011496322, "researchAndDevelopmentExpenses": 0, "generalAndAdministrativeExpenses": 0, "sellingAndMarketingExpenses": 0, "sellingGeneralAndAdministrativeExpenses": 15336000000, "otherExpenses": 96000000, "operatingExpenses": -85508000000, "costAndExpenses": 79906000000, "interestIncome": 764000000, "interestExpense": 1209000000, "depreciationAndAmortization": 5369000000, "ebitda": 15239000000, "ebitdaratio": 0.1714211793, "operatingIncome": 3390000000, "operatingIncomeRatio": 0.0381335913, "totalOtherIncomeExpensesNet": -3014000000, "incomeBeforeTax": 4769000000, "incomeBeforeTaxRatio": 0.0536457513, "incomeTaxExpense": 1379000000, "netIncome": 2354000000, "netIncomeRatio": 0.0264797858, "eps": 1.29, "epsdiluted": 1.29, "weightedAverageShsOut": 1828000000, "weightedAverageShsOutDil": 1830000000, "link": "https://www.sec.gov/Archives/edgar/data/1744489/000174448923000216/0001744489-23-000216-index.htm", "finalLink": "https://www.sec.gov/Archives/edgar/data/1744489/000174448923000216/dis-20230930.htm", "calculatedOtherExpenses": -9734000000, "calculatedOperatingExpenses": 5602000000, "calculatedNetInterest": -445000000, "calculatedOtherIncome": 1824000000, "calculatedIncomeNonControlling": 1036000000, "calculatedEbitda": 8759000000}, {"date": "2022-10-01", "symbol": "DIS", "reportedCurrency": "USD", "cik": "0001744489", "fillingDate": "2022-11-29", "acceptedDate": "2022-11-29 17:03:15", "calendarYear": "2022", "period": "FY", "revenue": 82722000000, "costOfRevenue": 75952000000, "grossProfit": 6770000000, "grossProfitRatio": 0.081840381, "researchAndDevelopmentExpenses": 0, "generalAndAdministrativeExpenses": 0, "sellingAndMarketingExpenses": 0, "sellingGeneralAndAdministrativeExpenses": 16388000000, "otherExpenses": 5163000000, "operatingExpenses": 21551000000, "costAndExpenses": 75952000000, "interestIncome": 152000000, "interestExpense": 1397000000, "depreciationAndAmortization": 5163000000, "ebitda": 12082000000, "ebitdaratio": 0.1460554629, "operatingIncome": 6919000000, "operatingIncomeRatio": 0.0836415947, "totalOtherIncomeExpensesNet": -1634000000, "incomeBeforeTax": 5285000000, "incomeBeforeTaxRatio": 0.0638886874, "incomeTaxExpense": 1732000000, "netIncome": 3145000000, "netIncomeRatio": 0.0380189067, "eps": 1.73, "epsdiluted": 1.72, "weightedAverageShsOut": 1822000000, "weightedAverageShsOutDil": 1827000000, "link": "https://www.sec.gov/Archives/edgar/data/1744489/000174448922000213/0001744489-22-000213-index.htm", "finalLink": "https://www.sec.gov/Archives/edgar/data/1744489/000174448922000213/dis-20221001.htm", "calculatedOtherExpenses": -16537000000, "calculatedOperatingExpenses": -149000000, "calculatedNetInterest": -1245000000, "calculatedOtherIncome": -389000000, "calculatedIncomeNonControlling": 408000000, "calculatedEbitda": 12082000000}, {"date": "2021-10-02", "symbol": "DIS", "reportedCurrency": "USD", "cik": "0001744489", "fillingDate": "2021-11-24", "acceptedDate": "2021-11-24 16:34:25", "calendarYear": "2021", "period": "FY", "revenue": 67418000000, "costOfRevenue": 63759000000, "grossProfit": 3659000000, "grossProfitRatio": 0.0542733395, "researchAndDevelopmentExpenses": 0, "generalAndAdministrativeExpenses": 0, "sellingAndMarketingExpenses": 0, "sellingGeneralAndAdministrativeExpenses": 13517000000, "otherExpenses": 5111000000, "operatingExpenses": 18628000000, "costAndExpenses": 63759000000, "interestIncome": 140000000, "interestExpense": 1406000000, "depreciationAndAmortization": 5111000000, "ebitda": 9732000000, "ebitdaratio": 0.1443531401, "operatingIncome": 4621000000, "operatingIncomeRatio": 0.0685425257, "totalOtherIncomeExpensesNet": -2060000000, "incomeBeforeTax": 2561000000, "incomeBeforeTaxRatio": 0.0379868878, "incomeTaxExpense": 25000000, "netIncome": 1995000000, "netIncomeRatio": 0.0295915038, "eps": 1.1, "epsdiluted": 1.09, "weightedAverageShsOut": 1816000000, "weightedAverageShsOutDil": 1828000000, "link": "https://www.sec.gov/Archives/edgar/data/1744489/000174448921000220/0001744489-21-000220-index.htm", "finalLink": "https://www.sec.gov/Archives/edgar/data/1744489/000174448921000220/dis-20211002.htm", "calculatedOtherExpenses": -14479000000, "calculatedOperatingExpenses": -962000000, "calculatedNetInterest": -1266000000, "calculatedOtherIncome": -794000000, "calculatedIncomeNonControlling": 541000000, "calculatedEbitda": 9732000000}, {"date": "2020-10-03", "symbol": "DIS", "reportedCurrency": "USD", "cik": "0001744489", "fillingDate": "2020-11-25", "acceptedDate": "2020-11-25 16:59:53", "calendarYear": "2020", "period": "FY", "revenue": 65388000000, "costOfRevenue": 61594000000, "grossProfit": 3794000000, "grossProfitRatio": 0.0580228788, "researchAndDevelopmentExpenses": 0, "generalAndAdministrativeExpenses": 0, "sellingAndMarketingExpenses": 0, "sellingGeneralAndAdministrativeExpenses": 12369000000, "otherExpenses": 5345000000, "operatingExpenses": 17714000000, "costAndExpenses": 61594000000, "interestIncome": 156000000, "interestExpense": 1491000000, "depreciationAndAmortization": 5345000000, "ebitda": 10828000000, "ebitdaratio": 0.1655961338, "operatingIncome": 5483000000, "operatingIncomeRatio": 0.0838533064, "totalOtherIncomeExpensesNet": -7226000000, "incomeBeforeTax": -1743000000, "incomeBeforeTaxRatio": -0.0266562672, "incomeTaxExpense": 699000000, "netIncome": -2442000000, "netIncomeRatio": -0.0373463021, "eps": -1.35, "epsdiluted": -1.35, "weightedAverageShsOut": 1808000000, "weightedAverageShsOutDil": 1808000000, "link": "https://www.sec.gov/Archives/edgar/data/1744489/000174448920000197/0001744489-20-000197-index.htm", "finalLink": "https://www.sec.gov/Archives/edgar/data/1744489/000174448920000197/dis-20201003.htm", "calculatedOtherExpenses": -14058000000, "calculatedOperatingExpenses": -1689000000, "calculatedNetInterest": -1335000000, "calculatedOtherIncome": -5891000000, "calculatedIncomeNonControlling": 0, "calculatedEbitda": 10828000000}, {"date": "2019-09-28", "symbol": "DIS", "reportedCurrency": "USD", "cik": "0001744489", "fillingDate": "2019-11-20", "acceptedDate": "2019-11-20 17:18:30", "calendarYear": "2019", "period": "FY", "revenue": 69570000000, "costOfRevenue": 57719000000, "grossProfit": 11851000000, "grossProfitRatio": 0.1703464137, "researchAndDevelopmentExpenses": 0, "generalAndAdministrativeExpenses": 0, "sellingAndMarketingExpenses": 0, "sellingGeneralAndAdministrativeExpenses": 11541000000, "otherExpenses": 4160000000, "operatingExpenses": 15701000000, "costAndExpenses": 57719000000, "interestIncome": 268000000, "interestExpense": 978000000, "depreciationAndAmortization": 4160000000, "ebitda": 17194000000, "ebitdaratio": 0.2471467587, "operatingIncome": 13034000000, "operatingIncomeRatio": 0.1873508696, "totalOtherIncomeExpensesNet": 910000000, "incomeBeforeTax": 13944000000, "incomeBeforeTaxRatio": 0.2004312204, "incomeTaxExpense": 3031000000, "netIncome": 11054000000, "netIncomeRatio": 0.1588903263, "eps": 6.68, "epsdiluted": 6.64, "weightedAverageShsOut": 1656000000, "weightedAverageShsOutDil": 1666000000, "link": "https://www.sec.gov/Archives/edgar/data/1744489/000174448919000225/0001744489-19-000225-index.htm", "finalLink": "https://www.sec.gov/Archives/edgar/data/1744489/000174448919000225/fy2019q410k.htm", "calculatedOtherExpenses": -12724000000, "calculatedOperatingExpenses": -1183000000, "calculatedNetInterest": -710000000, "calculatedOtherIncome": 1620000000, "calculatedIncomeNonControlling": -141000000, "calculatedEbitda": 17194000000}, {"date": "2018-09-30", "symbol": "DIS", "reportedCurrency": "USD", "cik": "0001744489", "fillingDate": "2018-09-30", "acceptedDate": "2018-09-29 20:00:00", "calendarYear": "2018", "period": "FY", "revenue": 59434000000, "costOfRevenue": 44597000000, "grossProfit": 14837000000, "grossProfitRatio": 0.2496382542, "researchAndDevelopmentExpenses": 0, "generalAndAdministrativeExpenses": 0, "sellingAndMarketingExpenses": 0, "sellingGeneralAndAdministrativeExpenses": 8860000000, "otherExpenses": 601000000, "operatingExpenses": 11871000000, "costAndExpenses": 44597000000, "interestIncome": 108000000, "interestExpense": 574000000, "depreciationAndAmortization": 3011000000, "ebitda": 17881000000, "ebitdaratio": 0.3008547296, "operatingIncome": 14837000000, "operatingIncomeRatio": 0.2496382542, "totalOtherIncomeExpensesNet": 466000000, "incomeBeforeTax": 14729000000, "incomeBeforeTaxRatio": 0.2478211125, "incomeTaxExpense": 1663000000, "netIncome": 12598000000, "netIncomeRatio": 0.2119662146, "eps": 8.4, "epsdiluted": 8.36, "weightedAverageShsOut": 1499000000, "weightedAverageShsOutDil": 1507000000, "link": "", "finalLink": "", "calculatedOtherExpenses": -8860000000, "calculatedOperatingExpenses": 0, "calculatedNetInterest": -466000000, "calculatedOtherIncome": 358000000, "calculatedIncomeNonControlling": 468000000, "calculatedEbitda": 17848000000}, {"date": "2017-09-30", "symbol": "DIS", "reportedCurrency": "USD", "cik": "0001744489", "fillingDate": "2017-09-30", "acceptedDate": "2017-09-29 20:00:00", "calendarYear": "2017", "period": "FY", "revenue": 55137000000, "costOfRevenue": 41264000000, "grossProfit": 13873000000, "grossProfitRatio": 0.2516096269, "researchAndDevelopmentExpenses": 0, "generalAndAdministrativeExpenses": 0, "sellingAndMarketingExpenses": 0, "sellingGeneralAndAdministrativeExpenses": 8176000000, "otherExpenses": 78000000, "operatingExpenses": 10958000000, "costAndExpenses": 41264000000, "interestIncome": 122000000, "interestExpense": 385000000, "depreciationAndAmortization": 2782000000, "ebitda": 16753000000, "ebitdaratio": 0.3038431543, "operatingIncome": 13873000000, "operatingIncomeRatio": 0.2516096269, "totalOtherIncomeExpensesNet": 300000000, "incomeBeforeTax": 13788000000, "incomeBeforeTaxRatio": 0.2500680124, "incomeTaxExpense": 4422000000, "netIncome": 8980000000, "netIncomeRatio": 0.1628670403, "eps": 5.73, "epsdiluted": 5.69, "weightedAverageShsOut": 1568000000, "weightedAverageShsOutDil": 1578000000, "link": "", "finalLink": "", "calculatedOtherExpenses": -8176000000, "calculatedOperatingExpenses": 0, "calculatedNetInterest": -263000000, "calculatedOtherIncome": 178000000, "calculatedIncomeNonControlling": 386000000, "calculatedEbitda": 16655000000}, {"date": "2016-09-30", "symbol": "DIS", "reportedCurrency": "USD", "cik": "0001744489", "fillingDate": "2016-09-30", "acceptedDate": "2016-09-29 20:00:00", "calendarYear": "2016", "period": "FY", "revenue": 55632000000, "costOfRevenue": 41274000000, "grossProfit": 14358000000, "grossProfitRatio": 0.2580888697, "researchAndDevelopmentExpenses": 0, "generalAndAdministrativeExpenses": 0, "sellingAndMarketingExpenses": 0, "sellingGeneralAndAdministrativeExpenses": 8754000000, "otherExpenses": 2527000000, "operatingExpenses": 11281000000, "costAndExpenses": 41274000000, "interestIncome": 94000000, "interestExpense": 260000000, "depreciationAndAmortization": 2527000000, "ebitda": 17041000000, "ebitdaratio": 0.3063165085, "operatingIncome": 14358000000, "operatingIncomeRatio": 0.2580888697, "totalOtherIncomeExpensesNet": 770000000, "incomeBeforeTax": 14868000000, "incomeBeforeTaxRatio": 0.2672562554, "incomeTaxExpense": 5078000000, "netIncome": 9391000000, "netIncomeRatio": 0.1688057233, "eps": 5.76, "epsdiluted": 5.73, "weightedAverageShsOut": 1629000000, "weightedAverageShsOutDil": 1639000000, "link": "", "finalLink": "", "calculatedOtherExpenses": -8754000000, "calculatedOperatingExpenses": 0, "calculatedNetInterest": -166000000, "calculatedOtherIncome": 676000000, "calculatedIncomeNonControlling": 399000000, "calculatedEbitda": 16885000000}, {"date": "2015-09-30", "symbol": "DIS", "reportedCurrency": "USD", "cik": "0001744489", "fillingDate": "2015-09-30", "acceptedDate": "2015-09-29 20:00:00", "calendarYear": "2015", "period": "FY", "revenue": 52465000000, "costOfRevenue": 39241000000, "grossProfit": 13224000000, "grossProfitRatio": 0.2520537501, "researchAndDevelopmentExpenses": 0, "generalAndAdministrativeExpenses": 0, "sellingAndMarketingExpenses": 0, "sellingGeneralAndAdministrativeExpenses": 8523000000, "otherExpenses": 2354000000, "operatingExpenses": 10877000000, "costAndExpenses": 39241000000, "interestIncome": 148000000, "interestExpense": 117000000, "depreciationAndAmortization": 2354000000, "ebitda": 15631000000, "ebitdaratio": 0.2979319546, "operatingIncome": 13224000000, "operatingIncomeRatio": 0.2520537501, "totalOtherIncomeExpensesNet": 761000000, "incomeBeforeTax": 13868000000, "incomeBeforeTaxRatio": 0.2643286, "incomeTaxExpense": 5016000000, "netIncome": 8382000000, "netIncomeRatio": 0.159763652, "eps": 4.95, "epsdiluted": 4.9, "weightedAverageShsOut": 1694000000, "weightedAverageShsOutDil": 1709000000, "link": "", "finalLink": "", "calculatedOtherExpenses": -8523000000, "calculatedOperatingExpenses": 0, "calculatedNetInterest": 31000000, "calculatedOtherIncome": 613000000, "calculatedIncomeNonControlling": 470000000, "calculatedEbitda": 15578000000}, {"date": "2014-09-30", "symbol": "DIS", "reportedCurrency": "USD", "cik": "0001744489", "fillingDate": "2014-09-30", "acceptedDate": "2014-09-29 20:00:00", "calendarYear": "2014", "period": "FY", "revenue": 48813000000, "costOfRevenue": 37273000000, "grossProfit": 11540000000, "grossProfitRatio": 0.2364124311, "researchAndDevelopmentExpenses": 0, "generalAndAdministrativeExpenses": 0, "sellingAndMarketingExpenses": 0, "sellingGeneralAndAdministrativeExpenses": 8565000000, "otherExpenses": -31000000, "operatingExpenses": 10853000000, "costAndExpenses": 37273000000, "interestIncome": 317000000, "interestExpense": -23000000, "depreciationAndAmortization": 2288000000, "ebitda": 13968000000, "ebitdaratio": 0.2861532788, "operatingIncome": 11540000000, "operatingIncomeRatio": 0.2364124311, "totalOtherIncomeExpensesNet": 683000000, "incomeBeforeTax": 12246000000, "incomeBeforeTaxRatio": 0.2508757913, "incomeTaxExpense": 4242000000, "netIncome": 7501000000, "netIncomeRatio": 0.1536680802, "eps": 4.31, "epsdiluted": 4.26, "weightedAverageShsOut": 1740000000, "weightedAverageShsOutDil": 1759000000, "link": "", "finalLink": "", "calculatedOtherExpenses": -8565000000, "calculatedOperatingExpenses": 0, "calculatedNetInterest": 340000000, "calculatedOtherIncome": 366000000, "calculatedIncomeNonControlling": 503000000, "calculatedEbitda": 13828000000}, {"date": "2013-09-30", "symbol": "DIS", "reportedCurrency": "USD", "cik": "0001744489", "fillingDate": "2013-09-30", "acceptedDate": "2013-09-29 20:00:00", "calendarYear": "2013", "period": "FY", "revenue": 45041000000, "costOfRevenue": 35591000000, "grossProfit": 9450000000, "grossProfitRatio": 0.2098088408, "researchAndDevelopmentExpenses": 0, "generalAndAdministrativeExpenses": 0, "sellingAndMarketingExpenses": 0, "sellingGeneralAndAdministrativeExpenses": 8365000000, "otherExpenses": -69000000, "operatingExpenses": -69000000, "costAndExpenses": 35591000000, "interestIncome": 114000000, "interestExpense": 349000000, "depreciationAndAmortization": 2192000000, "ebitda": 12375000000, "ebitdaratio": 0.2747496725, "operatingIncome": 9450000000, "operatingIncomeRatio": 0.2098088408, "totalOtherIncomeExpensesNet": 405000000, "incomeBeforeTax": 9620000000, "incomeBeforeTaxRatio": 0.2135831798, "incomeTaxExpense": 2984000000, "netIncome": 6136000000, "netIncomeRatio": 0.1362314336, "eps": 3.42, "epsdiluted": 3.38, "weightedAverageShsOut": 1792000000, "weightedAverageShsOutDil": 1813000000, "link": "", "finalLink": "", "calculatedOtherExpenses": -8365000000, "calculatedOperatingExpenses": 0, "calculatedNetInterest": -235000000, "calculatedOtherIncome": 405000000, "calculatedIncomeNonControlling": 500000000, "calculatedEbitda": 11642000000}, {"date": "2012-09-30", "symbol": "DIS", "reportedCurrency": "USD", "cik": "0001744489", "fillingDate": "2012-09-30", "acceptedDate": "2012-09-29 20:00:00", "calendarYear": "2012", "period": "FY", "revenue": 42278000000, "costOfRevenue": 33415000000, "grossProfit": 8863000000, "grossProfitRatio": 0.2096362174, "researchAndDevelopmentExpenses": 0, "generalAndAdministrativeExpenses": 0, "sellingAndMarketingExpenses": 0, "sellingGeneralAndAdministrativeExpenses": 7960000000, "otherExpenses": 0, "operatingExpenses": 9302000000, "costAndExpenses": 33415000000, "interestIncome": 103000000, "interestExpense": 472000000, "depreciationAndAmortization": 1987000000, "ebitda": 11580000000, "ebitdaratio": 0.2739013198, "operatingIncome": 8863000000, "operatingIncomeRatio": 0.2096362174, "totalOtherIncomeExpensesNet": 766000000, "incomeBeforeTax": 9260000000, "incomeBeforeTaxRatio": 0.219026444, "incomeTaxExpense": 3087000000, "netIncome": 5682000000, "netIncomeRatio": 0.1343961398, "eps": 3.17, "epsdiluted": 3.13, "weightedAverageShsOut": 1794000000, "weightedAverageShsOutDil": 1818000000, "link": "", "finalLink": "", "calculatedOtherExpenses": -7960000000, "calculatedOperatingExpenses": 0, "calculatedNetInterest": -369000000, "calculatedOtherIncome": 766000000, "calculatedIncomeNonControlling": 491000000, "calculatedEbitda": 10850000000}, {"date": "2011-09-30", "symbol": "DIS", "reportedCurrency": "USD", "cik": "0001744489", "fillingDate": "2011-09-30", "acceptedDate": "2011-09-29 20:00:00", "calendarYear": "2011", "period": "FY", "revenue": 40893000000, "costOfRevenue": 33112000000, "grossProfit": 7781000000, "grossProfitRatio": 0.1902770645, "researchAndDevelopmentExpenses": 0, "generalAndAdministrativeExpenses": 0, "sellingAndMarketingExpenses": 0, "sellingGeneralAndAdministrativeExpenses": 0, "otherExpenses": 0, "operatingExpenses": 0, "costAndExpenses": 33112000000, "interestIncome": 92000000, "interestExpense": 435000000, "depreciationAndAmortization": 1841000000, "ebitda": 10299000000, "ebitdaratio": 0.2518523953, "operatingIncome": 7781000000, "operatingIncomeRatio": 0.1902770645, "totalOtherIncomeExpensesNet": 605000000, "incomeBeforeTax": 8043000000, "incomeBeforeTaxRatio": 0.1966840291, "incomeTaxExpense": 2785000000, "netIncome": 4807000000, "netIncomeRatio": 0.117550681, "eps": 2.56, "epsdiluted": 2.52, "weightedAverageShsOut": 1878000000, "weightedAverageShsOutDil": 1909000000, "link": "", "finalLink": "", "calculatedOtherExpenses": 0, "calculatedOperatingExpenses": 0, "calculatedNetInterest": -343000000, "calculatedOtherIncome": 605000000, "calculatedIncomeNonControlling": 451000000, "calculatedEbitda": 9622000000}, {"date": "2010-09-30", "symbol": "DIS", "reportedCurrency": "USD", "cik": "0001744489", "fillingDate": "2010-09-30", "acceptedDate": "2010-09-29 20:00:00", "calendarYear": "2010", "period": "FY", "revenue": 38063000000, "costOfRevenue": 31337000000, "grossProfit": 6726000000, "grossProfitRatio": 0.1767070383, "researchAndDevelopmentExpenses": 0, "generalAndAdministrativeExpenses": 0, "sellingAndMarketingExpenses": 0, "sellingGeneralAndAdministrativeExpenses": 0, "otherExpenses": 0, "operatingExpenses": 0, "costAndExpenses": 31337000000, "interestIncome": 47000000, "interestExpense": 409000000, "depreciationAndAmortization": 1713000000, "ebitda": 8879000000, "ebitdaratio": 0.2332711557, "operatingIncome": 6726000000, "operatingIncomeRatio": 0.1767070383, "totalOtherIncomeExpensesNet": 310000000, "incomeBeforeTax": 6627000000, "incomeBeforeTaxRatio": 0.1741060873, "incomeTaxExpense": 2314000000, "netIncome": 3963000000, "netIncomeRatio": 0.1041168589, "eps": 2.07, "epsdiluted": 2.03, "weightedAverageShsOut": 1915000000, "weightedAverageShsOutDil": 1948000000, "link": "", "finalLink": "", "calculatedOtherExpenses": 0, "calculatedOperatingExpenses": 0, "calculatedNetInterest": -362000000, "calculatedOtherIncome": 263000000, "calculatedIncomeNonControlling": 350000000, "calculatedEbitda": 8439000000}, {"date": "2009-09-30", "symbol": "DIS", "reportedCurrency": "USD", "cik": "0001744489", "fillingDate": "2009-09-30", "acceptedDate": "2009-09-29 20:00:00", "calendarYear": "2009", "period": "FY", "revenue": 36149000000, "costOfRevenue": 30452000000, "grossProfit": 5697000000, "grossProfitRatio": 0.1575977205, "researchAndDevelopmentExpenses": 0, "generalAndAdministrativeExpenses": 0, "sellingAndMarketingExpenses": 0, "sellingGeneralAndAdministrativeExpenses": 0, "otherExpenses": 0, "operatingExpenses": 0, "costAndExpenses": 30452000000, "interestIncome": 122000000, "interestExpense": 588000000, "depreciationAndAmortization": 1631000000, "ebitda": 8027000000, "ebitdaratio": 0.2220531688, "operatingIncome": 5697000000, "operatingIncomeRatio": 0.1575977205, "totalOtherIncomeExpensesNet": 427000000, "incomeBeforeTax": 5658000000, "incomeBeforeTaxRatio": 0.1565188525, "incomeTaxExpense": 2049000000, "netIncome": 3307000000, "netIncomeRatio": 0.0914824753, "eps": 1.78, "epsdiluted": 1.76, "weightedAverageShsOut": 1856000000, "weightedAverageShsOutDil": 1875000000, "link": "", "finalLink": "", "calculatedOtherExpenses": 0, "calculatedOperatingExpenses": 0, "calculatedNetInterest": -466000000, "calculatedOtherIncome": 427000000, "calculatedIncomeNonControlling": 302000000, "calculatedEbitda": 7328000000}, {"date": "2008-09-30", "symbol": "DIS", "reportedCurrency": "USD", "cik": "0001744489", "fillingDate": "2008-09-30", "acceptedDate": "2008-09-29 20:00:00", "calendarYear": "2008", "period": "FY", "revenue": 37843000000, "costOfRevenue": 30439000000, "grossProfit": 7404000000, "grossProfitRatio": 0.1956504505, "researchAndDevelopmentExpenses": 0, "generalAndAdministrativeExpenses": 0, "sellingAndMarketingExpenses": 0, "sellingGeneralAndAdministrativeExpenses": 0, "otherExpenses": 0, "operatingExpenses": 0, "costAndExpenses": 30439000000, "interestIncome": 0, "interestExpense": 0, "depreciationAndAmortization": 1582000000, "ebitda": 9045000000, "ebitdaratio": 0.2390138203, "operatingIncome": 7404000000, "operatingIncomeRatio": 0.1956504505, "totalOtherIncomeExpensesNet": 522000000, "incomeBeforeTax": 7402000000, "incomeBeforeTaxRatio": 0.1955976006, "incomeTaxExpense": 2673000000, "netIncome": 4427000000, "netIncomeRatio": 0.1169833258, "eps": 2.34, "epsdiluted": 2.28, "weightedAverageShsOut": 1890000000, "weightedAverageShsOutDil": 1948000000, "link": "", "finalLink": "", "calculatedOtherExpenses": 0, "calculatedOperatingExpenses": 0, "calculatedNetInterest": 0, "calculatedOtherIncome": -2000000, "calculatedIncomeNonControlling": 302000000, "calculatedEbitda": 8986000000}, {"date": "2007-09-30", "symbol": "DIS", "reportedCurrency": "USD", "cik": "0001744489", "fillingDate": "2007-09-30", "acceptedDate": "2007-09-29 20:00:00", "calendarYear": "2007", "period": "FY", "revenue": 35510000000, "costOfRevenue": 28729000000, "grossProfit": 6781000000, "grossProfitRatio": 0.1909602929, "researchAndDevelopmentExpenses": 0, "generalAndAdministrativeExpenses": 0, "sellingAndMarketingExpenses": 0, "sellingGeneralAndAdministrativeExpenses": 0, "otherExpenses": 0, "operatingExpenses": 0, "costAndExpenses": 28729000000, "interestIncome": 0, "interestExpense": 0, "depreciationAndAmortization": 1491000000, "ebitda": 7220000000, "ebitdaratio": 0.2033230076, "operatingIncome": 6781000000, "operatingIncomeRatio": 0.1909602929, "totalOtherIncomeExpensesNet": 1537000000, "incomeBeforeTax": 7725000000, "incomeBeforeTaxRatio": 0.2175443537, "incomeTaxExpense": 2874000000, "netIncome": 4687000000, "netIncomeRatio": 0.1319909885, "eps": 2.34, "epsdiluted": 2.25, "weightedAverageShsOut": 2004000000, "weightedAverageShsOutDil": 2092000000, "link": "", "finalLink": "", "calculatedOtherExpenses": 0, "calculatedOperatingExpenses": 0, "calculatedNetInterest": 0, "calculatedOtherIncome": 944000000, "calculatedIncomeNonControlling": 164000000, "calculatedEbitda": 8272000000}, {"date": "2006-09-30", "symbol": "DIS", "reportedCurrency": "USD", "cik": "0001744489", "fillingDate": "2006-09-30", "acceptedDate": "2006-09-29 20:00:00", "calendarYear": "2006", "period": "FY", "revenue": 34285000000, "costOfRevenue": 28807000000, "grossProfit": 5478000000, "grossProfitRatio": 0.1597783287, "researchAndDevelopmentExpenses": 0, "generalAndAdministrativeExpenses": 0, "sellingAndMarketingExpenses": 0, "sellingGeneralAndAdministrativeExpenses": 0, "otherExpenses": 0, "operatingExpenses": 0, "costAndExpenses": 28807000000, "interestIncome": 0, "interestExpense": 0, "depreciationAndAmortization": 1436000000, "ebitda": 6826000000, "ebitdaratio": 0.1990958145, "operatingIncome": 5478000000, "operatingIncomeRatio": 0.1597783287, "totalOtherIncomeExpensesNet": 561000000, "incomeBeforeTax": 5447000000, "incomeBeforeTaxRatio": 0.1588741432, "incomeTaxExpense": 1890000000, "netIncome": 3374000000, "netIncomeRatio": 0.0984103835, "eps": 1.68, "epsdiluted": 1.64, "weightedAverageShsOut": 2005000000, "weightedAverageShsOutDil": 2076000000, "link": "", "finalLink": "", "calculatedOtherExpenses": 0, "calculatedOperatingExpenses": 0, "calculatedNetInterest": 0, "calculatedOtherIncome": -31000000, "calculatedIncomeNonControlling": 183000000, "calculatedEbitda": 6914000000}, {"date": "2005-09-30", "symbol": "DIS", "reportedCurrency": "USD", "cik": "0001744489", "fillingDate": "2005-09-30", "acceptedDate": "2005-09-29 20:00:00", "calendarYear": "2005", "period": "FY", "revenue": 31944000000, "costOfRevenue": 27837000000, "grossProfit": 4107000000, "grossProfitRatio": 0.1285687453, "researchAndDevelopmentExpenses": 0, "generalAndAdministrativeExpenses": 0, "sellingAndMarketingExpenses": 0, "sellingGeneralAndAdministrativeExpenses": 0, "otherExpenses": 0, "operatingExpenses": 0, "costAndExpenses": 27837000000, "interestIncome": 0, "interestExpense": 0, "depreciationAndAmortization": 1339000000, "ebitda": 5452000000, "ebitdaratio": 0.1706736789, "operatingIncome": 4107000000, "operatingIncomeRatio": 0.1285687453, "totalOtherIncomeExpensesNet": 477000000, "incomeBeforeTax": 3987000000, "incomeBeforeTaxRatio": 0.1248121713, "incomeTaxExpense": 1241000000, "netIncome": 2533000000, "netIncomeRatio": 0.0792950163, "eps": 1.21, "epsdiluted": 1.19, "weightedAverageShsOut": 2093388430, "weightedAverageShsOutDil": 2128571429, "link": "", "finalLink": "", "calculatedOtherExpenses": 0, "calculatedOperatingExpenses": 0, "calculatedNetInterest": 0, "calculatedOtherIncome": -120000000, "calculatedIncomeNonControlling": 213000000, "calculatedEbitda": 5446000000}, {"date": "2004-09-30", "symbol": "DIS", "reportedCurrency": "USD", "cik": "0001744489", "fillingDate": "2004-09-30", "acceptedDate": "2004-09-29 20:00:00", "calendarYear": "2004", "period": "FY", "revenue": 30752000000, "costOfRevenue": 26704000000, "grossProfit": 4048000000, "grossProfitRatio": 0.1316337149, "researchAndDevelopmentExpenses": 0, "generalAndAdministrativeExpenses": 0, "sellingAndMarketingExpenses": 0, "sellingGeneralAndAdministrativeExpenses": 0, "otherExpenses": 0, "operatingExpenses": 0, "costAndExpenses": 26704000000, "interestIncome": 0, "interestExpense": 0, "depreciationAndAmortization": 1210000000, "ebitda": 5322000000, "ebitdaratio": 0.1730619147, "operatingIncome": 4048000000, "operatingIncomeRatio": 0.1316337149, "totalOtherIncomeExpensesNet": 308000000, "incomeBeforeTax": 3739000000, "incomeBeforeTaxRatio": 0.1215855879, "incomeTaxExpense": 1197000000, "netIncome": 2345000000, "netIncomeRatio": 0.0762552029, "eps": 1.08, "epsdiluted": 1.07, "weightedAverageShsOut": 2171296296, "weightedAverageShsOutDil": 2191588785, "link": "", "finalLink": "", "calculatedOtherExpenses": 0, "calculatedOperatingExpenses": 0, "calculatedNetInterest": 0, "calculatedOtherIncome": -309000000, "calculatedIncomeNonControlling": 197000000, "calculatedEbitda": 5258000000}, {"date": "2003-09-30", "symbol": "DIS", "reportedCurrency": "USD", "cik": "0001744489", "fillingDate": "2003-09-30", "acceptedDate": "2003-09-29 20:00:00", "calendarYear": "2003", "period": "FY", "revenue": 27061000000, "costOfRevenue": 24330000000, "grossProfit": 2731000000, "grossProfitRatio": 0.1009201434, "researchAndDevelopmentExpenses": 0, "generalAndAdministrativeExpenses": 0, "sellingAndMarketingExpenses": 0, "sellingGeneralAndAdministrativeExpenses": 0, "otherExpenses": 18000000, "operatingExpenses": 18000000, "costAndExpenses": 24348000000, "interestIncome": 0, "interestExpense": 0, "depreciationAndAmortization": 1077000000, "ebitda": 3790000000, "ebitdaratio": 0.1400539522, "operatingIncome": 2713000000, "operatingIncomeRatio": 0.1002549795, "totalOtherIncomeExpensesNet": 334000000, "incomeBeforeTax": 2254000000, "incomeBeforeTaxRatio": 0.0832933003, "incomeTaxExpense": 789000000, "netIncome": 1267000000, "netIncomeRatio": 0.0468201471, "eps": 0.59, "epsdiluted": 0.59, "weightedAverageShsOut": 2147457627, "weightedAverageShsOutDil": 2147457627, "link": "", "finalLink": "", "calculatedOtherExpenses": 18000000, "calculatedOperatingExpenses": 18000000, "calculatedNetInterest": 0, "calculatedOtherIncome": -459000000, "calculatedIncomeNonControlling": 198000000, "calculatedEbitda": 3790000000}, {"date": "2002-09-30", "symbol": "DIS", "reportedCurrency": "USD", "cik": "0001744489", "fillingDate": "2002-09-30", "acceptedDate": "2002-09-29 20:00:00", "calendarYear": "2002", "period": "FY", "revenue": 25329000000, "costOfRevenue": 22924000000, "grossProfit": 2405000000, "grossProfitRatio": 0.0949504521, "researchAndDevelopmentExpenses": 0, "generalAndAdministrativeExpenses": 0, "sellingAndMarketingExpenses": 0, "sellingGeneralAndAdministrativeExpenses": 0, "otherExpenses": 21000000, "operatingExpenses": 21000000, "costAndExpenses": 22945000000, "interestIncome": 0, "interestExpense": 0, "depreciationAndAmortization": 1042000000, "ebitda": 3392000000, "ebitdaratio": 0.1339176438, "operatingIncome": 2384000000, "operatingIncomeRatio": 0.0941213629, "totalOtherIncomeExpensesNet": 259000000, "incomeBeforeTax": 2190000000, "incomeBeforeTaxRatio": 0.086462158, "incomeTaxExpense": 853000000, "netIncome": 1236000000, "netIncomeRatio": 0.0487978207, "eps": 0.6, "epsdiluted": 0.6, "weightedAverageShsOut": 2044000000, "weightedAverageShsOutDil": 2044000000, "link": "", "finalLink": "", "calculatedOtherExpenses": 21000000, "calculatedOperatingExpenses": 21000000, "calculatedNetInterest": 0, "calculatedOtherIncome": -194000000, "calculatedIncomeNonControlling": 101000000, "calculatedEbitda": 3426000000}, {"date": "2001-09-30", "symbol": "DIS", "reportedCurrency": "USD", "cik": "0001744489", "fillingDate": "2001-09-30", "acceptedDate": "2001-09-29 20:00:00", "calendarYear": "2001", "period": "FY", "revenue": 25269000000, "costOfRevenue": 21670000000, "grossProfit": 3599000000, "grossProfitRatio": 0.1424274803, "researchAndDevelopmentExpenses": 0, "generalAndAdministrativeExpenses": 0, "sellingAndMarketingExpenses": 0, "sellingGeneralAndAdministrativeExpenses": 0, "otherExpenses": 767000000, "operatingExpenses": 767000000, "costAndExpenses": 22437000000, "interestIncome": 0, "interestExpense": 0, "depreciationAndAmortization": 1754000000, "ebitda": 6018000000, "ebitdaratio": 0.2381574261, "operatingIncome": 2832000000, "operatingIncomeRatio": 0.1120740829, "totalOtherIncomeExpensesNet": -1132000000, "incomeBeforeTax": 120000000, "incomeBeforeTaxRatio": 0.0047489018, "incomeTaxExpense": 1059000000, "netIncome": -158000000, "netIncomeRatio": -0.0062527207, "eps": -0.0752, "epsdiluted": -0.0752, "weightedAverageShsOut": 2100000000, "weightedAverageShsOutDil": 2100000000, "link": "", "finalLink": "", "calculatedOtherExpenses": 767000000, "calculatedOperatingExpenses": 767000000, "calculatedNetInterest": 0, "calculatedOtherIncome": -2712000000, "calculatedIncomeNonControlling": -781000000, "calculatedEbitda": 4586000000}, {"date": "2000-09-30", "symbol": "DIS", "reportedCurrency": "USD", "cik": "0001744489", "fillingDate": "2000-09-30", "acceptedDate": "2000-09-29 20:00:00", "calendarYear": "2000", "period": "FY", "revenue": 25402000000, "costOfRevenue": 17890000000, "grossProfit": 7512000000, "grossProfitRatio": 0.2957247461, "researchAndDevelopmentExpenses": 0, "generalAndAdministrativeExpenses": 0, "sellingAndMarketingExpenses": 0, "sellingGeneralAndAdministrativeExpenses": 105000000, "otherExpenses": 4664000000, "operatingExpenses": 4769000000, "costAndExpenses": 22659000000, "interestIncome": 0, "interestExpense": 0, "depreciationAndAmortization": 4664000000, "ebitda": 6959000000, "ebitdaratio": 0.2739548067, "operatingIncome": 2743000000, "operatingIncomeRatio": 0.1079836233, "totalOtherIncomeExpensesNet": 448000000, "incomeBeforeTax": 2526000000, "incomeBeforeTaxRatio": 0.0994409889, "incomeTaxExpense": 1606000000, "netIncome": 920000000, "netIncomeRatio": 0.0362176207, "eps": 0.58, "epsdiluted": 0.57, "weightedAverageShsOut": 1586206897, "weightedAverageShsOutDil": 1614035088, "link": "", "finalLink": "", "calculatedOtherExpenses": 4664000000, "calculatedOperatingExpenses": 4769000000, "calculatedNetInterest": 0, "calculatedOtherIncome": -217000000, "calculatedIncomeNonControlling": 0, "calculatedEbitda": 7407000000}, {"date": "1999-09-30", "symbol": "DIS", "reportedCurrency": "USD", "cik": "0001744489", "fillingDate": "1999-09-30", "acceptedDate": "1999-09-29 20:00:00", "calendarYear": "1999", "period": "FY", "revenue": 23402000000, "costOfRevenue": 16392000000, "grossProfit": 7010000000, "grossProfitRatio": 0.2995470473, "researchAndDevelopmentExpenses": 0, "generalAndAdministrativeExpenses": 0, "sellingAndMarketingExpenses": 0, "sellingGeneralAndAdministrativeExpenses": 196000000, "otherExpenses": 3779000000, "operatingExpenses": 3975000000, "costAndExpenses": 20367000000, "interestIncome": 0, "interestExpense": 0, "depreciationAndAmortization": 3779000000, "ebitda": 6923000000, "ebitdaratio": 0.2958294163, "operatingIncome": 3035000000, "operatingIncomeRatio": 0.1296897701, "totalOtherIncomeExpensesNet": -109000000, "incomeBeforeTax": 2314000000, "incomeBeforeTaxRatio": 0.0988804376, "incomeTaxExpense": 1014000000, "netIncome": 1300000000, "netIncomeRatio": 0.0555508076, "eps": 0.63, "epsdiluted": 0.62, "weightedAverageShsOut": 2063492063, "weightedAverageShsOutDil": 2096774194, "link": "", "finalLink": "", "calculatedOtherExpenses": 3779000000, "calculatedOperatingExpenses": 3975000000, "calculatedNetInterest": 0, "calculatedOtherIncome": -721000000, "calculatedIncomeNonControlling": 0, "calculatedEbitda": 6814000000}, {"date": "1998-09-30", "symbol": "DIS", "reportedCurrency": "USD", "cik": "0001744489", "fillingDate": "1998-09-30", "acceptedDate": "1998-09-29 20:00:00", "calendarYear": "1998", "period": "FY", "revenue": 22976000000, "costOfRevenue": 15207000000, "grossProfit": 7769000000, "grossProfitRatio": 0.3381354457, "researchAndDevelopmentExpenses": 0, "generalAndAdministrativeExpenses": 0, "sellingAndMarketingExpenses": 0, "sellingGeneralAndAdministrativeExpenses": 236000000, "otherExpenses": 3754000000, "operatingExpenses": 3990000000, "costAndExpenses": 19197000000, "interestIncome": 0, "interestExpense": 0, "depreciationAndAmortization": 3754000000, "ebitda": 7533000000, "ebitdaratio": 0.3278638579, "operatingIncome": 3779000000, "operatingIncomeRatio": 0.1644759749, "totalOtherIncomeExpensesNet": -622000000, "incomeBeforeTax": 3157000000, "incomeBeforeTaxRatio": 0.1374042479, "incomeTaxExpense": 1307000000, "netIncome": 1850000000, "netIncomeRatio": 0.0805188022, "eps": 0.91, "epsdiluted": 0.89, "weightedAverageShsOut": 2032967033, "weightedAverageShsOutDil": 2078651685, "link": "", "finalLink": "", "calculatedOtherExpenses": 3754000000, "calculatedOperatingExpenses": 3990000000, "calculatedNetInterest": 0, "calculatedOtherIncome": -622000000, "calculatedIncomeNonControlling": 0, "calculatedEbitda": 7533000000}, {"date": "1997-09-30", "symbol": "DIS", "reportedCurrency": "USD", "cik": "0001744489", "fillingDate": "1997-09-30", "acceptedDate": "1997-09-29 20:00:00", "calendarYear": "1997", "period": "FY", "revenue": 22473000000, "costOfRevenue": 13203000000, "grossProfit": 9270000000, "grossProfitRatio": 0.412494994, "researchAndDevelopmentExpenses": 0, "generalAndAdministrativeExpenses": 0, "sellingAndMarketingExpenses": 0, "sellingGeneralAndAdministrativeExpenses": 367000000, "otherExpenses": 4958000000, "operatingExpenses": 5325000000, "costAndExpenses": 18528000000, "interestIncome": 0, "interestExpense": 0, "depreciationAndAmortization": 4958000000, "ebitda": 8768000000, "ebitdaratio": 0.3901570774, "operatingIncome": 3945000000, "operatingIncomeRatio": 0.1755439861, "totalOtherIncomeExpensesNet": 135000000, "incomeBeforeTax": 3387000000, "incomeBeforeTaxRatio": 0.1507141904, "incomeTaxExpense": 1421000000, "netIncome": 1966000000, "netIncomeRatio": 0.0874827571, "eps": 0.32, "epsdiluted": 0.32, "weightedAverageShsOut": 2024999973, "weightedAverageShsOutDil": 2024999973, "link": "", "finalLink": "", "calculatedOtherExpenses": 4958000000, "calculatedOperatingExpenses": 5325000000, "calculatedNetInterest": 0, "calculatedOtherIncome": -558000000, "calculatedIncomeNonControlling": 0, "calculatedEbitda": 8903000000}, {"date": "1996-09-30", "symbol": "DIS", "reportedCurrency": "USD", "cik": "0001744489", "fillingDate": "1996-09-30", "acceptedDate": "1996-09-29 20:00:00", "calendarYear": "1996", "period": "FY", "revenue": 18739000000, "costOfRevenue": 11462000000, "grossProfit": 7277000000, "grossProfitRatio": 0.3883344896, "researchAndDevelopmentExpenses": 0, "generalAndAdministrativeExpenses": 0, "sellingAndMarketingExpenses": 0, "sellingGeneralAndAdministrativeExpenses": 309000000, "otherExpenses": 3944000000, "operatingExpenses": 4253000000, "costAndExpenses": 15715000000, "interestIncome": 0, "interestExpense": 0, "depreciationAndAmortization": 3944000000, "ebitda": 7452000000, "ebitdaratio": 0.3976733017, "operatingIncome": 3024000000, "operatingIncomeRatio": 0.1613746731, "totalOtherIncomeExpensesNet": -484000000, "incomeBeforeTax": 2061000000, "incomeBeforeTaxRatio": 0.1099845243, "incomeTaxExpense": 847000000, "netIncome": 1214000000, "netIncomeRatio": 0.0647846737, "eps": 0.22, "epsdiluted": 0.22, "weightedAverageShsOut": 2024024000, "weightedAverageShsOutDil": 2024024000, "link": "", "finalLink": "", "calculatedOtherExpenses": 3944000000, "calculatedOperatingExpenses": 4253000000, "calculatedNetInterest": 0, "calculatedOtherIncome": -963000000, "calculatedIncomeNonControlling": 0, "calculatedEbitda": 6968000000}, {"date": "1995-09-30", "symbol": "DIS", "reportedCurrency": "USD", "cik": "0001744489", "fillingDate": "1995-09-30", "acceptedDate": "1995-09-29 20:00:00", "calendarYear": "1995", "period": "FY", "revenue": 12112100000, "costOfRevenue": 7813400000, "grossProfit": 4298700000, "grossProfitRatio": 0.3549095533, "researchAndDevelopmentExpenses": 0, "generalAndAdministrativeExpenses": 0, "sellingAndMarketingExpenses": 0, "sellingGeneralAndAdministrativeExpenses": 183600000, "otherExpenses": 1853000000, "operatingExpenses": 2036600000, "costAndExpenses": 9850000000, "interestIncome": 0, "interestExpense": 0, "depreciationAndAmortization": 1853000000, "ebitda": 4082200000, "ebitdaratio": 0.337034866, "operatingIncome": 2262100000, "operatingIncomeRatio": 0.1867636496, "totalOtherIncomeExpensesNet": 32900000, "incomeBeforeTax": 2116700000, "incomeBeforeTaxRatio": 0.1747591252, "incomeTaxExpense": 736600000, "netIncome": 1380100000, "netIncomeRatio": 0.1139439073, "eps": 0.29, "epsdiluted": 0.29, "weightedAverageShsOut": 1574775000, "weightedAverageShsOutDil": 1574775000, "link": "", "finalLink": "", "calculatedOtherExpenses": 1853000000, "calculatedOperatingExpenses": 2036600000, "calculatedNetInterest": 0, "calculatedOtherIncome": -145400000, "calculatedIncomeNonControlling": 0, "calculatedEbitda": 4115100000}, {"date": "1994-09-30", "symbol": "DIS", "reportedCurrency": "USD", "cik": "0001744489", "fillingDate": "1994-09-30", "acceptedDate": "1994-09-29 20:00:00", "calendarYear": "1994", "period": "FY", "revenue": 10055100000, "costOfRevenue": 6481100000, "grossProfit": 3574000000, "grossProfitRatio": 0.3554415172, "researchAndDevelopmentExpenses": 0, "generalAndAdministrativeExpenses": 0, "sellingAndMarketingExpenses": 0, "sellingGeneralAndAdministrativeExpenses": 162200000, "otherExpenses": 1608300000, "operatingExpenses": 1770500000, "costAndExpenses": 8251600000, "interestIncome": 0, "interestExpense": 0, "depreciationAndAmortization": 1608300000, "ebitda": 3392600000, "ebitdaratio": 0.3374009209, "operatingIncome": 1803500000, "operatingIncomeRatio": 0.1793617169, "totalOtherIncomeExpensesNet": 19200000, "incomeBeforeTax": 1702800000, "incomeBeforeTaxRatio": 0.1693468986, "incomeTaxExpense": 592400000, "netIncome": 1110400000, "netIncomeRatio": 0.1104315223, "eps": 0.23, "epsdiluted": 0.23, "weightedAverageShsOut": 1573874000, "weightedAverageShsOutDil": 1573874000, "link": "", "finalLink": "", "calculatedOtherExpenses": 1608300000, "calculatedOperatingExpenses": 1770500000, "calculatedNetInterest": 0, "calculatedOtherIncome": -100700000, "calculatedIncomeNonControlling": 0, "calculatedEbitda": 3411800000}, {"date": "1993-09-30", "symbol": "DIS", "reportedCurrency": "USD", "cik": "0001744489", "fillingDate": "1993-09-30", "acceptedDate": "1993-09-29 20:00:00", "calendarYear": "1993", "period": "FY", "revenue": 8529200000, "costOfRevenue": 5776300000, "grossProfit": 2752900000, "grossProfitRatio": 0.3227618065, "researchAndDevelopmentExpenses": 0, "generalAndAdministrativeExpenses": 0, "sellingAndMarketingExpenses": 0, "sellingGeneralAndAdministrativeExpenses": 164200000, "otherExpenses": 1028400000, "operatingExpenses": 1192600000, "costAndExpenses": 6968900000, "interestIncome": 0, "interestExpense": 0, "depreciationAndAmortization": 1028400000, "ebitda": 2917300000, "ebitdaratio": 0.3420367678, "operatingIncome": 1560300000, "operatingIncomeRatio": 0.182936266, "totalOtherIncomeExpensesNet": -328600000, "incomeBeforeTax": 1074000000, "incomeBeforeTaxRatio": 0.1259203677, "incomeTaxExpense": 402700000, "netIncome": 299800000, "netIncomeRatio": 0.0351498382, "eps": 0.06, "epsdiluted": 0.06, "weightedAverageShsOut": 1608108000, "weightedAverageShsOutDil": 1608108000, "link": "", "finalLink": "", "calculatedOtherExpenses": 1028400000, "calculatedOperatingExpenses": 1192600000, "calculatedNetInterest": 0, "calculatedOtherIncome": -486300000, "calculatedIncomeNonControlling": 371500000, "calculatedEbitda": 2588700000}, {"date": "1992-09-30", "symbol": "DIS", "reportedCurrency": "USD", "cik": "0001744489", "fillingDate": "1992-09-30", "acceptedDate": "1992-09-29 20:00:00", "calendarYear": "1992", "period": "FY", "revenue": 7504000000, "costOfRevenue": 5309100000, "grossProfit": 2194900000, "grossProfitRatio": 0.2924973348, "researchAndDevelopmentExpenses": 0, "generalAndAdministrativeExpenses": 0, "sellingAndMarketingExpenses": 0, "sellingGeneralAndAdministrativeExpenses": 148200000, "otherExpenses": 759600000, "operatingExpenses": 907800000, "costAndExpenses": 6216900000, "interestIncome": 0, "interestExpense": 0, "depreciationAndAmortization": 759600000, "ebitda": 1905200000, "ebitdaratio": 0.253891258, "operatingIncome": 1287100000, "operatingIncomeRatio": 0.171521855, "totalOtherIncomeExpensesNet": 141500000, "incomeBeforeTax": 1301800000, "incomeBeforeTaxRatio": 0.1734808102, "incomeTaxExpense": 485100000, "netIncome": 816700000, "netIncomeRatio": 0.1088352878, "eps": 0.17, "epsdiluted": 0.17, "weightedAverageShsOut": 1574775000, "weightedAverageShsOutDil": 1574775000, "link": "", "finalLink": "", "calculatedOtherExpenses": 759600000, "calculatedOperatingExpenses": 907800000, "calculatedNetInterest": 0, "calculatedOtherIncome": 14700000, "calculatedIncomeNonControlling": 0, "calculatedEbitda": 2046700000}, {"date": "1991-09-30", "symbol": "DIS", "reportedCurrency": "USD", "cik": "0001744489", "fillingDate": "1991-09-30", "acceptedDate": "1991-09-29 20:00:00", "calendarYear": "1991", "period": "FY", "revenue": 6182400000, "costOfRevenue": 4223000000, "grossProfit": 1959400000, "grossProfitRatio": 0.3169319358, "researchAndDevelopmentExpenses": 0, "generalAndAdministrativeExpenses": 0, "sellingAndMarketingExpenses": 0, "sellingGeneralAndAdministrativeExpenses": 160800000, "otherExpenses": 794500000, "operatingExpenses": 955300000, "costAndExpenses": 5178300000, "interestIncome": 0, "interestExpense": 0, "depreciationAndAmortization": 794500000, "ebitda": 1679200000, "ebitdaratio": 0.2716097308, "operatingIncome": 1004100000, "operatingIncomeRatio": 0.1624126553, "totalOtherIncomeExpensesNet": 119400000, "incomeBeforeTax": 1018500000, "incomeBeforeTaxRatio": 0.1647418478, "incomeTaxExpense": 381900000, "netIncome": 636600000, "netIncomeRatio": 0.1029697205, "eps": 0.0333, "epsdiluted": 0.0333, "weightedAverageShsOut": 1563964000, "weightedAverageShsOutDil": 1563964000, "link": "", "finalLink": "", "calculatedOtherExpenses": 794500000, "calculatedOperatingExpenses": 955300000, "calculatedNetInterest": 0, "calculatedOtherIncome": 14400000, "calculatedIncomeNonControlling": 0, "calculatedEbitda": 1798600000}, {"date": "1990-09-30", "symbol": "DIS", "reportedCurrency": "USD", "cik": "0001744489", "fillingDate": "1990-09-30", "acceptedDate": "1990-09-29 20:00:00", "calendarYear": "1990", "period": "FY", "revenue": 5843700000, "costOfRevenue": 3879900000, "grossProfit": 1963800000, "grossProfitRatio": 0.3360542122, "researchAndDevelopmentExpenses": 0, "generalAndAdministrativeExpenses": 0, "sellingAndMarketingExpenses": 0, "sellingGeneralAndAdministrativeExpenses": 138500000, "otherExpenses": 538300000, "operatingExpenses": 676800000, "costAndExpenses": 4556700000, "interestIncome": 0, "interestExpense": 0, "depreciationAndAmortization": 538300000, "ebitda": 1744500000, "ebitdaratio": 0.2985266184, "operatingIncome": 1287000000, "operatingIncomeRatio": 0.2202371785, "totalOtherIncomeExpensesNet": 80800000, "incomeBeforeTax": 1324700000, "incomeBeforeTaxRatio": 0.2266885706, "incomeTaxExpense": 500700000, "netIncome": 824000000, "netIncomeRatio": 0.1410065541, "eps": 0.0417, "epsdiluted": 0.0417, "weightedAverageShsOut": 1583183000, "weightedAverageShsOutDil": 1583183000, "link": "", "finalLink": "", "calculatedOtherExpenses": 538300000, "calculatedOperatingExpenses": 676800000, "calculatedNetInterest": 0, "calculatedOtherIncome": 37700000, "calculatedIncomeNonControlling": 0, "calculatedEbitda": 1825300000}, {"date": "1989-09-30", "symbol": "DIS", "reportedCurrency": "USD", "cik": "0001744489", "fillingDate": "1989-09-30", "acceptedDate": "1989-09-29 20:00:00", "calendarYear": "1989", "period": "FY", "revenue": 4594300000, "costOfRevenue": 2901700000, "grossProfit": 1692600000, "grossProfitRatio": 0.3684130335, "researchAndDevelopmentExpenses": 0, "generalAndAdministrativeExpenses": 0, "sellingAndMarketingExpenses": 0, "sellingGeneralAndAdministrativeExpenses": 119600000, "otherExpenses": 463600000, "operatingExpenses": 583200000, "costAndExpenses": 3484900000, "interestIncome": 0, "interestExpense": 0, "depreciationAndAmortization": 463600000, "ebitda": 1505600000, "ebitdaratio": 0.3277104238, "operatingIncome": 1109400000, "operatingIncomeRatio": 0.2414731297, "totalOtherIncomeExpensesNet": 67400000, "incomeBeforeTax": 1152900000, "incomeBeforeTaxRatio": 0.2509413839, "incomeTaxExpense": 449600000, "netIncome": 703300000, "netIncomeRatio": 0.1530809917, "eps": 0.0358, "epsdiluted": 0.0358, "weightedAverageShsOut": 1625225000, "weightedAverageShsOutDil": 1625225000, "link": "", "finalLink": "", "calculatedOtherExpenses": 463600000, "calculatedOperatingExpenses": 583200000, "calculatedNetInterest": 0, "calculatedOtherIncome": 43500000, "calculatedIncomeNonControlling": 0, "calculatedEbitda": 1573000000}, {"date": "1988-09-30", "symbol": "DIS", "reportedCurrency": "USD", "cik": "0001744489", "fillingDate": "1988-09-30", "acceptedDate": "1988-09-29 20:00:00", "calendarYear": "1988", "period": "FY", "revenue": 3497100000, "costOfRevenue": 0, "grossProfit": 3497100000, "grossProfitRatio": 1, "researchAndDevelopmentExpenses": 0, "generalAndAdministrativeExpenses": 0, "sellingAndMarketingExpenses": 0, "sellingGeneralAndAdministrativeExpenses": 0, "otherExpenses": 2649400000, "operatingExpenses": 2649400000, "costAndExpenses": 2649400000, "interestIncome": 0, "interestExpense": 0, "depreciationAndAmortization": 0, "ebitda": 847700000, "ebitdaratio": 0.2424008464, "operatingIncome": 847700000, "operatingIncomeRatio": 0.2424008464, "totalOtherIncomeExpensesNet": -5800000, "incomeBeforeTax": 841900000, "incomeBeforeTaxRatio": 0.2407423294, "incomeTaxExpense": 319900000, "netIncome": 522000000, "netIncomeRatio": 0.1492665351, "eps": 0.0267, "epsdiluted": 0.0267, "weightedAverageShsOut": 1600000000, "weightedAverageShsOutDil": 1600000000, "link": "", "finalLink": "", "calculatedOtherExpenses": 2649400000, "calculatedOperatingExpenses": 2649400000, "calculatedNetInterest": 0, "calculatedOtherIncome": -5800000, "calculatedIncomeNonControlling": 0, "calculatedEbitda": 847700000}, {"date": "1987-09-30", "symbol": "DIS", "reportedCurrency": "USD", "cik": "0001744489", "fillingDate": "1987-09-30", "acceptedDate": "1987-09-29 20:00:00", "calendarYear": "1987", "period": "FY", "revenue": 2925800000, "costOfRevenue": 0, "grossProfit": 2925800000, "grossProfitRatio": 1, "researchAndDevelopmentExpenses": 0, "generalAndAdministrativeExpenses": 0, "sellingAndMarketingExpenses": 0, "sellingGeneralAndAdministrativeExpenses": 0, "otherExpenses": 2170300000, "operatingExpenses": 2170300000, "costAndExpenses": 2170300000, "interestIncome": 0, "interestExpense": 0, "depreciationAndAmortization": 0, "ebitda": 755500000, "ebitdaratio": 0.258219974, "operatingIncome": 755500000, "operatingIncomeRatio": 0.258219974, "totalOtherIncomeExpensesNet": -29100000, "incomeBeforeTax": 726400000, "incomeBeforeTaxRatio": 0.2482739763, "incomeTaxExpense": 334100000, "netIncome": 444700000, "netIncomeRatio": 0.1519926174, "eps": 0.0225, "epsdiluted": 0.0225, "weightedAverageShsOut": 1581982000, "weightedAverageShsOutDil": 1581982000, "link": "", "finalLink": "", "calculatedOtherExpenses": 2170300000, "calculatedOperatingExpenses": 2170300000, "calculatedNetInterest": 0, "calculatedOtherIncome": -29100000, "calculatedIncomeNonControlling": -52400000, "calculatedEbitda": 755500000}, {"date": "1986-09-30", "symbol": "DIS", "reportedCurrency": "USD", "cik": "0001744489", "fillingDate": "1986-09-30", "acceptedDate": "1986-09-29 20:00:00", "calendarYear": "1986", "period": "FY", "revenue": 2470900000, "costOfRevenue": 0, "grossProfit": 2470900000, "grossProfitRatio": 1, "researchAndDevelopmentExpenses": 0, "generalAndAdministrativeExpenses": 0, "sellingAndMarketingExpenses": 0, "sellingGeneralAndAdministrativeExpenses": 0, "otherExpenses": 1967400000, "operatingExpenses": 1967400000, "costAndExpenses": 1967400000, "interestIncome": 0, "interestExpense": 0, "depreciationAndAmortization": 0, "ebitda": 503500000, "ebitdaratio": 0.203771905, "operatingIncome": 503500000, "operatingIncomeRatio": 0.203771905, "totalOtherIncomeExpensesNet": -41300000, "incomeBeforeTax": 462200000, "incomeBeforeTaxRatio": 0.1870573475, "incomeTaxExpense": 214900000, "netIncome": 247300000, "netIncomeRatio": 0.1000849893, "eps": 0.0125, "epsdiluted": 0.0125, "weightedAverageShsOut": 1569970000, "weightedAverageShsOutDil": 1569970000, "link": "", "finalLink": "", "calculatedOtherExpenses": 1967400000, "calculatedOperatingExpenses": 1967400000, "calculatedNetInterest": 0, "calculatedOtherIncome": -41300000, "calculatedIncomeNonControlling": 0, "calculatedEbitda": 503500000}, {"date": "1985-09-30", "symbol": "DIS", "reportedCurrency": "USD", "cik": "0001744489", "fillingDate": "1985-09-30", "acceptedDate": "1985-09-29 20:00:00", "calendarYear": "1985", "period": "FY", "revenue": 2015400000, "costOfRevenue": 0, "grossProfit": 2015400000, "grossProfitRatio": 1, "researchAndDevelopmentExpenses": 0, "generalAndAdministrativeExpenses": 0, "sellingAndMarketingExpenses": 0, "sellingGeneralAndAdministrativeExpenses": 0, "otherExpenses": 1653900000, "operatingExpenses": 1653900000, "costAndExpenses": 1653900000, "interestIncome": 0, "interestExpense": 0, "depreciationAndAmortization": 0, "ebitda": 361500000, "ebitdaratio": 0.1793688598, "operatingIncome": 361500000, "operatingIncomeRatio": 0.1793688598, "totalOtherIncomeExpensesNet": -51600000, "incomeBeforeTax": 309900000, "incomeBeforeTaxRatio": 0.1537660018, "incomeTaxExpense": 136400000, "netIncome": 173500000, "netIncomeRatio": 0.0860871291, "eps": 0.0023, "epsdiluted": 0.0023, "weightedAverageShsOut": 1554066000, "weightedAverageShsOutDil": 1554066000, "link": "", "finalLink": "", "calculatedOtherExpenses": 1653900000, "calculatedOperatingExpenses": 1653900000, "calculatedNetInterest": 0, "calculatedOtherIncome": -51600000, "calculatedIncomeNonControlling": 0, "calculatedEbitda": 361500000}]}