{"originalCurrency": "USD", "convertedCurrency": "USD", "report": [{"date": "2024-02-03", "symbol": "DKS", "reportedCurrency": "USD", "cik": "0001089063", "fillingDate": "2024-03-28", "acceptedDate": "2024-03-28 10:00:19", "calendarYear": "2023", "period": "FY", "revenue": 12984399000, "costOfRevenue": 8438664000, "grossProfit": 4545735000, "grossProfitRatio": 0.3500920605, "researchAndDevelopmentExpenses": 0, "generalAndAdministrativeExpenses": 2653208000, "sellingAndMarketingExpenses": 478100000, "sellingGeneralAndAdministrativeExpenses": 3131308000, "otherExpenses": 93809000, "operatingExpenses": 3131308000, "costAndExpenses": 11569972000, "interestIncome": 0, "interestExpense": 58023000, "depreciationAndAmortization": 355300000, "ebitda": 1769727000, "ebitdaratio": 0.1362964123, "operatingIncome": 1414427000, "operatingIncomeRatio": 0.1089328047, "totalOtherIncomeExpensesNet": -96276000, "incomeBeforeTax": 1318151000, "incomeBeforeTaxRatio": 0.1015180603, "incomeTaxExpense": 271632000, "netIncome": 1046519000, "netIncomeRatio": 0.0805981856, "eps": 12.72, "epsdiluted": 12.18, "weightedAverageShsOut": 82302000, "weightedAverageShsOutDil": 85925000, "link": "https://www.sec.gov/Archives/edgar/data/1089063/000108906324000037/0001089063-24-000037-index.htm", "finalLink": "https://www.sec.gov/Archives/edgar/data/1089063/000108906324000037/dks-20240203.htm", "calculatedOtherExpenses": 0, "calculatedOperatingExpenses": 3131308000, "calculatedNetInterest": -58023000, "calculatedOtherIncome": -38253000, "calculatedIncomeNonControlling": 0, "calculatedEbitda": 1769727000}, {"date": "2023-01-28", "symbol": "DKS", "reportedCurrency": "USD", "cik": "0001089063", "fillingDate": "2023-03-23", "acceptedDate": "2023-03-23 13:37:51", "calendarYear": "2022", "period": "FY", "revenue": 12368198000, "costOfRevenue": 8083640000, "grossProfit": 4284558000, "grossProfitRatio": 0.3464173196, "researchAndDevelopmentExpenses": 0, "generalAndAdministrativeExpenses": 2393262000, "sellingAndMarketingExpenses": 412200000, "sellingGeneralAndAdministrativeExpenses": 2805462000, "otherExpenses": 16077000, "operatingExpenses": 2821539000, "costAndExpenses": 10905179000, "interestIncome": 95220000, "interestExpense": 95220000, "depreciationAndAmortization": 381424000, "ebitda": 1844443000, "ebitdaratio": 0.1491278681, "operatingIncome": 1463019000, "operatingIncomeRatio": 0.1182887758, "totalOtherIncomeExpensesNet": -79271000, "incomeBeforeTax": 1383748000, "incomeBeforeTaxRatio": 0.1118795155, "incomeTaxExpense": 340610000, "netIncome": 1043138000, "netIncomeRatio": 0.084340338, "eps": 13.43, "epsdiluted": 10.78, "weightedAverageShsOut": 77672000, "weightedAverageShsOutDil": 99274000, "link": "https://www.sec.gov/Archives/edgar/data/1089063/000108906323000023/0001089063-23-000023-index.htm", "finalLink": "https://www.sec.gov/Archives/edgar/data/1089063/000108906323000023/dks-20230128.htm", "calculatedOtherExpenses": 16077000, "calculatedOperatingExpenses": 2821539000, "calculatedNetInterest": 0, "calculatedOtherIncome": -79271000, "calculatedIncomeNonControlling": 0, "calculatedEbitda": 1844443000}, {"date": "2022-01-29", "symbol": "DKS", "reportedCurrency": "USD", "cik": "0001089063", "fillingDate": "2022-03-23", "acceptedDate": "2022-03-23 16:26:57", "calendarYear": "2021", "period": "FY", "revenue": 12293368000, "costOfRevenue": 7581482000, "grossProfit": 4711886000, "grossProfitRatio": 0.3832868259, "researchAndDevelopmentExpenses": 0, "generalAndAdministrativeExpenses": 2253183000, "sellingAndMarketingExpenses": 410900000, "sellingGeneralAndAdministrativeExpenses": 2664083000, "otherExpenses": 13300000, "operatingExpenses": 2677383000, "costAndExpenses": 10258865000, "interestIncome": 57839000, "interestExpense": 57839000, "depreciationAndAmortization": 340325000, "ebitda": 2374828000, "ebitdaratio": 0.1931796071, "operatingIncome": 2034503000, "operatingIncomeRatio": 0.1654959812, "totalOtherIncomeExpensesNet": -40065000, "incomeBeforeTax": 1994438000, "incomeBeforeTaxRatio": 0.1622369069, "incomeTaxExpense": 474567000, "netIncome": 1519871000, "netIncomeRatio": 0.1236334095, "eps": 18.27, "epsdiluted": 13.87, "weightedAverageShsOut": 83183000, "weightedAverageShsOutDil": 109578000, "link": "https://www.sec.gov/Archives/edgar/data/1089063/000108906322000031/0001089063-22-000031-index.htm", "finalLink": "https://www.sec.gov/Archives/edgar/data/1089063/000108906322000031/dks-20220129.htm", "calculatedOtherExpenses": 13300000, "calculatedOperatingExpenses": 2677383000, "calculatedNetInterest": 0, "calculatedOtherIncome": -40065000, "calculatedIncomeNonControlling": 0, "calculatedEbitda": 2374828000}, {"date": "2021-01-30", "symbol": "DKS", "reportedCurrency": "USD", "cik": "0001089063", "fillingDate": "2021-03-24", "acceptedDate": "2021-03-24 16:37:56", "calendarYear": "2020", "period": "FY", "revenue": 9584019000, "costOfRevenue": 6533312000, "grossProfit": 3050707000, "grossProfitRatio": 0.318311869, "researchAndDevelopmentExpenses": 0, "generalAndAdministrativeExpenses": 2005134000, "sellingAndMarketingExpenses": 293400000, "sellingGeneralAndAdministrativeExpenses": 2298534000, "otherExpenses": 10696000, "operatingExpenses": 2309230000, "costAndExpenses": 8842542000, "interestIncome": 48812000, "interestExpense": 48812000, "depreciationAndAmortization": 345084000, "ebitda": 1086561000, "ebitdaratio": 0.1133721667, "operatingIncome": 741477000, "operatingIncomeRatio": 0.0773659777, "totalOtherIncomeExpensesNet": -29742000, "incomeBeforeTax": 711735000, "incomeBeforeTaxRatio": 0.0742626867, "incomeTaxExpense": 181484000, "netIncome": 530251000, "netIncomeRatio": 0.0553265806, "eps": 6.29, "epsdiluted": 5.72, "weightedAverageShsOut": 84258000, "weightedAverageShsOutDil": 92639000, "link": "https://www.sec.gov/Archives/edgar/data/1089063/000108906321000036/0001089063-21-000036-index.htm", "finalLink": "https://www.sec.gov/Archives/edgar/data/1089063/000108906321000036/dks-20210130.htm", "calculatedOtherExpenses": 10696000, "calculatedOperatingExpenses": 2309230000, "calculatedNetInterest": 0, "calculatedOtherIncome": -29742000, "calculatedIncomeNonControlling": 0, "calculatedEbitda": 1086561000}, {"date": "2020-02-01", "symbol": "DKS", "reportedCurrency": "USD", "cik": "0001089063", "fillingDate": "2020-03-20", "acceptedDate": "2020-03-20 12:36:04", "calendarYear": "2019", "period": "FY", "revenue": 8750743000, "costOfRevenue": 6196185000, "grossProfit": 2554558000, "grossProfitRatio": 0.2919246971, "researchAndDevelopmentExpenses": 0, "generalAndAdministrativeExpenses": 1834977000, "sellingAndMarketingExpenses": 338700000, "sellingGeneralAndAdministrativeExpenses": 2173677000, "otherExpenses": 5268000, "operatingExpenses": 2178945000, "costAndExpenses": 8375130000, "interestIncome": 17012000, "interestExpense": 17012000, "depreciationAndAmortization": 285772000, "ebitda": 661385000, "ebitdaratio": 0.0755804393, "operatingIncome": 375613000, "operatingIncomeRatio": 0.0429235552, "totalOtherIncomeExpensesNet": 32091000, "incomeBeforeTax": 407704000, "incomeBeforeTaxRatio": 0.0465907866, "incomeTaxExpense": 110242000, "netIncome": 297462000, "netIncomeRatio": 0.0339927707, "eps": 3.4, "epsdiluted": 3.34, "weightedAverageShsOut": 87502000, "weightedAverageShsOutDil": 89066000, "link": "https://www.sec.gov/Archives/edgar/data/1089063/000108906320000014/0001089063-20-000014-index.htm", "finalLink": "https://www.sec.gov/Archives/edgar/data/1089063/000108906320000014/dks-20200201.htm", "calculatedOtherExpenses": 5268000, "calculatedOperatingExpenses": 2178945000, "calculatedNetInterest": 0, "calculatedOtherIncome": 32091000, "calculatedIncomeNonControlling": 0, "calculatedEbitda": 661385000}, {"date": "2019-02-02", "symbol": "DKS", "reportedCurrency": "USD", "cik": "0001089063", "fillingDate": "2019-03-29", "acceptedDate": "2019-03-29 13:09:53", "calendarYear": "2018", "period": "FY", "revenue": 8436570000, "costOfRevenue": 5998788000, "grossProfit": 2437782000, "grossProfitRatio": 0.2889541603, "researchAndDevelopmentExpenses": 0, "generalAndAdministrativeExpenses": 1664376000, "sellingAndMarketingExpenses": 322200000, "sellingGeneralAndAdministrativeExpenses": 1986576000, "otherExpenses": -2565000, "operatingExpenses": 1993049000, "costAndExpenses": 7991837000, "interestIncome": 0, "interestExpense": 10248000, "depreciationAndAmortization": 243830000, "ebitda": 685998000, "ebitdaratio": 0.0813124291, "operatingIncome": 444733000, "operatingIncomeRatio": 0.0527149067, "totalOtherIncomeExpensesNet": -2565000, "incomeBeforeTax": 431920000, "incomeBeforeTaxRatio": 0.0511961615, "incomeTaxExpense": 112056000, "netIncome": 319864000, "netIncomeRatio": 0.0379139864, "eps": 3.27, "epsdiluted": 3.24, "weightedAverageShsOut": 97743000, "weightedAverageShsOutDil": 98781000, "link": "https://www.sec.gov/Archives/edgar/data/1089063/000108906319000017/0001089063-19-000017-index.htm", "finalLink": "https://www.sec.gov/Archives/edgar/data/1089063/000108906319000017/dks-10k_20190202.htm", "calculatedOtherExpenses": 6473000, "calculatedOperatingExpenses": 1993049000, "calculatedNetInterest": -10248000, "calculatedOtherIncome": -2565000, "calculatedIncomeNonControlling": 0, "calculatedEbitda": 688563000}, {"date": "2018-02-03", "symbol": "DKS", "reportedCurrency": "USD", "cik": "0001089063", "fillingDate": "2018-03-30", "acceptedDate": "2018-03-30 11:36:24", "calendarYear": "2017", "period": "FY", "revenue": 8590472000, "costOfRevenue": 6101412000, "grossProfit": 2489060000, "grossProfitRatio": 0.2897465937, "researchAndDevelopmentExpenses": 0, "generalAndAdministrativeExpenses": 1652263000, "sellingAndMarketingExpenses": 330100000, "sellingGeneralAndAdministrativeExpenses": 1982363000, "otherExpenses": 31810000, "operatingExpenses": 2011486000, "costAndExpenses": 8112898000, "interestIncome": 0, "interestExpense": 8047000, "depreciationAndAmortization": 237651000, "ebitda": 747035000, "ebitdaratio": 0.0869608794, "operatingIncome": 477574000, "operatingIncomeRatio": 0.0555934528, "totalOtherIncomeExpensesNet": 31810000, "incomeBeforeTax": 501337000, "incomeBeforeTaxRatio": 0.0583596571, "incomeTaxExpense": 177892000, "netIncome": 323445000, "netIncomeRatio": 0.0376515982, "eps": 3.02, "epsdiluted": 3.01, "weightedAverageShsOut": 106977000, "weightedAverageShsOutDil": 107586000, "link": "https://www.sec.gov/Archives/edgar/data/1089063/000108906318000029/0001089063-18-000029-index.htm", "finalLink": "https://www.sec.gov/Archives/edgar/data/1089063/000108906318000029/dks-10k_20180203.htm", "calculatedOtherExpenses": 29123000, "calculatedOperatingExpenses": 2011486000, "calculatedNetInterest": -8047000, "calculatedOtherIncome": 31810000, "calculatedIncomeNonControlling": 0, "calculatedEbitda": 715225000}, {"date": "2017-01-28", "symbol": "DKS", "reportedCurrency": "USD", "cik": "0001089063", "fillingDate": "2017-03-24", "acceptedDate": "2017-03-24 14:45:13", "calendarYear": "2016", "period": "FY", "revenue": 7921981000, "costOfRevenue": 5556198000, "grossProfit": 2365783000, "grossProfitRatio": 0.2986352782, "researchAndDevelopmentExpenses": 0, "generalAndAdministrativeExpenses": 1570743000, "sellingAndMarketingExpenses": 304900000, "sellingGeneralAndAdministrativeExpenses": 1875643000, "otherExpenses": 14424000, "operatingExpenses": 1915929000, "costAndExpenses": 7472127000, "interestIncome": 0, "interestExpense": 5856000, "depreciationAndAmortization": 233834000, "ebitda": 698112000, "ebitdaratio": 0.0881234126, "operatingIncome": 449854000, "operatingIncomeRatio": 0.0567855439, "totalOtherIncomeExpensesNet": 14424000, "incomeBeforeTax": 458422000, "incomeBeforeTaxRatio": 0.0578670916, "incomeTaxExpense": 171026000, "netIncome": 287396000, "netIncomeRatio": 0.0362782996, "eps": 2.59, "epsdiluted": 2.56, "weightedAverageShsOut": 111095000, "weightedAverageShsOutDil": 112216000, "link": "https://www.sec.gov/Archives/edgar/data/1089063/000108906317000010/0001089063-17-000010-index.htm", "finalLink": "https://www.sec.gov/Archives/edgar/data/1089063/000108906317000010/dks-10k_20170128.htm", "calculatedOtherExpenses": 40286000, "calculatedOperatingExpenses": 1915929000, "calculatedNetInterest": -5856000, "calculatedOtherIncome": 14424000, "calculatedIncomeNonControlling": 0, "calculatedEbitda": 683688000}, {"date": "2016-01-30", "symbol": "DKS", "reportedCurrency": "USD", "cik": "0001089063", "fillingDate": "2016-03-25", "acceptedDate": "2016-03-25 11:09:43", "calendarYear": "2015", "period": "FY", "revenue": 7270965000, "costOfRevenue": 5088078000, "grossProfit": 2182887000, "grossProfitRatio": 0.3002197095, "researchAndDevelopmentExpenses": 0, "generalAndAdministrativeExpenses": 1336775000, "sellingAndMarketingExpenses": 276300000, "sellingGeneralAndAdministrativeExpenses": 1613075000, "otherExpenses": -305000, "operatingExpenses": 1647695000, "costAndExpenses": 6735773000, "interestIncome": 0, "interestExpense": 4012000, "depreciationAndAmortization": 193594000, "ebitda": 728481000, "ebitdaratio": 0.1001904149, "operatingIncome": 535192000, "operatingIncomeRatio": 0.0736067358, "totalOtherIncomeExpensesNet": -305000, "incomeBeforeTax": 530875000, "incomeBeforeTaxRatio": 0.0730130045, "incomeTaxExpense": 200484000, "netIncome": 330391000, "netIncomeRatio": 0.0454397731, "eps": 2.87, "epsdiluted": 2.83, "weightedAverageShsOut": 115230000, "weightedAverageShsOutDil": 116794000, "link": "https://www.sec.gov/Archives/edgar/data/1089063/000108906316000107/0001089063-16-000107-index.htm", "finalLink": "https://www.sec.gov/Archives/edgar/data/1089063/000108906316000107/dks-10k_20160130.htm", "calculatedOtherExpenses": 34620000, "calculatedOperatingExpenses": 1647695000, "calculatedNetInterest": -4012000, "calculatedOtherIncome": -305000, "calculatedIncomeNonControlling": 0, "calculatedEbitda": 728786000}, {"date": "2015-01-31", "symbol": "DKS", "reportedCurrency": "USD", "cik": "0001089063", "fillingDate": "2015-03-27", "acceptedDate": "2015-03-27 12:11:31", "calendarYear": "2014", "period": "FY", "revenue": 6814479000, "costOfRevenue": 4727813000, "grossProfit": 2086666000, "grossProfitRatio": 0.3062106435, "researchAndDevelopmentExpenses": 0, "generalAndAdministrativeExpenses": 1253389000, "sellingAndMarketingExpenses": 248700000, "sellingGeneralAndAdministrativeExpenses": 1502089000, "otherExpenses": 5170000, "operatingExpenses": 1532607000, "costAndExpenses": 6260420000, "interestIncome": 0, "interestExpense": 3215000, "depreciationAndAmortization": 179431000, "ebitda": 738660000, "ebitdaratio": 0.1083956675, "operatingIncome": 554059000, "operatingIncomeRatio": 0.0813061424, "totalOtherIncomeExpensesNet": 5170000, "incomeBeforeTax": 556014000, "incomeBeforeTaxRatio": 0.0815930315, "incomeTaxExpense": 211816000, "netIncome": 344198000, "netIncomeRatio": 0.0505098042, "eps": 2.89, "epsdiluted": 2.84, "weightedAverageShsOut": 119244000, "weightedAverageShsOutDil": 121238000, "link": "https://www.sec.gov/Archives/edgar/data/1089063/000108906315000020/0001089063-15-000020-index.htm", "finalLink": "https://www.sec.gov/Archives/edgar/data/1089063/000108906315000020/dks-10k_20150131.htm", "calculatedOtherExpenses": 30518000, "calculatedOperatingExpenses": 1532607000, "calculatedNetInterest": -3215000, "calculatedOtherIncome": 5170000, "calculatedIncomeNonControlling": 0, "calculatedEbitda": 733490000}, {"date": "2014-02-01", "symbol": "DKS", "reportedCurrency": "USD", "cik": "0001089063", "fillingDate": "2014-03-28", "acceptedDate": "2014-03-28 16:21:51", "calendarYear": "2013", "period": "FY", "revenue": 6213173000, "costOfRevenue": 4269223000, "grossProfit": 1943950000, "grossProfitRatio": 0.3128755629, "researchAndDevelopmentExpenses": 0, "generalAndAdministrativeExpenses": 1162415000, "sellingAndMarketingExpenses": 223900000, "sellingGeneralAndAdministrativeExpenses": 1386315000, "otherExpenses": 12224000, "operatingExpenses": 1407138000, "costAndExpenses": 5676361000, "interestIncome": 0, "interestExpense": 2929000, "depreciationAndAmortization": 154928000, "ebitda": 703964000, "ebitdaratio": 0.1133018508, "operatingIncome": 536812000, "operatingIncomeRatio": 0.0863990106, "totalOtherIncomeExpensesNet": 12224000, "incomeBeforeTax": 546107000, "incomeBeforeTaxRatio": 0.0878950256, "incomeTaxExpense": 208509000, "netIncome": 337598000, "netIncomeRatio": 0.0543358442, "eps": 2.75, "epsdiluted": 2.69, "weightedAverageShsOut": 122878000, "weightedAverageShsOutDil": 125628000, "link": "https://www.sec.gov/Archives/edgar/data/1089063/000108906314000046/0001089063-14-000046-index.htm", "finalLink": "https://www.sec.gov/Archives/edgar/data/1089063/000108906314000046/dks-20140201x10k.htm", "calculatedOtherExpenses": 20823000, "calculatedOperatingExpenses": 1407138000, "calculatedNetInterest": -2929000, "calculatedOtherIncome": 12224000, "calculatedIncomeNonControlling": 0, "calculatedEbitda": 691740000}, {"date": "2013-02-02", "symbol": "DKS", "reportedCurrency": "USD", "cik": "0001089063", "fillingDate": "2013-03-22", "acceptedDate": "2013-03-22 14:25:31", "calendarYear": "2012", "period": "FY", "revenue": 5836119000, "costOfRevenue": 3998956000, "grossProfit": 1837163000, "grossProfitRatio": 0.3147919019, "researchAndDevelopmentExpenses": 0, "generalAndAdministrativeExpenses": 1096413000, "sellingAndMarketingExpenses": 201000000, "sellingGeneralAndAdministrativeExpenses": 1297413000, "otherExpenses": 4555000, "operatingExpenses": 1313489000, "costAndExpenses": 5312445000, "interestIncome": 0, "interestExpense": 6034000, "depreciationAndAmortization": 125096000, "ebitda": 528229000, "ebitdaratio": 0.0905103203, "operatingIncome": 523674000, "operatingIncomeRatio": 0.0897298359, "totalOtherIncomeExpensesNet": -27815000, "incomeBeforeTax": 489825000, "incomeBeforeTaxRatio": 0.0839299199, "incomeTaxExpense": 199116000, "netIncome": 290709000, "netIncomeRatio": 0.0498120412, "eps": 2.39, "epsdiluted": 2.31, "weightedAverageShsOut": 121629000, "weightedAverageShsOutDil": 125995000, "link": "https://www.sec.gov/Archives/edgar/data/1089063/000104746913003238/0001047469-13-003238-index.htm", "finalLink": "https://www.sec.gov/Archives/edgar/data/1089063/000104746913003238/a2213667z10-k.htm", "calculatedOtherExpenses": 16076000, "calculatedOperatingExpenses": 1313489000, "calculatedNetInterest": -6034000, "calculatedOtherIncome": -27815000, "calculatedIncomeNonControlling": 0, "calculatedEbitda": 648770000}, {"date": "2012-01-28", "symbol": "DKS", "reportedCurrency": "USD", "cik": "0001089063", "fillingDate": "2012-03-16", "acceptedDate": "2012-03-16 08:02:46", "calendarYear": "2011", "period": "FY", "revenue": 5211802000, "costOfRevenue": 3616921000, "grossProfit": 1594881000, "grossProfitRatio": 0.306013352, "researchAndDevelopmentExpenses": 0, "generalAndAdministrativeExpenses": 0, "sellingAndMarketingExpenses": 0, "sellingGeneralAndAdministrativeExpenses": 1162861000, "otherExpenses": 0, "operatingExpenses": 1162861000, "costAndExpenses": 4779782000, "interestIncome": 0, "interestExpense": 13868000, "depreciationAndAmortization": 116581000, "ebitda": 548601000, "ebitdaratio": 0.1052612897, "operatingIncome": 432020000, "operatingIncomeRatio": 0.0828926348, "totalOtherIncomeExpensesNet": 13874000, "incomeBeforeTax": 432026000, "incomeBeforeTaxRatio": 0.0828937861, "incomeTaxExpense": 168120000, "netIncome": 263906000, "netIncomeRatio": 0.0506362291, "eps": 2.19, "epsdiluted": 2.1, "weightedAverageShsOut": 120232000, "weightedAverageShsOutDil": 125768000, "link": "https://www.sec.gov/Archives/edgar/data/1089063/000104746912002799/0001047469-12-002799-index.htm", "finalLink": "https://www.sec.gov/Archives/edgar/data/1089063/000104746912002799/a2208040z10-k.htm", "calculatedOtherExpenses": 0, "calculatedOperatingExpenses": 1162861000, "calculatedNetInterest": -13868000, "calculatedOtherIncome": 13874000, "calculatedIncomeNonControlling": 0, "calculatedEbitda": 548601000}, {"date": "2011-01-29", "symbol": "DKS", "reportedCurrency": "USD", "cik": "0001089063", "fillingDate": "2011-03-18", "acceptedDate": "2011-03-18 14:13:01", "calendarYear": "2010", "period": "FY", "revenue": 4871492000, "costOfRevenue": 3422462000, "grossProfit": 1449030000, "grossProfitRatio": 0.2974509657, "researchAndDevelopmentExpenses": 0, "generalAndAdministrativeExpenses": 0, "sellingAndMarketingExpenses": 0, "sellingGeneralAndAdministrativeExpenses": 1139781000, "otherExpenses": 0, "operatingExpenses": 1139781000, "costAndExpenses": 4562243000, "interestIncome": 0, "interestExpense": 14016000, "depreciationAndAmortization": 110394000, "ebitda": 419643000, "ebitdaratio": 0.0861426027, "operatingIncome": 309249000, "operatingIncomeRatio": 0.0634813729, "totalOtherIncomeExpensesNet": 2278000, "incomeBeforeTax": 297511000, "incomeBeforeTaxRatio": 0.0610718441, "incomeTaxExpense": 115434000, "netIncome": 182077000, "netIncomeRatio": 0.0373760236, "eps": 1.57, "epsdiluted": 1.5, "weightedAverageShsOut": 116236000, "weightedAverageShsOutDil": 121724000, "link": "https://www.sec.gov/Archives/edgar/data/1089063/000095012311026789/0000950123-11-026789-index.htm", "finalLink": "https://www.sec.gov/Archives/edgar/data/1089063/000095012311026789/l41587e10vk.htm", "calculatedOtherExpenses": 0, "calculatedOperatingExpenses": 1139781000, "calculatedNetInterest": -14016000, "calculatedOtherIncome": 2278000, "calculatedIncomeNonControlling": 0, "calculatedEbitda": 419643000}, {"date": "2010-01-30", "symbol": "DKS", "reportedCurrency": "USD", "cik": "0001089063", "fillingDate": "2010-03-18", "acceptedDate": "2010-03-18 09:11:25", "calendarYear": "2009", "period": "FY", "revenue": 4412835000, "costOfRevenue": 3195899000, "grossProfit": 1216936000, "grossProfitRatio": 0.2757719244, "researchAndDevelopmentExpenses": 0, "generalAndAdministrativeExpenses": 0, "sellingAndMarketingExpenses": 0, "sellingGeneralAndAdministrativeExpenses": 981252000, "otherExpenses": 0, "operatingExpenses": 981252000, "costAndExpenses": 4177151000, "interestIncome": 2148000, "interestExpense": 2395000, "depreciationAndAmortization": 100948000, "ebitda": 336632000, "ebitdaratio": 0.0762847467, "operatingIncome": 225571000, "operatingIncomeRatio": 0.0511170257, "totalOtherIncomeExpensesNet": -10113000, "incomeBeforeTax": 223176000, "incomeBeforeTaxRatio": 0.0505742907, "incomeTaxExpense": 87817000, "netIncome": 135359000, "netIncomeRatio": 0.0306739318, "eps": 1.2, "epsdiluted": 1.15, "weightedAverageShsOut": 113184000, "weightedAverageShsOutDil": 117955000, "link": "https://www.sec.gov/Archives/edgar/data/1089063/000095012310025791/0000950123-10-025791-index.htm", "finalLink": "https://www.sec.gov/Archives/edgar/data/1089063/000095012310025791/l39148e10vk.htm", "calculatedOtherExpenses": 10113000, "calculatedOperatingExpenses": 991365000, "calculatedNetInterest": -247000, "calculatedOtherIncome": -2148000, "calculatedIncomeNonControlling": 0, "calculatedEbitda": 326519000}, {"date": "2009-01-31", "symbol": "DKS", "reportedCurrency": "USD", "cik": "0001089063", "fillingDate": "2009-03-20", "acceptedDate": "2009-03-20 12:38:31", "calendarYear": "2008", "period": "FY", "revenue": 4130128000, "costOfRevenue": 2946079000, "grossProfit": 1184049000, "grossProfitRatio": 0.2866857879, "researchAndDevelopmentExpenses": 0, "generalAndAdministrativeExpenses": 0, "sellingAndMarketingExpenses": 0, "sellingGeneralAndAdministrativeExpenses": 944442000, "otherExpenses": 193350000, "operatingExpenses": 1137792000, "costAndExpenses": 4083871000, "interestIncome": 0, "interestExpense": 10963000, "depreciationAndAmortization": 90732000, "ebitda": 343860000, "ebitdaratio": 0.0832564996, "operatingIncome": 30380000, "operatingIncomeRatio": 0.0073557042, "totalOtherIncomeExpensesNet": -206871000, "incomeBeforeTax": 21773000, "incomeBeforeTaxRatio": 0.0052717494, "incomeTaxExpense": 56867000, "netIncome": -35094000, "netIncomeRatio": -0.0084970732, "eps": -0.31, "epsdiluted": -0.31, "weightedAverageShsOut": 111662000, "weightedAverageShsOutDil": 111662000, "link": "https://www.sec.gov/Archives/edgar/data/1089063/000095015209002909/0000950152-09-002909-index.htm", "finalLink": "https://www.sec.gov/Archives/edgar/data/1089063/000095015209002909/l35106ae10vk.htm", "calculatedOtherExpenses": 209227000, "calculatedOperatingExpenses": 1153669000, "calculatedNetInterest": -10963000, "calculatedOtherIncome": 2356000, "calculatedIncomeNonControlling": 0, "calculatedEbitda": 121112000}, {"date": "2008-02-02", "symbol": "DKS", "reportedCurrency": "USD", "cik": "0001089063", "fillingDate": "2008-03-27", "acceptedDate": "2008-03-27 17:05:43", "calendarYear": "2007", "period": "FY", "revenue": 3888422000, "costOfRevenue": 2730359000, "grossProfit": 1158063000, "grossProfitRatio": 0.2978233844, "researchAndDevelopmentExpenses": 0, "generalAndAdministrativeExpenses": 0, "sellingAndMarketingExpenses": 0, "sellingGeneralAndAdministrativeExpenses": 889246000, "otherExpenses": 0, "operatingExpenses": 889246000, "costAndExpenses": 3619605000, "interestIncome": 0, "interestExpense": 11290000, "depreciationAndAmortization": 75052000, "ebitda": 343869000, "ebitdaratio": 0.0884340743, "operatingIncome": 268817000, "operatingIncomeRatio": 0.0691326713, "totalOtherIncomeExpensesNet": -11290000, "incomeBeforeTax": 257527000, "incomeBeforeTaxRatio": 0.0662291799, "incomeTaxExpense": 102491000, "netIncome": 155036000, "netIncomeRatio": 0.0398711868, "eps": 1.42, "epsdiluted": 1.33, "weightedAverageShsOut": 109383000, "weightedAverageShsOutDil": 116504000, "link": "https://www.sec.gov/Archives/edgar/data/1089063/000095015208002365/0000950152-08-002365-index.htm", "finalLink": "https://www.sec.gov/Archives/edgar/data/1089063/000095015208002365/l29837ae10vk.htm", "calculatedOtherExpenses": 0, "calculatedOperatingExpenses": 889246000, "calculatedNetInterest": -11290000, "calculatedOtherIncome": 0, "calculatedIncomeNonControlling": 0, "calculatedEbitda": 343869000}, {"date": "2007-02-03", "symbol": "DKS", "reportedCurrency": "USD", "cik": "0001089063", "fillingDate": "2007-03-23", "acceptedDate": "2007-03-23 16:37:51", "calendarYear": "2006", "period": "FY", "revenue": 3114162000, "costOfRevenue": 2217463000, "grossProfit": 896699000, "grossProfitRatio": 0.28794231, "researchAndDevelopmentExpenses": 0, "generalAndAdministrativeExpenses": 0, "sellingAndMarketingExpenses": 0, "sellingGeneralAndAdministrativeExpenses": 698989000, "otherExpenses": 0, "operatingExpenses": 698989000, "costAndExpenses": 2916452000, "interestIncome": 0, "interestExpense": 10025000, "depreciationAndAmortization": 54929000, "ebitda": 252639000, "ebitdaratio": 0.0811258374, "operatingIncome": 197710000, "operatingIncomeRatio": 0.0634873844, "totalOtherIncomeExpensesNet": -10025000, "incomeBeforeTax": 187685000, "incomeBeforeTaxRatio": 0.0602682198, "incomeTaxExpense": 75074000, "netIncome": 112611000, "netIncomeRatio": 0.0361609319, "eps": 1.1, "epsdiluted": 1.01, "weightedAverageShsOut": 102512000, "weightedAverageShsOutDil": 110790000, "link": "https://www.sec.gov/Archives/edgar/data/1089063/000095015207002541/0000950152-07-002541-index.htm", "finalLink": "https://www.sec.gov/Archives/edgar/data/1089063/000095015207002541/l24092ae10vk.htm", "calculatedOtherExpenses": 0, "calculatedOperatingExpenses": 698989000, "calculatedNetInterest": -10025000, "calculatedOtherIncome": 0, "calculatedIncomeNonControlling": 0, "calculatedEbitda": 252639000}, {"date": "2006-01-28", "symbol": "DKS", "reportedCurrency": "USD", "cik": "0001089063", "fillingDate": "2006-03-23", "acceptedDate": "2006-03-23 16:24:18", "calendarYear": "2005", "period": "FY", "revenue": 2624987000, "costOfRevenue": 1887347000, "grossProfit": 737640000, "grossProfitRatio": 0.2810071059, "researchAndDevelopmentExpenses": 0, "generalAndAdministrativeExpenses": 0, "sellingAndMarketingExpenses": 0, "sellingGeneralAndAdministrativeExpenses": 567101000, "otherExpenses": 0, "operatingExpenses": 567101000, "costAndExpenses": 2454448000, "interestIncome": 0, "interestExpense": 12959000, "depreciationAndAmortization": 49861000, "ebitda": 256346000, "ebitdaratio": 0.0976561027, "operatingIncome": 132749000, "operatingIncomeRatio": 0.0505712981, "totalOtherIncomeExpensesNet": -35946000, "incomeBeforeTax": 121634000, "incomeBeforeTaxRatio": 0.0463369914, "incomeTaxExpense": 48654000, "netIncome": 72980000, "netIncomeRatio": 0.0278020424, "eps": 0.74, "epsdiluted": 0.68, "weightedAverageShsOut": 99584000, "weightedAverageShsOutDil": 107958000, "link": "https://www.sec.gov/Archives/edgar/data/1089063/000095015206002436/0000950152-06-002436-index.htm", "finalLink": "https://www.sec.gov/Archives/edgar/data/1089063/000095015206002436/j1821501e10vk.htm", "calculatedOtherExpenses": 37790000, "calculatedOperatingExpenses": 604891000, "calculatedNetInterest": -12959000, "calculatedOtherIncome": 1844000, "calculatedIncomeNonControlling": 0, "calculatedEbitda": 182610000}, {"date": "2005-01-29", "symbol": "DKS", "reportedCurrency": "USD", "cik": "0001089063", "fillingDate": "2005-03-31", "acceptedDate": "2005-03-31 08:02:35", "calendarYear": "2004", "period": "FY", "revenue": 2109399000, "costOfRevenue": 1522873000, "grossProfit": 586526000, "grossProfitRatio": 0.2780536067, "researchAndDevelopmentExpenses": 0, "generalAndAdministrativeExpenses": 0, "sellingAndMarketingExpenses": 0, "sellingGeneralAndAdministrativeExpenses": 455321000, "otherExpenses": 0, "operatingExpenses": 455321000, "costAndExpenses": 1978194000, "interestIncome": 0, "interestExpense": 8009000, "depreciationAndAmortization": 37621000, "ebitda": 177181000, "ebitdaratio": 0.0839959628, "operatingIncome": 110869000, "operatingIncomeRatio": 0.0525595205, "totalOtherIncomeExpensesNet": -8355000, "incomeBeforeTax": 114841000, "incomeBeforeTaxRatio": 0.0544425213, "incomeTaxExpense": 45936000, "netIncome": 68905000, "netIncomeRatio": 0.0326657024, "eps": 0.72, "epsdiluted": 0.65, "weightedAverageShsOut": 95956000, "weightedAverageShsOutDil": 105842000, "link": "https://www.sec.gov/Archives/edgar/data/1089063/000095012805000095/0000950128-05-000095-index.htm", "finalLink": "https://www.sec.gov/Archives/edgar/data/1089063/000095012805000095/j1219601e10vk.htm", "calculatedOtherExpenses": 20336000, "calculatedOperatingExpenses": 475657000, "calculatedNetInterest": -8009000, "calculatedOtherIncome": 11981000, "calculatedIncomeNonControlling": 0, "calculatedEbitda": 148490000}, {"date": "2004-01-31", "symbol": "DKS", "reportedCurrency": "USD", "cik": "0001089063", "fillingDate": "2004-04-08", "acceptedDate": "2004-04-08 14:05:40", "calendarYear": "2003", "period": "FY", "revenue": 1470845000, "costOfRevenue": 1063106000, "grossProfit": 407739000, "grossProfitRatio": 0.2772141184, "researchAndDevelopmentExpenses": 0, "generalAndAdministrativeExpenses": 0, "sellingAndMarketingExpenses": 0, "sellingGeneralAndAdministrativeExpenses": 321413000, "otherExpenses": 0, "operatingExpenses": 321413000, "costAndExpenses": 1384519000, "interestIncome": 0, "interestExpense": 1831000, "depreciationAndAmortization": 17554000, "ebitda": 100344000, "ebitdaratio": 0.0682220084, "operatingIncome": 86326000, "operatingIncomeRatio": 0.0586914325, "totalOtherIncomeExpensesNet": 3536000, "incomeBeforeTax": 88031000, "incomeBeforeTaxRatio": 0.0598506301, "incomeTaxExpense": 35212000, "netIncome": 52819000, "netIncomeRatio": 0.03591065, "eps": 0.59, "epsdiluted": 0.53, "weightedAverageShsOut": 89548000, "weightedAverageShsOutDil": 100560000, "link": "https://www.sec.gov/Archives/edgar/data/1089063/000119312504059174/0001193125-04-059174-index.htm", "finalLink": "https://www.sec.gov/Archives/edgar/data/1089063/000119312504059174/d10k.htm", "calculatedOtherExpenses": 0, "calculatedOperatingExpenses": 321413000, "calculatedNetInterest": -1831000, "calculatedOtherIncome": 3536000, "calculatedIncomeNonControlling": 0, "calculatedEbitda": 103880000}, {"date": "2003-02-01", "symbol": "DKS", "reportedCurrency": "USD", "cik": "0001089063", "fillingDate": "2003-04-29", "acceptedDate": "2003-04-29 11:08:39", "calendarYear": "2002", "period": "FY", "revenue": 1272584000, "costOfRevenue": 935192000, "grossProfit": 337392000, "grossProfitRatio": 0.2651235596, "researchAndDevelopmentExpenses": 0, "generalAndAdministrativeExpenses": 0, "sellingAndMarketingExpenses": 0, "sellingGeneralAndAdministrativeExpenses": 268308000, "otherExpenses": 0, "operatingExpenses": 268308000, "costAndExpenses": 1203500000, "interestIncome": 0, "interestExpense": 2864000, "depreciationAndAmortization": 14420000, "ebitda": 85951000, "ebitdaratio": 0.0675405317, "operatingIncome": 69084000, "operatingIncomeRatio": 0.0542863968, "totalOtherIncomeExpensesNet": -2447000, "incomeBeforeTax": 63773000, "incomeBeforeTaxRatio": 0.0501129984, "incomeTaxExpense": 25509000, "netIncome": 38264000, "netIncomeRatio": 0.0300679562, "eps": 0.54, "epsdiluted": 0.47, "weightedAverageShsOut": 70916000, "weightedAverageShsOutDil": 81916000, "link": "https://www.sec.gov/Archives/edgar/data/1089063/000095015203004703/0000950152-03-004703-index.htm", "finalLink": "https://www.sec.gov/Archives/edgar/data/1089063/000095015203004703/j0021201e10vk.htm", "calculatedOtherExpenses": 0, "calculatedOperatingExpenses": 268308000, "calculatedNetInterest": -2864000, "calculatedOtherIncome": -2447000, "calculatedIncomeNonControlling": 0, "calculatedEbitda": 83504000}, {"date": "2002-01-31", "symbol": "DKS", "reportedCurrency": "USD", "cik": "0001089063", "fillingDate": "2002-01-31", "acceptedDate": "2002-01-31 00:00:00", "calendarYear": "2001", "period": "FY", "revenue": 1074568000, "costOfRevenue": 810999000, "grossProfit": 263569000, "grossProfitRatio": 0.2452790331, "researchAndDevelopmentExpenses": 0, "generalAndAdministrativeExpenses": 0, "sellingAndMarketingExpenses": 0, "sellingGeneralAndAdministrativeExpenses": 218209000, "otherExpenses": 0, "operatingExpenses": 218209000, "costAndExpenses": 1029208000, "interestIncome": 0, "interestExpense": 0, "depreciationAndAmortization": 12082000, "ebitda": 57442000, "ebitdaratio": 0.0534559004, "operatingIncome": 45360000, "operatingIncomeRatio": 0.0422123123, "totalOtherIncomeExpensesNet": -6241000, "incomeBeforeTax": 39119000, "incomeBeforeTaxRatio": 0.0364043969, "incomeTaxExpense": 15648000, "netIncome": 23471000, "netIncomeRatio": 0.0218422659, "eps": 0.37, "epsdiluted": 0.37, "weightedAverageShsOut": 64036000, "weightedAverageShsOutDil": 64036000, "link": null, "finalLink": null, "calculatedOtherExpenses": 0, "calculatedOperatingExpenses": 218209000, "calculatedNetInterest": 0, "calculatedOtherIncome": -6241000, "calculatedIncomeNonControlling": 0, "calculatedEbitda": 57442000}, {"date": "2001-01-31", "symbol": "DKS", "reportedCurrency": "USD", "cik": "0001089063", "fillingDate": "2001-01-31", "acceptedDate": "2001-01-31 00:00:00", "calendarYear": "2000", "period": "FY", "revenue": 893396000, "costOfRevenue": 684384000, "grossProfit": 209012000, "grossProfitRatio": 0.2339522451, "researchAndDevelopmentExpenses": 0, "generalAndAdministrativeExpenses": 0, "sellingAndMarketingExpenses": 0, "sellingGeneralAndAdministrativeExpenses": 169392000, "otherExpenses": 0, "operatingExpenses": 6466000, "costAndExpenses": 690850000, "interestIncome": 0, "interestExpense": 0, "depreciationAndAmortization": 9425000, "ebitda": 211971000, "ebitdaratio": 0.2372643262, "operatingIncome": 33154000, "operatingIncomeRatio": 0.0371100833, "totalOtherIncomeExpensesNet": -6963000, "incomeBeforeTax": 26191000, "incomeBeforeTaxRatio": 0.0293162271, "incomeTaxExpense": 10476000, "netIncome": 8411000, "netIncomeRatio": 0.0094146381, "eps": 0.075, "epsdiluted": 0.075, "weightedAverageShsOut": 37996000, "weightedAverageShsOutDil": 74008000, "link": null, "finalLink": null, "calculatedOtherExpenses": 6466000, "calculatedOperatingExpenses": 175858000, "calculatedNetInterest": 0, "calculatedOtherIncome": -6963000, "calculatedIncomeNonControlling": 7304000, "calculatedEbitda": 42579000}, {"date": "2000-01-31", "symbol": "DKS", "reportedCurrency": "USD", "cik": "0001089063", "fillingDate": "2000-01-31", "acceptedDate": "2000-01-31 00:00:00", "calendarYear": "1999", "period": "FY", "revenue": 728342000, "costOfRevenue": 564446000, "grossProfit": 163896000, "grossProfitRatio": 0.2250261553, "researchAndDevelopmentExpenses": 0, "generalAndAdministrativeExpenses": 0, "sellingAndMarketingExpenses": 0, "sellingGeneralAndAdministrativeExpenses": 132403000, "otherExpenses": 3488000, "operatingExpenses": 135891000, "costAndExpenses": 700337000, "interestIncome": 0, "interestExpense": 0, "depreciationAndAmortization": 8662000, "ebitda": 36667000, "ebitdaratio": 0.050343108, "operatingIncome": 28005000, "operatingIncomeRatio": 0.0384503434, "totalOtherIncomeExpensesNet": -3520000, "incomeBeforeTax": 24485000, "incomeBeforeTaxRatio": 0.0336174489, "incomeTaxExpense": 13308000, "netIncome": 11177000, "netIncomeRatio": 0.0153458128, "eps": -0.57, "epsdiluted": -0.57, "weightedAverageShsOut": 5656000, "weightedAverageShsOutDil": 5656000, "link": null, "finalLink": null, "calculatedOtherExpenses": 3488000, "calculatedOperatingExpenses": 135891000, "calculatedNetInterest": 0, "calculatedOtherIncome": -3520000, "calculatedIncomeNonControlling": 0, "calculatedEbitda": 36667000}, {"date": "1999-01-31", "symbol": "DKS", "reportedCurrency": "USD", "cik": "0001089063", "fillingDate": "1999-01-31", "acceptedDate": "1999-01-31 00:00:00", "calendarYear": "1998", "period": "FY", "revenue": 628860000, "costOfRevenue": 490125000, "grossProfit": 138735000, "grossProfitRatio": 0.2206134911, "researchAndDevelopmentExpenses": 0, "generalAndAdministrativeExpenses": 0, "sellingAndMarketingExpenses": 0, "sellingGeneralAndAdministrativeExpenses": 116476000, "otherExpenses": 5186000, "operatingExpenses": 121662000, "costAndExpenses": 611787000, "interestIncome": 0, "interestExpense": 0, "depreciationAndAmortization": 8121000, "ebitda": 25194000, "ebitdaratio": 0.0400629711, "operatingIncome": 17073000, "operatingIncomeRatio": 0.027149127, "totalOtherIncomeExpensesNet": -4831000, "incomeBeforeTax": 12242000, "incomeBeforeTaxRatio": 0.019466972, "incomeTaxExpense": 5917000, "netIncome": 6325000, "netIncomeRatio": 0.0100578825, "eps": -1.21, "epsdiluted": -1.21, "weightedAverageShsOut": 5644000, "weightedAverageShsOutDil": 5644000, "link": null, "finalLink": null, "calculatedOtherExpenses": 5186000, "calculatedOperatingExpenses": 121662000, "calculatedNetInterest": 0, "calculatedOtherIncome": -4831000, "calculatedIncomeNonControlling": 0, "calculatedEbitda": 25194000}]}