{"originalCurrency": "USD", "convertedCurrency": "USD", "report": [{"date": "2023-06-30", "symbol": "DLB", "reportedCurrency": "USD", "cik": "0001308547", "fillingDate": "2023-08-03", "acceptedDate": "2023-08-03 16:16:52", "calendarYear": "2023", "period": "FY", "revenue": 1009182000, "costOfRevenue": 117014000, "grossProfit": 892168000, "grossProfitRatio": 0.884050647, "researchAndDevelopmentExpenses": 201097000, "generalAndAdministrativeExpenses": 191865000, "sellingAndMarketingExpenses": 263494000, "sellingGeneralAndAdministrativeExpenses": 455359000, "otherExpenses": 0, "operatingExpenses": 656456000, "costAndExpenses": 773470000, "interestIncome": 18967000, "interestExpense": -161000, "depreciationAndAmortization": 0, "ebitda": 219247000, "ebitdaratio": 0.2172521904, "operatingIncome": 219247000, "operatingIncomeRatio": 0.2172521904, "totalOtherIncomeExpensesNet": 21773000, "incomeBeforeTax": 241020000, "incomeBeforeTaxRatio": 0.2388270897, "incomeTaxExpense": -49284000, "netIncome": 191470000, "netIncomeRatio": 0.1897279183, "eps": 2, "epsdiluted": 1.96, "weightedAverageShsOut": 95794000, "weightedAverageShsOutDil": 97588000, "link": "https://www.sec.gov/Archives/edgar/data/1308547/000117184323004979/0001171843-23-004979-index.htm", "finalLink": "https://www.sec.gov/Archives/edgar/data/1308547/000117184323004979/exh_991.htm", "calculatedOtherExpenses": 16465000, "calculatedOperatingExpenses": 672921000, "calculatedNetInterest": 19128000, "calculatedOtherIncome": 2645000, "calculatedIncomeNonControlling": 98834000, "calculatedEbitda": 219247000}, {"date": "2022-09-30", "symbol": "DLB", "reportedCurrency": "USD", "cik": "0001308547", "fillingDate": "2022-11-18", "acceptedDate": "2022-11-17 21:31:15", "calendarYear": "2022", "period": "FY", "revenue": 1253793000, "costOfRevenue": 141360000, "grossProfit": 1112433000, "grossProfitRatio": 0.8872541161, "researchAndDevelopmentExpenses": 261174000, "generalAndAdministrativeExpenses": 275315000, "sellingAndMarketingExpenses": 358716000, "sellingGeneralAndAdministrativeExpenses": 634031000, "otherExpenses": 2500000, "operatingExpenses": 895205000, "costAndExpenses": 1036565000, "interestIncome": 6568000, "interestExpense": 394000, "depreciationAndAmortization": 123300000, "ebitda": 329905000, "ebitdaratio": 0.2631255718, "operatingIncome": 206605000, "operatingIncomeRatio": 0.1647839795, "totalOtherIncomeExpensesNet": 8674000, "incomeBeforeTax": 215279000, "incomeBeforeTaxRatio": 0.1717021869, "incomeTaxExpense": 31381000, "netIncome": 184087000, "netIncomeRatio": 0.146824077, "eps": 1.84, "epsdiluted": 1.81, "weightedAverageShsOut": 99990000, "weightedAverageShsOutDil": 101983000, "link": "https://www.sec.gov/Archives/edgar/data/1308547/000162828022030390/0001628280-22-030390-index.htm", "finalLink": "https://www.sec.gov/Archives/edgar/data/1308547/000162828022030390/dlb-20220930.htm", "calculatedOtherExpenses": 10623000, "calculatedOperatingExpenses": 905828000, "calculatedNetInterest": 6174000, "calculatedOtherIncome": 2500000, "calculatedIncomeNonControlling": -189000, "calculatedEbitda": 329905000}, {"date": "2021-09-24", "symbol": "DLB", "reportedCurrency": "USD", "cik": "0001308547", "fillingDate": "2021-11-17", "acceptedDate": "2021-11-16 20:53:53", "calendarYear": "2021", "period": "FY", "revenue": 1281256000, "costOfRevenue": 130025000, "grossProfit": 1151231000, "grossProfitRatio": 0.8985175484, "researchAndDevelopmentExpenses": 253640000, "generalAndAdministrativeExpenses": 224161000, "sellingAndMarketingExpenses": 332671000, "sellingGeneralAndAdministrativeExpenses": 556832000, "otherExpenses": 7108000, "operatingExpenses": 810472000, "costAndExpenses": 940497000, "interestIncome": 3493000, "interestExpense": 479000, "depreciationAndAmortization": 119727000, "ebitda": 464117000, "ebitdaratio": 0.3622359622, "operatingIncome": 344390000, "operatingIncomeRatio": 0.2687909364, "totalOtherIncomeExpensesNet": 10122000, "incomeBeforeTax": 354512000, "incomeBeforeTaxRatio": 0.276690997, "incomeTaxExpense": 36689000, "netIncome": 310227000, "netIncomeRatio": 0.2421272564, "eps": 3.07, "epsdiluted": 2.97, "weightedAverageShsOut": 101190000, "weightedAverageShsOutDil": 104622000, "link": "https://www.sec.gov/Archives/edgar/data/1308547/000162828021023630/0001628280-21-023630-index.htm", "finalLink": "https://www.sec.gov/Archives/edgar/data/1308547/000162828021023630/dlb-20210924.htm", "calculatedOtherExpenses": -3631000, "calculatedOperatingExpenses": 806841000, "calculatedNetInterest": 3014000, "calculatedOtherIncome": 7108000, "calculatedIncomeNonControlling": 7596000, "calculatedEbitda": 464117000}, {"date": "2020-09-25", "symbol": "DLB", "reportedCurrency": "USD", "cik": "0001308547", "fillingDate": "2020-11-16", "acceptedDate": "2020-11-16 08:30:38", "calendarYear": "2020", "period": "FY", "revenue": 1161792000, "costOfRevenue": 146498000, "grossProfit": 1015294000, "grossProfitRatio": 0.8739034182, "researchAndDevelopmentExpenses": 239045000, "generalAndAdministrativeExpenses": 219753000, "sellingAndMarketingExpenses": 335933000, "sellingGeneralAndAdministrativeExpenses": 555686000, "otherExpenses": 8434000, "operatingExpenses": 794731000, "costAndExpenses": 941229000, "interestIncome": 12725000, "interestExpense": 186000, "depreciationAndAmortization": 113858000, "ebitda": 332600000, "ebitdaratio": 0.2862818818, "operatingIncome": 218742000, "operatingIncomeRatio": 0.1882798298, "totalOtherIncomeExpensesNet": 20973000, "incomeBeforeTax": 239715000, "incomeBeforeTaxRatio": 0.2063321145, "incomeTaxExpense": 8096000, "netIncome": 231363000, "netIncomeRatio": 0.1991432201, "eps": 2.3, "epsdiluted": 2.25, "weightedAverageShsOut": 100564000, "weightedAverageShsOutDil": 102944000, "link": "https://www.sec.gov/Archives/edgar/data/1308547/000162828020016459/0001628280-20-016459-index.htm", "finalLink": "https://www.sec.gov/Archives/edgar/data/1308547/000162828020016459/dlb-20200925.htm", "calculatedOtherExpenses": 1821000, "calculatedOperatingExpenses": 796552000, "calculatedNetInterest": 12539000, "calculatedOtherIncome": 8434000, "calculatedIncomeNonControlling": 256000, "calculatedEbitda": 332600000}, {"date": "2019-09-27", "symbol": "DLB", "reportedCurrency": "USD", "cik": "0001308547", "fillingDate": "2019-11-25", "acceptedDate": "2019-11-22 18:47:39", "calendarYear": "2019", "period": "FY", "revenue": 1241620000, "costOfRevenue": 160854000, "grossProfit": 1080766000, "grossProfitRatio": 0.8704482853, "researchAndDevelopmentExpenses": 237871000, "generalAndAdministrativeExpenses": 205425000, "sellingAndMarketingExpenses": 343835000, "sellingGeneralAndAdministrativeExpenses": 549260000, "otherExpenses": 481000, "operatingExpenses": 787131000, "costAndExpenses": 947985000, "interestIncome": 24919000, "interestExpense": 170000, "depreciationAndAmortization": 147081000, "ebitda": 404158000, "ebitdaratio": 0.3255086097, "operatingIncome": 257077000, "operatingIncomeRatio": 0.2070496609, "totalOtherIncomeExpensesNet": 25230000, "incomeBeforeTax": 282307000, "incomeBeforeTaxRatio": 0.2273698877, "incomeTaxExpense": 26802000, "netIncome": 255151000, "netIncomeRatio": 0.2054984617, "eps": 2.51, "epsdiluted": 2.44, "weightedAverageShsOut": 101629000, "weightedAverageShsOutDil": 104572000, "link": "https://www.sec.gov/Archives/edgar/data/1308547/000162828019014472/0001628280-19-014472-index.htm", "finalLink": "https://www.sec.gov/Archives/edgar/data/1308547/000162828019014472/a10-kfy19q4.htm", "calculatedOtherExpenses": 36558000, "calculatedOperatingExpenses": 823689000, "calculatedNetInterest": 24749000, "calculatedOtherIncome": 481000, "calculatedIncomeNonControlling": 354000, "calculatedEbitda": 404158000}, {"date": "2018-09-28", "symbol": "DLB", "reportedCurrency": "USD", "cik": "0001308547", "fillingDate": "2018-11-15", "acceptedDate": "2018-11-14 21:51:59", "calendarYear": "2018", "period": "FY", "revenue": 1171924000, "costOfRevenue": 128260000, "grossProfit": 1043664000, "grossProfitRatio": 0.8905560429, "researchAndDevelopmentExpenses": 236794000, "generalAndAdministrativeExpenses": 197516000, "sellingAndMarketingExpenses": 309802000, "sellingGeneralAndAdministrativeExpenses": 507318000, "otherExpenses": -5903000, "operatingExpenses": 744112000, "costAndExpenses": 872372000, "interestIncome": 18970000, "interestExpense": 198000, "depreciationAndAmortization": 81283000, "ebitda": 393902000, "ebitdaratio": 0.3361156526, "operatingIncome": 299998000, "operatingIncomeRatio": 0.2559875896, "totalOtherIncomeExpensesNet": -5457000, "incomeBeforeTax": 312867000, "incomeBeforeTaxRatio": 0.2669686771, "incomeTaxExpense": 190062000, "netIncome": 122246000, "netIncomeRatio": 0.104312225, "eps": 1.18, "epsdiluted": 1.14, "weightedAverageShsOut": 103377000, "weightedAverageShsOutDil": 106978000, "link": "https://www.sec.gov/Archives/edgar/data/1308547/000162828018014390/0001628280-18-014390-index.htm", "finalLink": "https://www.sec.gov/Archives/edgar/data/1308547/000162828018014390/a10-kfy18q4.htm", "calculatedOtherExpenses": -446000, "calculatedOperatingExpenses": 743666000, "calculatedNetInterest": 18772000, "calculatedOtherIncome": -5903000, "calculatedIncomeNonControlling": 559000, "calculatedEbitda": 381281000}, {"date": "2017-09-29", "symbol": "DLB", "reportedCurrency": "USD", "cik": "0001308547", "fillingDate": "2017-11-16", "acceptedDate": "2017-11-16 17:02:01", "calendarYear": "2017", "period": "FY", "revenue": 1081454000, "costOfRevenue": 118307000, "grossProfit": 963147000, "grossProfitRatio": 0.8906037612, "researchAndDevelopmentExpenses": 233312000, "generalAndAdministrativeExpenses": 171686000, "sellingAndMarketingExpenses": 296661000, "sellingGeneralAndAdministrativeExpenses": 468347000, "otherExpenses": -1438000, "operatingExpenses": 701659000, "costAndExpenses": 819966000, "interestIncome": 9577000, "interestExpense": 127000, "depreciationAndAmortization": 84308000, "ebitda": 353935000, "ebitdaratio": 0.3272769808, "operatingIncome": 248632000, "operatingIncomeRatio": 0.2299052942, "totalOtherIncomeExpensesNet": -14294000, "incomeBeforeTax": 256644000, "incomeBeforeTaxRatio": 0.2373138386, "incomeTaxExpense": 54217000, "netIncome": 201802000, "netIncomeRatio": 0.1866024815, "eps": 1.98, "epsdiluted": 1.95, "weightedAverageShsOut": 101784000, "weightedAverageShsOutDil": 103286000, "link": "https://www.sec.gov/Archives/edgar/data/1308547/000162828017011633/0001628280-17-011633-index.htm", "finalLink": "https://www.sec.gov/Archives/edgar/data/1308547/000162828017011633/a10-kfy17.htm", "calculatedOtherExpenses": 12856000, "calculatedOperatingExpenses": 714515000, "calculatedNetInterest": 9450000, "calculatedOtherIncome": -1438000, "calculatedIncomeNonControlling": 625000, "calculatedEbitda": 332940000}, {"date": "2016-09-30", "symbol": "DLB", "reportedCurrency": "USD", "cik": "0001308547", "fillingDate": "2016-11-18", "acceptedDate": "2016-11-18 17:19:58", "calendarYear": "2016", "period": "FY", "revenue": 1025738000, "costOfRevenue": 108982000, "grossProfit": 916756000, "grossProfitRatio": 0.8937525957, "researchAndDevelopmentExpenses": 219607000, "generalAndAdministrativeExpenses": 168854000, "sellingAndMarketingExpenses": 295267000, "sellingGeneralAndAdministrativeExpenses": 464121000, "otherExpenses": -1450000, "operatingExpenses": 683728000, "costAndExpenses": 792710000, "interestIncome": 5684000, "interestExpense": 125000, "depreciationAndAmortization": 85152000, "ebitda": 322414000, "ebitdaratio": 0.3143239307, "operatingIncome": 231795000, "operatingIncomeRatio": 0.2259787587, "totalOtherIncomeExpensesNet": -2683000, "incomeBeforeTax": 235904000, "incomeBeforeTaxRatio": 0.229984655, "incomeTaxExpense": 49502000, "netIncome": 185860000, "netIncomeRatio": 0.1811963679, "eps": 1.85, "epsdiluted": 1.81, "weightedAverageShsOut": 100717000, "weightedAverageShsOutDil": 102424000, "link": "https://www.sec.gov/Archives/edgar/data/1308547/000162828016021559/0001628280-16-021559-index.htm", "finalLink": "https://www.sec.gov/Archives/edgar/data/1308547/000162828016021559/a10-kfy16.htm", "calculatedOtherExpenses": 1233000, "calculatedOperatingExpenses": 684961000, "calculatedNetInterest": 5559000, "calculatedOtherIncome": -1450000, "calculatedIncomeNonControlling": 542000, "calculatedEbitda": 316947000}, {"date": "2015-09-25", "symbol": "DLB", "reportedCurrency": "USD", "cik": "0001308547", "fillingDate": "2015-11-24", "acceptedDate": "2015-11-24 16:45:12", "calendarYear": "2015", "period": "FY", "revenue": 967410000, "costOfRevenue": 94796000, "grossProfit": 872614000, "grossProfitRatio": 0.9020105229, "researchAndDevelopmentExpenses": 200892000, "generalAndAdministrativeExpenses": 181981000, "sellingAndMarketingExpenses": 278920000, "sellingGeneralAndAdministrativeExpenses": 460901000, "otherExpenses": 28193000, "operatingExpenses": 661793000, "costAndExpenses": 756589000, "interestIncome": 4544000, "interestExpense": 183000, "depreciationAndAmortization": 69133000, "ebitda": 312691000, "ebitdaratio": 0.3232248995, "operatingIncome": 210901000, "operatingIncomeRatio": 0.2180058093, "totalOtherIncomeExpensesNet": 28273000, "incomeBeforeTax": 243455000, "incomeBeforeTaxRatio": 0.2516564848, "incomeTaxExpense": 62257000, "netIncome": 179335000, "netIncomeRatio": 0.1853764174, "eps": 1.75, "epsdiluted": 1.73, "weightedAverageShsOut": 102354000, "weightedAverageShsOutDil": 103862000, "link": "https://www.sec.gov/Archives/edgar/data/1308547/000162828015008974/0001628280-15-008974-index.htm", "finalLink": "https://www.sec.gov/Archives/edgar/data/1308547/000162828015008974/a10-kfy15.htm", "calculatedOtherExpenses": -80000, "calculatedOperatingExpenses": 661713000, "calculatedNetInterest": 4361000, "calculatedOtherIncome": 28193000, "calculatedIncomeNonControlling": 1863000, "calculatedEbitda": 280034000}, {"date": "2014-09-30", "symbol": "DLB", "reportedCurrency": "USD", "cik": "0001308547", "fillingDate": "2014-09-30", "acceptedDate": "2014-09-30 00:00:00", "calendarYear": "2014", "period": "FY", "revenue": 960176000, "costOfRevenue": 70176000, "grossProfit": 890000000, "grossProfitRatio": 0.9269133992, "researchAndDevelopmentExpenses": 183128000, "generalAndAdministrativeExpenses": 178104000, "sellingAndMarketingExpenses": 252647000, "sellingGeneralAndAdministrativeExpenses": 430751000, "otherExpenses": -1146000, "operatingExpenses": 613879000, "costAndExpenses": 684055000, "interestIncome": 3527000, "interestExpense": 183000, "depreciationAndAmortization": 53278000, "ebitda": 331802000, "ebitdaratio": 0.34556373, "operatingIncome": 273718000, "operatingIncomeRatio": 0.2850706537, "totalOtherIncomeExpensesNet": -3549000, "incomeBeforeTax": 276099000, "incomeBeforeTaxRatio": 0.2875504074, "incomeTaxExpense": 67379000, "netIncome": 206103000, "netIncomeRatio": 0.2146512723, "eps": 2.02, "epsdiluted": 1.99, "weightedAverageShsOut": 102151000, "weightedAverageShsOutDil": 103632000, "link": null, "finalLink": null, "calculatedOtherExpenses": 2403000, "calculatedOperatingExpenses": 616282000, "calculatedNetInterest": 3344000, "calculatedOtherIncome": -963000, "calculatedIncomeNonControlling": 2617000, "calculatedEbitda": 326996000}, {"date": "2013-09-27", "symbol": "DLB", "reportedCurrency": "USD", "cik": "0001308547", "fillingDate": "2013-11-15", "acceptedDate": "2013-11-14 17:35:32", "calendarYear": "2013", "period": "FY", "revenue": 909674000, "costOfRevenue": 96719000, "grossProfit": 812955000, "grossProfitRatio": 0.8936772954, "researchAndDevelopmentExpenses": 168746000, "generalAndAdministrativeExpenses": 161970000, "sellingAndMarketingExpenses": 231103000, "sellingGeneralAndAdministrativeExpenses": 393073000, "otherExpenses": 2111000, "operatingExpenses": 561819000, "costAndExpenses": 658538000, "interestIncome": 3848000, "interestExpense": 575000, "depreciationAndAmortization": 53245000, "ebitda": 310340000, "ebitdaratio": 0.3411551831, "operatingIncome": 245262000, "operatingIncomeRatio": 0.2696152688, "totalOtherIncomeExpensesNet": -3763000, "incomeBeforeTax": 250646000, "incomeBeforeTaxRatio": 0.2755338726, "incomeTaxExpense": 60344000, "netIncome": 189271000, "netIncomeRatio": 0.2080646473, "eps": 1.86, "epsdiluted": 1.84, "weightedAverageShsOut": 101879000, "weightedAverageShsOutDil": 102788000, "link": "https://www.sec.gov/Archives/edgar/data/1308547/000130854713000011/0001308547-13-000011-index.htm", "finalLink": "https://www.sec.gov/Archives/edgar/data/1308547/000130854713000011/a10-k.htm", "calculatedOtherExpenses": 5874000, "calculatedOperatingExpenses": 567693000, "calculatedNetInterest": 3273000, "calculatedOtherIncome": 2111000, "calculatedIncomeNonControlling": 1031000, "calculatedEbitda": 298507000}, {"date": "2012-09-28", "symbol": "DLB", "reportedCurrency": "USD", "cik": "0001308547", "fillingDate": "2012-11-15", "acceptedDate": "2012-11-15 17:13:24", "calendarYear": "2012", "period": "FY", "revenue": 926264000, "costOfRevenue": 92027000, "grossProfit": 834237000, "grossProfitRatio": 0.9006471157, "researchAndDevelopmentExpenses": 140143000, "generalAndAdministrativeExpenses": 149175000, "sellingAndMarketingExpenses": 181736000, "sellingGeneralAndAdministrativeExpenses": 330911000, "otherExpenses": 6999000, "operatingExpenses": 471054000, "costAndExpenses": 563081000, "interestIncome": 6411000, "interestExpense": 196000, "depreciationAndAmortization": 43876000, "ebitda": 408250000, "ebitdaratio": 0.4407490737, "operatingIncome": 361992000, "operatingIncomeRatio": 0.3908086679, "totalOtherIncomeExpensesNet": 5808000, "incomeBeforeTax": 368991000, "incomeBeforeTaxRatio": 0.398364829, "incomeTaxExpense": 103857000, "netIncome": 264302000, "netIncomeRatio": 0.2853419759, "eps": 2.47, "epsdiluted": 2.46, "weightedAverageShsOut": 106926000, "weightedAverageShsOutDil": 107541000, "link": "https://www.sec.gov/Archives/edgar/data/1308547/000130854712000010/0001308547-12-000010-index.htm", "finalLink": "https://www.sec.gov/Archives/edgar/data/1308547/000130854712000010/dlb201210-k.htm", "calculatedOtherExpenses": 1191000, "calculatedOperatingExpenses": 472245000, "calculatedNetInterest": 6215000, "calculatedOtherIncome": 784000, "calculatedIncomeNonControlling": 832000, "calculatedEbitda": 405868000}, {"date": "2011-09-30", "symbol": "DLB", "reportedCurrency": "USD", "cik": "0001308547", "fillingDate": "2011-11-23", "acceptedDate": "2011-11-22 21:58:46", "calendarYear": "2011", "period": "FY", "revenue": 955505000, "costOfRevenue": 111171000, "grossProfit": 844334000, "grossProfitRatio": 0.8836521002, "researchAndDevelopmentExpenses": 123920000, "generalAndAdministrativeExpenses": 137633000, "sellingAndMarketingExpenses": 149642000, "sellingGeneralAndAdministrativeExpenses": 287275000, "otherExpenses": 160010000, "operatingExpenses": 411195000, "costAndExpenses": 522366000, "interestIncome": 8976000, "interestExpense": 1027000, "depreciationAndAmortization": 43994000, "ebitda": 469629000, "ebitdaratio": 0.491498213, "operatingIncome": 429733000, "operatingIncomeRatio": 0.449744376, "totalOtherIncomeExpensesNet": 7504000, "incomeBeforeTax": 440643000, "incomeBeforeTaxRatio": 0.461162422, "incomeTaxExpense": 130061000, "netIncome": 309267000, "netIncomeRatio": 0.323668636, "eps": 2.78, "epsdiluted": 2.75, "weightedAverageShsOut": 111444000, "weightedAverageShsOutDil": 112554000, "link": "https://www.sec.gov/Archives/edgar/data/1308547/000119312511320293/0001193125-11-320293-index.htm", "finalLink": "https://www.sec.gov/Archives/edgar/data/1308547/000119312511320293/d206326d10k.htm", "calculatedOtherExpenses": 3406000, "calculatedOperatingExpenses": 414601000, "calculatedNetInterest": 7949000, "calculatedOtherIncome": 2961000, "calculatedIncomeNonControlling": 1315000, "calculatedEbitda": 473727000}, {"date": "2010-09-24", "symbol": "DLB", "reportedCurrency": "USD", "cik": "0001308547", "fillingDate": "2010-11-22", "acceptedDate": "2010-11-22 13:53:34", "calendarYear": "2010", "period": "FY", "revenue": 922713000, "costOfRevenue": 131815000, "grossProfit": 790898000, "grossProfitRatio": 0.8571440957, "researchAndDevelopmentExpenses": 104978000, "generalAndAdministrativeExpenses": 119353000, "sellingAndMarketingExpenses": 130160000, "sellingGeneralAndAdministrativeExpenses": 249513000, "otherExpenses": 111840000, "operatingExpenses": 354491000, "costAndExpenses": 486306000, "interestIncome": 7298000, "interestExpense": 703000, "depreciationAndAmortization": 34937000, "ebitda": 470739000, "ebitdaratio": 0.5101683839, "operatingIncome": 429381000, "operatingIncomeRatio": 0.4653462127, "totalOtherIncomeExpensesNet": 605000, "incomeBeforeTax": 437012000, "incomeBeforeTaxRatio": 0.4736163899, "incomeTaxExpense": 154185000, "netIncome": 283447000, "netIncomeRatio": 0.3071886925, "eps": 2.5, "epsdiluted": 2.46, "weightedAverageShsOut": 113452000, "weightedAverageShsOutDil": 115388000, "link": "https://www.sec.gov/Archives/edgar/data/1308547/000119312510266157/0001193125-10-266157-index.htm", "finalLink": "https://www.sec.gov/Archives/edgar/data/1308547/000119312510266157/d10k.htm", "calculatedOtherExpenses": 7026000, "calculatedOperatingExpenses": 361517000, "calculatedNetInterest": 6595000, "calculatedOtherIncome": 1036000, "calculatedIncomeNonControlling": -620000, "calculatedEbitda": 464318000}, {"date": "2009-09-25", "symbol": "DLB", "reportedCurrency": "USD", "cik": "0001308547", "fillingDate": "2009-11-19", "acceptedDate": "2009-11-18 20:35:06", "calendarYear": "2009", "period": "FY", "revenue": 719503000, "costOfRevenue": 64768000, "grossProfit": 654735000, "grossProfitRatio": 0.9099823072, "researchAndDevelopmentExpenses": 66710000, "generalAndAdministrativeExpenses": 0, "sellingAndMarketingExpenses": 0, "sellingGeneralAndAdministrativeExpenses": 225489000, "otherExpenses": -5977000, "operatingExpenses": 286222000, "costAndExpenses": 350990000, "interestIncome": 11265000, "interestExpense": 935000, "depreciationAndAmortization": 28732000, "ebitda": 394339000, "ebitdaratio": 0.548071377, "operatingIncome": 363666000, "operatingIncomeRatio": 0.5054405611, "totalOtherIncomeExpensesNet": 2906000, "incomeBeforeTax": 371419000, "incomeBeforeTaxRatio": 0.5162160547, "incomeTaxExpense": 127073000, "netIncome": 242991000, "netIncomeRatio": 0.337720621, "eps": 2.15, "epsdiluted": 2.11, "weightedAverageShsOut": 113101000, "weightedAverageShsOutDil": 115367000, "link": "https://www.sec.gov/Archives/edgar/data/1308547/000119312509237809/0001193125-09-237809-index.htm", "finalLink": "https://www.sec.gov/Archives/edgar/data/1308547/000119312509237809/d10k.htm", "calculatedOtherExpenses": -1130000, "calculatedOperatingExpenses": 291069000, "calculatedNetInterest": 10330000, "calculatedOtherIncome": -2577000, "calculatedIncomeNonControlling": 1355000, "calculatedEbitda": 392398000}, {"date": "2008-09-26", "symbol": "DLB", "reportedCurrency": "USD", "cik": "0001308547", "fillingDate": "2008-11-21", "acceptedDate": "2008-11-20 19:19:20", "calendarYear": "2008", "period": "FY", "revenue": 640231000, "costOfRevenue": 67777000, "grossProfit": 572454000, "grossProfitRatio": 0.8941366476, "researchAndDevelopmentExpenses": 62080000, "generalAndAdministrativeExpenses": 0, "sellingAndMarketingExpenses": 0, "sellingGeneralAndAdministrativeExpenses": 224090000, "otherExpenses": -499000, "operatingExpenses": 285671000, "costAndExpenses": 353448000, "interestIncome": 17889000, "interestExpense": -13200000, "depreciationAndAmortization": 24814000, "ebitda": 311842000, "ebitdaratio": 0.4870773205, "operatingIncome": 286783000, "operatingIncomeRatio": 0.4479367603, "totalOtherIncomeExpensesNet": -245000, "incomeBeforeTax": 301802000, "incomeBeforeTaxRatio": 0.4713954807, "incomeTaxExpense": 100770000, "netIncome": 199458000, "netIncomeRatio": 0.3115406783, "eps": 1.79, "epsdiluted": 1.74, "weightedAverageShsOut": 111492000, "weightedAverageShsOutDil": 114781000, "link": "https://www.sec.gov/Archives/edgar/data/1308547/000119312508240308/0001193125-08-240308-index.htm", "finalLink": "https://www.sec.gov/Archives/edgar/data/1308547/000119312508240308/d10k.htm", "calculatedOtherExpenses": -499000, "calculatedOperatingExpenses": 285671000, "calculatedNetInterest": 31089000, "calculatedOtherIncome": -16070000, "calculatedIncomeNonControlling": 1574000, "calculatedEbitda": 311597000}, {"date": "2007-09-28", "symbol": "DLB", "reportedCurrency": "USD", "cik": "0001308547", "fillingDate": "2007-11-21", "acceptedDate": "2007-11-21 16:21:49", "calendarYear": "2007", "period": "FY", "revenue": 482028000, "costOfRevenue": 74265000, "grossProfit": 407763000, "grossProfitRatio": 0.8459321865, "researchAndDevelopmentExpenses": 44109000, "generalAndAdministrativeExpenses": 0, "sellingAndMarketingExpenses": 0, "sellingGeneralAndAdministrativeExpenses": 178802000, "otherExpenses": -2100000, "operatingExpenses": 220811000, "costAndExpenses": 295076000, "interestIncome": 26156000, "interestExpense": -22529000, "depreciationAndAmortization": 14805000, "ebitda": 200238000, "ebitdaratio": 0.4154074037, "operatingIncome": 186952000, "operatingIncomeRatio": 0.3878446895, "totalOtherIncomeExpensesNet": 1519000, "incomeBeforeTax": 209416000, "incomeBeforeTaxRatio": 0.4344477914, "incomeTaxExpense": 65131000, "netIncome": 142831000, "netIncomeRatio": 0.2963126623, "eps": 1.31, "epsdiluted": 1.26, "weightedAverageShsOut": 109202000, "weightedAverageShsOutDil": 113573000, "link": "https://www.sec.gov/Archives/edgar/data/1308547/000119312507252187/0001193125-07-252187-index.htm", "finalLink": "https://www.sec.gov/Archives/edgar/data/1308547/000119312507252187/d10k.htm", "calculatedOtherExpenses": -2100000, "calculatedOperatingExpenses": 220811000, "calculatedNetInterest": 48685000, "calculatedOtherIncome": -26221000, "calculatedIncomeNonControlling": 1454000, "calculatedEbitda": 201757000}, {"date": "2006-09-29", "symbol": "DLB", "reportedCurrency": "USD", "cik": "0001308547", "fillingDate": "2006-12-12", "acceptedDate": "2006-12-12 17:11:44", "calendarYear": "2006", "period": "FY", "revenue": 391542000, "costOfRevenue": 76042000, "grossProfit": 315500000, "grossProfitRatio": 0.8057883956, "researchAndDevelopmentExpenses": 35377000, "generalAndAdministrativeExpenses": 0, "sellingAndMarketingExpenses": 0, "sellingGeneralAndAdministrativeExpenses": 154165000, "otherExpenses": -3625000, "operatingExpenses": 185917000, "costAndExpenses": 261959000, "interestIncome": 18729000, "interestExpense": -19519000, "depreciationAndAmortization": 12862000, "ebitda": 138725000, "ebitdaratio": 0.3543042637, "operatingIncome": 129583000, "operatingIncomeRatio": 0.3309555552, "totalOtherIncomeExpensesNet": 3720000, "incomeBeforeTax": 146637000, "incomeBeforeTaxRatio": 0.3745115467, "incomeTaxExpense": 55833000, "netIncome": 89549000, "netIncomeRatio": 0.2287085421, "eps": 0.85, "epsdiluted": 0.8, "weightedAverageShsOut": 105688000, "weightedAverageShsOutDil": 111658000, "link": "https://www.sec.gov/Archives/edgar/data/1308547/000119312506251697/0001193125-06-251697-index.htm", "finalLink": "https://www.sec.gov/Archives/edgar/data/1308547/000119312506251697/d10k.htm", "calculatedOtherExpenses": -3625000, "calculatedOperatingExpenses": 185917000, "calculatedNetInterest": 38248000, "calculatedOtherIncome": -21194000, "calculatedIncomeNonControlling": 1255000, "calculatedEbitda": 142445000}, {"date": "2005-09-30", "symbol": "DLB", "reportedCurrency": "USD", "cik": "0001308547", "fillingDate": "2005-12-20", "acceptedDate": "2005-12-20 07:02:12", "calendarYear": "2005", "period": "FY", "revenue": 327967000, "costOfRevenue": 80218000, "grossProfit": 247749000, "grossProfitRatio": 0.7554083185, "researchAndDevelopmentExpenses": 30532000, "generalAndAdministrativeExpenses": 0, "sellingAndMarketingExpenses": 0, "sellingGeneralAndAdministrativeExpenses": 135155000, "otherExpenses": -2000000, "operatingExpenses": 163687000, "costAndExpenses": 243905000, "interestIncome": 6961000, "interestExpense": -9608000, "depreciationAndAmortization": 11348000, "ebitda": 91363000, "ebitdaratio": 0.2785737589, "operatingIncome": 84062000, "operatingIncomeRatio": 0.2563123729, "totalOtherIncomeExpensesNet": 4047000, "incomeBeforeTax": 91218000, "incomeBeforeTaxRatio": 0.2781316413, "incomeTaxExpense": 37330000, "netIncome": 52293000, "netIncomeRatio": 0.1594459199, "eps": 0.54, "epsdiluted": 0.5, "weightedAverageShsOut": 96969000, "weightedAverageShsOutDil": 104220000, "link": "https://www.sec.gov/Archives/edgar/data/1308547/000119312505245301/0001193125-05-245301-index.htm", "finalLink": "https://www.sec.gov/Archives/edgar/data/1308547/000119312505245301/d10k.htm", "calculatedOtherExpenses": -2000000, "calculatedOperatingExpenses": 163687000, "calculatedNetInterest": 16569000, "calculatedOtherIncome": -9413000, "calculatedIncomeNonControlling": 1595000, "calculatedEbitda": 95410000}, {"date": "2004-09-30", "symbol": "DLB", "reportedCurrency": "USD", "cik": "0001308547", "fillingDate": "2004-09-30", "acceptedDate": "2004-09-30 00:00:00", "calendarYear": "2004", "period": "FY", "revenue": 289041000, "costOfRevenue": 91505000, "grossProfit": 197536000, "grossProfitRatio": 0.6834186154, "researchAndDevelopmentExpenses": 23479000, "generalAndAdministrativeExpenses": 0, "sellingAndMarketingExpenses": 0, "sellingGeneralAndAdministrativeExpenses": 106456000, "otherExpenses": -2000000, "operatingExpenses": 127935000, "costAndExpenses": 219440000, "interestIncome": 0, "interestExpense": 1035000, "depreciationAndAmortization": 8517000, "ebitda": 76715000, "ebitdaratio": 0.2654121734, "operatingIncome": 67863000, "operatingIncomeRatio": 0.2347867604, "totalOtherIncomeExpensesNet": 1403000, "incomeBeforeTax": 68092000, "incomeBeforeTaxRatio": 0.2355790355, "incomeTaxExpense": 27321000, "netIncome": 39842000, "netIncomeRatio": 0.1378420363, "eps": 0.47, "epsdiluted": 0.43, "weightedAverageShsOut": 85556000, "weightedAverageShsOutDil": 92783000, "link": null, "finalLink": null, "calculatedOtherExpenses": -262000, "calculatedOperatingExpenses": 129673000, "calculatedNetInterest": -1035000, "calculatedOtherIncome": 1264000, "calculatedIncomeNonControlling": 929000, "calculatedEbitda": 76380000}, {"date": "2003-09-30", "symbol": "DLB", "reportedCurrency": "USD", "cik": "0001308547", "fillingDate": "2003-09-30", "acceptedDate": "2003-09-30 00:00:00", "calendarYear": "2003", "period": "FY", "revenue": 217472000, "costOfRevenue": 73643000, "grossProfit": 143829000, "grossProfitRatio": 0.6613679002, "researchAndDevelopmentExpenses": 18262000, "generalAndAdministrativeExpenses": 0, "sellingAndMarketingExpenses": 0, "sellingGeneralAndAdministrativeExpenses": 76590000, "otherExpenses": 0, "operatingExpenses": 94852000, "costAndExpenses": 168495000, "interestIncome": 0, "interestExpense": 2148000, "depreciationAndAmortization": 7498000, "ebitda": 56694000, "ebitdaratio": 0.2606956298, "operatingIncome": 47667000, "operatingIncomeRatio": 0.2191868378, "totalOtherIncomeExpensesNet": -219000, "incomeBeforeTax": 47610000, "incomeBeforeTaxRatio": 0.2189247351, "incomeTaxExpense": 16079000, "netIncome": 30969000, "netIncomeRatio": 0.1424045394, "eps": 0.36, "epsdiluted": 0.36, "weightedAverageShsOut": 85009000, "weightedAverageShsOutDil": 86084000, "link": null, "finalLink": null, "calculatedOtherExpenses": 1310000, "calculatedOperatingExpenses": 96162000, "calculatedNetInterest": -2148000, "calculatedOtherIncome": 2091000, "calculatedIncomeNonControlling": 562000, "calculatedEbitda": 55165000}, {"date": "2002-09-30", "symbol": "DLB", "reportedCurrency": "USD", "cik": "0001308547", "fillingDate": "2002-09-30", "acceptedDate": "2002-09-30 00:00:00", "calendarYear": "2002", "period": "FY", "revenue": 161868000, "costOfRevenue": 57717000, "grossProfit": 104151000, "grossProfitRatio": 0.6434316851, "researchAndDevelopmentExpenses": 15128000, "generalAndAdministrativeExpenses": 0, "sellingAndMarketingExpenses": 0, "sellingGeneralAndAdministrativeExpenses": 0, "otherExpenses": 0, "operatingExpenses": 15128000, "costAndExpenses": 72845000, "interestIncome": 0, "interestExpense": 643000, "depreciationAndAmortization": 88474000, "ebitda": 89023000, "ebitdaratio": 0.5499728174, "operatingIncome": 549000, "operatingIncomeRatio": 0.0033916525, "totalOtherIncomeExpensesNet": -747000, "incomeBeforeTax": -198000, "incomeBeforeTaxRatio": -0.0012232189, "incomeTaxExpense": 11000, "netIncome": -105000, "netIncomeRatio": -0.0006486767, "eps": -0.0012, "epsdiluted": -0.0012, "weightedAverageShsOut": 85008000, "weightedAverageShsOutDil": 85008000, "link": null, "finalLink": null, "calculatedOtherExpenses": 88474000, "calculatedOperatingExpenses": 103602000, "calculatedNetInterest": -643000, "calculatedOtherIncome": -104000, "calculatedIncomeNonControlling": -104000, "calculatedEbitda": 89023000}, {"date": "2001-09-30", "symbol": "DLB", "reportedCurrency": "USD", "cik": "0001308547", "fillingDate": "2001-09-30", "acceptedDate": "2001-09-30 00:00:00", "calendarYear": "2001", "period": "FY", "revenue": 124653000, "costOfRevenue": 50442000, "grossProfit": 74211000, "grossProfitRatio": 0.5953406657, "researchAndDevelopmentExpenses": 16106000, "generalAndAdministrativeExpenses": 0, "sellingAndMarketingExpenses": 0, "sellingGeneralAndAdministrativeExpenses": 48244000, "otherExpenses": 0, "operatingExpenses": 64350000, "costAndExpenses": 114792000, "interestIncome": 0, "interestExpense": 3369000, "depreciationAndAmortization": 0, "ebitda": 9861000, "ebitdaratio": 0.0791076027, "operatingIncome": 9861000, "operatingIncomeRatio": 0.0791076027, "totalOtherIncomeExpensesNet": -3369000, "incomeBeforeTax": 6492000, "incomeBeforeTaxRatio": 0.0520805757, "incomeTaxExpense": 4210000, "netIncome": 5651000, "netIncomeRatio": 0.0453338468, "eps": 0.07, "epsdiluted": 0.07, "weightedAverageShsOut": 85000000, "weightedAverageShsOutDil": 85000000, "link": null, "finalLink": null, "calculatedOtherExpenses": 0, "calculatedOperatingExpenses": 64350000, "calculatedNetInterest": -3369000, "calculatedOtherIncome": 0, "calculatedIncomeNonControlling": -3369000, "calculatedEbitda": 9861000}]}