{"originalCurrency": "USD", "convertedCurrency": "USD", "report": [{"date": "2023-12-31", "symbol": "DLR", "reportedCurrency": "USD", "cik": "0001297996", "fillingDate": "2024-02-23", "acceptedDate": "2024-02-23 07:24:51", "calendarYear": "2023", "period": "FY", "revenue": 5477061000, "costOfRevenue": 4292929000, "grossProfit": 1184132000, "grossProfitRatio": 0.216198432, "researchAndDevelopmentExpenses": 0, "generalAndAdministrativeExpenses": 449056000, "sellingAndMarketingExpenses": 0, "sellingGeneralAndAdministrativeExpenses": 449056000, "otherExpenses": -456587000, "operatingExpenses": 456587000, "costAndExpenses": 4749516000, "interestIncome": 0, "interestExpense": 437741000, "depreciationAndAmortization": 1694859000, "ebitda": 2422404000, "ebitdaratio": 0.4422817274, "operatingIncome": 727545000, "operatingIncomeRatio": 0.1328349273, "totalOtherIncomeExpensesNet": 298345000, "incomeBeforeTax": 1025890000, "incomeBeforeTaxRatio": 0.1873066595, "incomeTaxExpense": 75579000, "netIncome": 948838000, "netIncomeRatio": 0.1732385307, "eps": 3.04, "epsdiluted": 3, "weightedAverageShsOut": 298603000, "weightedAverageShsOutDil": 309065000, "link": "https://www.sec.gov/Archives/edgar/data/1297996/000155837024001575/0001558370-24-001575-index.htm", "finalLink": "https://www.sec.gov/Archives/edgar/data/1297996/000155837024001575/dlr-20231231x10k.htm", "calculatedOtherExpenses": 7531000, "calculatedOperatingExpenses": 456587000, "calculatedNetInterest": -437741000, "calculatedOtherIncome": 736086000, "calculatedIncomeNonControlling": 1473000, "calculatedEbitda": 2422404000}, {"date": "2022-12-31", "symbol": "DLR", "reportedCurrency": "USD", "cik": "0001297996", "fillingDate": "2023-02-27", "acceptedDate": "2023-02-24 21:24:08", "calendarYear": "2022", "period": "FY", "revenue": 4691834000, "costOfRevenue": 2001447000, "grossProfit": 2690387000, "grossProfitRatio": 0.5734190511, "researchAndDevelopmentExpenses": 0, "generalAndAdministrativeExpenses": 414783000, "sellingAndMarketingExpenses": 0, "sellingGeneralAndAdministrativeExpenses": 414783000, "otherExpenses": 1590371000, "operatingExpenses": 2005154000, "costAndExpenses": 4006601000, "interestIncome": 8918000, "interestExpense": 299132000, "depreciationAndAmortization": 1668619000, "ebitda": 2258588000, "ebitdaratio": 0.4813870226, "operatingIncome": 589969000, "operatingIncomeRatio": 0.1257437923, "totalOtherIncomeExpensesNet": -178091000, "incomeBeforeTax": 411878000, "incomeBeforeTaxRatio": 0.0877861408, "incomeTaxExpense": 31551000, "netIncome": 377684000, "netIncomeRatio": 0.0804981591, "eps": 1.18, "epsdiluted": 1.11, "weightedAverageShsOut": 286334000, "weightedAverageShsOutDil": 297919000, "link": "https://www.sec.gov/Archives/edgar/data/1297996/000155837023002087/0001558370-23-002087-index.htm", "finalLink": "https://www.sec.gov/Archives/edgar/data/1297996/000155837023002087/dlr-20221231x10k.htm", "calculatedOtherExpenses": 1685635000, "calculatedOperatingExpenses": 2100418000, "calculatedNetInterest": -290214000, "calculatedOtherIncome": 112123000, "calculatedIncomeNonControlling": 2643000, "calculatedEbitda": 2258588000}, {"date": "2021-12-31", "symbol": "DLR", "reportedCurrency": "USD", "cik": "0001297996", "fillingDate": "2022-02-25", "acceptedDate": "2022-02-25 17:19:45", "calendarYear": "2021", "period": "FY", "revenue": 4427883000, "costOfRevenue": 1760895000, "grossProfit": 2666988000, "grossProfitRatio": 0.6023167279, "researchAndDevelopmentExpenses": 0, "generalAndAdministrativeExpenses": 410737000, "sellingAndMarketingExpenses": 0, "sellingGeneralAndAdministrativeExpenses": 410737000, "otherExpenses": 1489182000, "operatingExpenses": 1899919000, "costAndExpenses": 3660814000, "interestIncome": 293846000, "interestExpense": 298204000, "depreciationAndAmortization": 1621974000, "ebitda": 2315983000, "ebitdaratio": 0.5230452114, "operatingIncome": 694009000, "operatingIncomeRatio": 0.1567360746, "totalOtherIncomeExpensesNet": 1126202000, "incomeBeforeTax": 1820211000, "incomeBeforeTaxRatio": 0.41107929, "incomeTaxExpense": 72799000, "netIncome": 1709259000, "netIncomeRatio": 0.3860217174, "eps": 5.95, "epsdiluted": 5.94, "weightedAverageShsOut": 282474927, "weightedAverageShsOutDil": 283221968, "link": "https://www.sec.gov/Archives/edgar/data/1297996/000155837022002195/0001558370-22-002195-index.htm", "finalLink": "https://www.sec.gov/Archives/edgar/data/1297996/000155837022002195/dlr-20211231x10k.htm", "calculatedOtherExpenses": 1562242000, "calculatedOperatingExpenses": 1972979000, "calculatedNetInterest": -4358000, "calculatedOtherIncome": 1130560000, "calculatedIncomeNonControlling": 38153000, "calculatedEbitda": 2315983000}, {"date": "2020-12-31", "symbol": "DLR", "reportedCurrency": "USD", "cik": "0001297996", "fillingDate": "2021-03-01", "acceptedDate": "2021-03-01 17:05:19", "calendarYear": "2020", "period": "FY", "revenue": 3903609000, "costOfRevenue": 1500861000, "grossProfit": 2402748000, "grossProfitRatio": 0.6155196384, "researchAndDevelopmentExpenses": 0, "generalAndAdministrativeExpenses": 358181000, "sellingAndMarketingExpenses": 0, "sellingGeneralAndAdministrativeExpenses": 358181000, "otherExpenses": 1367453000, "operatingExpenses": 1725634000, "costAndExpenses": 3226495000, "interestIncome": 20222000, "interestExpense": 333021000, "depreciationAndAmortization": 1448556000, "ebitda": 2006086000, "ebitdaratio": 0.5139054654, "operatingIncome": 557530000, "operatingIncomeRatio": 0.1428242429, "totalOtherIncomeExpensesNet": -156748000, "incomeBeforeTax": 400782000, "incomeBeforeTaxRatio": 0.1026696065, "incomeTaxExpense": 38047000, "netIncome": 356398000, "netIncomeRatio": 0.0912996153, "eps": 1.37, "epsdiluted": 1.36, "weightedAverageShsOut": 260098978, "weightedAverageShsOutDil": 262522508, "link": "https://www.sec.gov/Archives/edgar/data/1297996/000155837021002191/0001558370-21-002191-index.htm", "finalLink": "https://www.sec.gov/Archives/edgar/data/1297996/000155837021002191/dlr-20201231x10k.htm", "calculatedOtherExpenses": 1487037000, "calculatedOperatingExpenses": 1845218000, "calculatedNetInterest": -312799000, "calculatedOtherIncome": 156051000, "calculatedIncomeNonControlling": 6337000, "calculatedEbitda": 2006086000}, {"date": "2019-12-31", "symbol": "DLR", "reportedCurrency": "USD", "cik": "0001297996", "fillingDate": "2020-03-02", "acceptedDate": "2020-03-02 17:20:37", "calendarYear": "2019", "period": "FY", "revenue": 3209241000, "costOfRevenue": 1180171000, "grossProfit": 2029070000, "grossProfitRatio": 0.6322585309, "researchAndDevelopmentExpenses": 0, "generalAndAdministrativeExpenses": 220286000, "sellingAndMarketingExpenses": 0, "sellingGeneralAndAdministrativeExpenses": 220286000, "otherExpenses": 1177892000, "operatingExpenses": 1398178000, "costAndExpenses": 2578349000, "interestIncome": 66000000, "interestExpense": 353057000, "depreciationAndAmortization": 1274518000, "ebitda": 1868733000, "ebitdaratio": 0.5822974965, "operatingIncome": 594215000, "operatingIncomeRatio": 0.1851574874, "totalOtherIncomeExpensesNet": 17001000, "incomeBeforeTax": 611216000, "incomeBeforeTaxRatio": 0.1904550017, "incomeTaxExpense": 11995000, "netIncome": 579761000, "netIncomeRatio": 0.1806536187, "eps": 2.37, "epsdiluted": 2.35, "weightedAverageShsOut": 208325823, "weightedAverageShsOutDil": 209462247, "link": "https://www.sec.gov/Archives/edgar/data/1297996/000155837020001906/0001558370-20-001906-index.htm", "finalLink": "https://www.sec.gov/Archives/edgar/data/1297996/000155837020001906/dlr-20191231x10kabe894.htm", "calculatedOtherExpenses": 1214569000, "calculatedOperatingExpenses": 1434855000, "calculatedNetInterest": -287057000, "calculatedOtherIncome": 304058000, "calculatedIncomeNonControlling": 19460000, "calculatedEbitda": 1868733000}, {"date": "2018-12-31", "symbol": "DLR", "reportedCurrency": "USD", "cik": "0001297996", "fillingDate": "2019-02-25", "acceptedDate": "2019-02-25 17:29:13", "calendarYear": "2018", "period": "FY", "revenue": 3046478000, "costOfRevenue": 1086581000, "grossProfit": 1959897000, "grossProfitRatio": 0.6433320707, "researchAndDevelopmentExpenses": 0, "generalAndAdministrativeExpenses": 171766000, "sellingAndMarketingExpenses": 0, "sellingGeneralAndAdministrativeExpenses": 171766000, "otherExpenses": 1189714000, "operatingExpenses": 1361480000, "costAndExpenses": 2448061000, "interestIncome": 3481000, "interestExpense": 321529000, "depreciationAndAmortization": 1186896000, "ebitda": 1821773000, "ebitdaratio": 0.597993158, "operatingIncome": 549787000, "operatingIncomeRatio": 0.1804664271, "totalOtherIncomeExpensesNet": 62830000, "incomeBeforeTax": 343199000, "incomeBeforeTaxRatio": 0.1126543504, "incomeTaxExpense": 2084000, "netIncome": 331246000, "netIncomeRatio": 0.1087308032, "eps": 1.61, "epsdiluted": 1.6, "weightedAverageShsOut": 206035408, "weightedAverageShsOutDil": 206673471, "link": "https://www.sec.gov/Archives/edgar/data/1297996/000129799619000032/0001297996-19-000032-index.htm", "finalLink": "https://www.sec.gov/Archives/edgar/data/1297996/000129799619000032/dlrq412311810kss.htm", "calculatedOtherExpenses": 1238344000, "calculatedOperatingExpenses": 1410110000, "calculatedNetInterest": -318048000, "calculatedOtherIncome": 111460000, "calculatedIncomeNonControlling": 9869000, "calculatedEbitda": 1736683000}, {"date": "2017-12-31", "symbol": "DLR", "reportedCurrency": "USD", "cik": "0001297996", "fillingDate": "2018-03-01", "acceptedDate": "2018-02-28 21:30:27", "calendarYear": "2017", "period": "FY", "revenue": 2457928000, "costOfRevenue": 883630000, "grossProfit": 1574298000, "grossProfitRatio": 0.640498013, "researchAndDevelopmentExpenses": 0, "generalAndAdministrativeExpenses": 167691000, "sellingAndMarketingExpenses": 0, "sellingGeneralAndAdministrativeExpenses": 167691000, "otherExpenses": 845541000, "operatingExpenses": 1013232000, "costAndExpenses": 1896862000, "interestIncome": 3655000, "interestExpense": 258642000, "depreciationAndAmortization": 842464000, "ebitda": 1432701000, "ebitdaratio": 0.5828897348, "operatingIncome": 451295000, "operatingIncomeRatio": 0.1836079006, "totalOtherIncomeExpensesNet": -41910000, "incomeBeforeTax": 264169000, "incomeBeforeTaxRatio": 0.1074762971, "incomeTaxExpense": 7901000, "netIncome": 248260000, "netIncomeRatio": 0.1010037723, "eps": 0.99, "epsdiluted": 0.99, "weightedAverageShsOut": 174059386, "weightedAverageShsOutDil": 174895098, "link": "https://www.sec.gov/Archives/edgar/data/1297996/000129799618000026/0001297996-18-000026-index.htm", "finalLink": "https://www.sec.gov/Archives/edgar/data/1297996/000129799618000026/dlr12311710k.htm", "calculatedOtherExpenses": 955312000, "calculatedOperatingExpenses": 1123003000, "calculatedNetInterest": -254987000, "calculatedOtherIncome": 67861000, "calculatedIncomeNonControlling": 8008000, "calculatedEbitda": 1293759000}, {"date": "2016-12-31", "symbol": "DLR", "reportedCurrency": "USD", "cik": "0001297996", "fillingDate": "2017-03-01", "acceptedDate": "2017-03-01 16:49:18", "calendarYear": "2016", "period": "FY", "revenue": 2142213000, "costOfRevenue": 762674000, "grossProfit": 1379539000, "grossProfitRatio": 0.6439784466, "researchAndDevelopmentExpenses": 0, "generalAndAdministrativeExpenses": 156017000, "sellingAndMarketingExpenses": 0, "sellingGeneralAndAdministrativeExpenses": 156017000, "otherExpenses": 699537000, "operatingExpenses": 855554000, "costAndExpenses": 1618228000, "interestIncome": -4564000, "interestExpense": 241044000, "depreciationAndAmortization": 699324000, "ebitda": 1240413000, "ebitdaratio": 0.5790334575, "operatingIncome": 497286000, "operatingIncomeRatio": 0.2321365803, "totalOtherIncomeExpensesNet": 159296000, "incomeBeforeTax": 442237000, "incomeBeforeTaxRatio": 0.2064393223, "incomeTaxExpense": 10385000, "netIncome": 426187000, "netIncomeRatio": 0.1989470702, "eps": 2.21, "epsdiluted": 2.2, "weightedAverageShsOut": 149953662, "weightedAverageShsOutDil": 150679688, "link": "https://www.sec.gov/Archives/edgar/data/1297996/000129799617000020/0001297996-17-000020-index.htm", "finalLink": "https://www.sec.gov/Archives/edgar/data/1297996/000129799617000020/dlr12311610k.htm", "calculatedOtherExpenses": 726236000, "calculatedOperatingExpenses": 882253000, "calculatedNetInterest": -245608000, "calculatedOtherIncome": 190559000, "calculatedIncomeNonControlling": 5665000, "calculatedEbitda": 1196610000}, {"date": "2015-12-31", "symbol": "DLR", "reportedCurrency": "USD", "cik": "0001297996", "fillingDate": "2016-02-29", "acceptedDate": "2016-02-29 17:45:50", "calendarYear": "2015", "period": "FY", "revenue": 1763336000, "costOfRevenue": 642473000, "grossProfit": 1120863000, "grossProfitRatio": 0.6356491332, "researchAndDevelopmentExpenses": 0, "generalAndAdministrativeExpenses": 109212000, "sellingAndMarketingExpenses": 0, "sellingGeneralAndAdministrativeExpenses": 109212000, "otherExpenses": 631470000, "operatingExpenses": 740682000, "costAndExpenses": 1383155000, "interestIncome": -2381000, "interestExpense": 203816000, "depreciationAndAmortization": 570527000, "ebitda": 966199000, "ebitdaratio": 0.5479381128, "operatingIncome": 401911000, "operatingIncomeRatio": 0.2279264984, "totalOtherIncomeExpensesNet": 131677000, "incomeBeforeTax": 308042000, "incomeBeforeTaxRatio": 0.1746927415, "incomeTaxExpense": 6452000, "netIncome": 296688000, "netIncomeRatio": 0.1682538098, "eps": 1.57, "epsdiluted": 1.56, "weightedAverageShsOut": 138247606, "weightedAverageShsOutDil": 138865421, "link": "https://www.sec.gov/Archives/edgar/data/1297996/000129799616000124/0001297996-16-000124-index.htm", "finalLink": "https://www.sec.gov/Archives/edgar/data/1297996/000129799616000124/dlr12311510k.htm", "calculatedOtherExpenses": 609740000, "calculatedOperatingExpenses": 718952000, "calculatedNetInterest": -206197000, "calculatedOtherIncome": 112328000, "calculatedIncomeNonControlling": 4902000, "calculatedEbitda": 972438000}, {"date": "2014-12-31", "symbol": "DLR", "reportedCurrency": "USD", "cik": "0001297996", "fillingDate": "2015-03-02", "acceptedDate": "2015-03-02 17:07:00", "calendarYear": "2014", "period": "FY", "revenue": 1616438000, "costOfRevenue": 595056000, "grossProfit": 1021382000, "grossProfitRatio": 0.6318720545, "researchAndDevelopmentExpenses": 0, "generalAndAdministrativeExpenses": 89141000, "sellingAndMarketingExpenses": 0, "sellingGeneralAndAdministrativeExpenses": 89141000, "otherExpenses": 541205000, "operatingExpenses": 630346000, "costAndExpenses": 1225402000, "interestIncome": 2663000, "interestExpense": 191085000, "depreciationAndAmortization": 538513000, "ebitda": 945501000, "ebitdaratio": 0.5849287136, "operatingIncome": 258666000, "operatingIncomeRatio": 0.1600222217, "totalOtherIncomeExpensesNet": 6039000, "incomeBeforeTax": 208653000, "incomeBeforeTaxRatio": 0.1290819691, "incomeTaxExpense": 5238000, "netIncome": 200186000, "netIncomeRatio": 0.1238439086, "eps": 1, "epsdiluted": 1, "weightedAverageShsOut": 132635894, "weightedAverageShsOutDil": 132852966, "link": "https://www.sec.gov/Archives/edgar/data/1297996/000129799615000010/0001297996-15-000010-index.htm", "finalLink": "https://www.sec.gov/Archives/edgar/data/1297996/000129799615000010/dlr12311410k.htm", "calculatedOtherExpenses": 673575000, "calculatedOperatingExpenses": 762716000, "calculatedNetInterest": -188422000, "calculatedOtherIncome": 138409000, "calculatedIncomeNonControlling": 3229000, "calculatedEbitda": 797179000}, {"date": "2013-12-31", "symbol": "DLR", "reportedCurrency": "USD", "cik": "0001297996", "fillingDate": "2014-03-03", "acceptedDate": "2014-02-28 21:05:59", "calendarYear": "2013", "period": "FY", "revenue": 1482259000, "costOfRevenue": 545919000, "grossProfit": 936340000, "grossProfitRatio": 0.6316979691, "researchAndDevelopmentExpenses": 0, "generalAndAdministrativeExpenses": 74396000, "sellingAndMarketingExpenses": 0, "sellingGeneralAndAdministrativeExpenses": 74396000, "otherExpenses": 475527000, "operatingExpenses": 549923000, "costAndExpenses": 1095842000, "interestIncome": 139000, "interestExpense": 189399000, "depreciationAndAmortization": 475464000, "ebitda": 871816000, "ebitdaratio": 0.5881671152, "operatingIncome": 381812000, "operatingIncomeRatio": 0.2575879114, "totalOtherIncomeExpensesNet": 124584000, "incomeBeforeTax": 321741000, "incomeBeforeTaxRatio": 0.2170612558, "incomeTaxExpense": 1292000, "netIncome": 314488000, "netIncomeRatio": 0.2121680489, "eps": 2.12, "epsdiluted": 2.12, "weightedAverageShsOut": 127941134, "weightedAverageShsOutDil": 128127641, "link": "https://www.sec.gov/Archives/edgar/data/1297996/000119312514078397/0001193125-14-078397-index.htm", "finalLink": "https://www.sec.gov/Archives/edgar/data/1297996/000119312514078397/d681374d10k.htm", "calculatedOtherExpenses": 480132000, "calculatedOperatingExpenses": 554528000, "calculatedNetInterest": -189260000, "calculatedOtherIncome": 129189000, "calculatedIncomeNonControlling": 5961000, "calculatedEbitda": 857276000}, {"date": "2012-12-31", "symbol": "DLR", "reportedCurrency": "USD", "cik": "0001297996", "fillingDate": "2013-02-28", "acceptedDate": "2013-02-28 17:28:11", "calendarYear": "2012", "period": "FY", "revenue": 1279067000, "costOfRevenue": 451247000, "grossProfit": 827820000, "grossProfitRatio": 0.6472061276, "researchAndDevelopmentExpenses": 0, "generalAndAdministrativeExpenses": 72598000, "sellingAndMarketingExpenses": 0, "sellingGeneralAndAdministrativeExpenses": 72598000, "otherExpenses": 383813000, "operatingExpenses": 456411000, "costAndExpenses": 907658000, "interestIncome": 1892000, "interestExpense": 157224000, "depreciationAndAmortization": 382553000, "ebitda": 764105000, "ebitdaratio": 0.5973924744, "operatingIncome": 366078000, "operatingIncomeRatio": 0.2862070556, "totalOtherIncomeExpensesNet": 2501000, "incomeBeforeTax": 218694000, "incomeBeforeTaxRatio": 0.1709793154, "incomeTaxExpense": 2647000, "netIncome": 210334000, "netIncomeRatio": 0.1644433013, "eps": 1.48, "epsdiluted": 1.48, "weightedAverageShsOut": 115678062, "weightedAverageShsOutDil": 116062510, "link": "https://www.sec.gov/Archives/edgar/data/1297996/000119312513084894/0001193125-13-084894-index.htm", "finalLink": "https://www.sec.gov/Archives/edgar/data/1297996/000119312513084894/d476084d10k.htm", "calculatedOtherExpenses": 389144000, "calculatedOperatingExpenses": 461742000, "calculatedNetInterest": -155332000, "calculatedOtherIncome": 7948000, "calculatedIncomeNonControlling": 5713000, "calculatedEbitda": 748631000}, {"date": "2011-12-31", "symbol": "DLR", "reportedCurrency": "USD", "cik": "0001297996", "fillingDate": "2012-02-28", "acceptedDate": "2012-02-27 21:46:42", "calendarYear": "2011", "period": "FY", "revenue": 1062710000, "costOfRevenue": 380583000, "grossProfit": 682127000, "grossProfitRatio": 0.6418750176, "researchAndDevelopmentExpenses": 0, "generalAndAdministrativeExpenses": 67302000, "sellingAndMarketingExpenses": 0, "sellingGeneralAndAdministrativeExpenses": 67302000, "otherExpenses": 310425000, "operatingExpenses": 377727000, "costAndExpenses": 758310000, "interestIncome": 3260000, "interestExpense": 149350000, "depreciationAndAmortization": 302488000, "ebitda": 623037000, "ebitdaratio": 0.5862718898, "operatingIncome": 304310000, "operatingIncomeRatio": 0.286352815, "totalOtherIncomeExpensesNet": 3774000, "incomeBeforeTax": 162084000, "incomeBeforeTaxRatio": 0.152519502, "incomeTaxExpense": -42000, "netIncome": 156265000, "netIncomeRatio": 0.1470438784, "eps": 1.33, "epsdiluted": 1.32, "weightedAverageShsOut": 98405375, "weightedAverageShsOutDil": 99169749, "link": "https://www.sec.gov/Archives/edgar/data/1297996/000119312512082659/0001193125-12-082659-index.htm", "finalLink": "https://www.sec.gov/Archives/edgar/data/1297996/000119312512082659/d263690d10k.htm", "calculatedOtherExpenses": 310515000, "calculatedOperatingExpenses": 377817000, "calculatedNetInterest": -146090000, "calculatedOtherIncome": 3864000, "calculatedIncomeNonControlling": 5861000, "calculatedEbitda": 606798000}, {"date": "2010-12-31", "symbol": "DLR", "reportedCurrency": "USD", "cik": "0001297996", "fillingDate": "2011-02-25", "acceptedDate": "2011-02-25 17:14:48", "calendarYear": "2010", "period": "FY", "revenue": 865401000, "costOfRevenue": 296199000, "grossProfit": 569202000, "grossProfitRatio": 0.6577320803, "researchAndDevelopmentExpenses": 0, "generalAndAdministrativeExpenses": 62767000, "sellingAndMarketingExpenses": 0, "sellingGeneralAndAdministrativeExpenses": 62767000, "otherExpenses": 263903000, "operatingExpenses": 326670000, "costAndExpenses": 622869000, "interestIncome": 616000, "interestExpense": 137384000, "depreciationAndAmortization": 255586000, "ebitda": 512305000, "ebitdaratio": 0.5919856806, "operatingIncome": 242306000, "operatingIncomeRatio": 0.2799927432, "totalOtherIncomeExpensesNet": 1499000, "incomeBeforeTax": 107263000, "incomeBeforeTaxRatio": 0.1239460088, "incomeTaxExpense": 1851000, "netIncome": 102294000, "netIncomeRatio": 0.118204162, "eps": 0.69, "epsdiluted": 0.68, "weightedAverageShsOut": 84275498, "weightedAverageShsOutDil": 86013471, "link": "https://www.sec.gov/Archives/edgar/data/1297996/000119312511047638/0001193125-11-047638-index.htm", "finalLink": "https://www.sec.gov/Archives/edgar/data/1297996/000119312511047638/d10k.htm", "calculatedOtherExpenses": 264129000, "calculatedOperatingExpenses": 326896000, "calculatedNetInterest": -136768000, "calculatedOtherIncome": 1725000, "calculatedIncomeNonControlling": 3118000, "calculatedEbitda": 497892000}, {"date": "2009-12-31", "symbol": "DLR", "reportedCurrency": "USD", "cik": "0001297996", "fillingDate": "2010-02-26", "acceptedDate": "2010-02-26 17:11:44", "calendarYear": "2009", "period": "FY", "revenue": 637142000, "costOfRevenue": 176238000, "grossProfit": 460904000, "grossProfitRatio": 0.7233929014, "researchAndDevelopmentExpenses": 0, "generalAndAdministrativeExpenses": 48276000, "sellingAndMarketingExpenses": 0, "sellingGeneralAndAdministrativeExpenses": 48276000, "otherExpenses": 198052000, "operatingExpenses": 283115000, "costAndExpenses": 459353000, "interestIncome": 753000, "interestExpense": 88442000, "depreciationAndAmortization": 198052000, "ebitda": 378766000, "ebitdaratio": 0.5944765845, "operatingIncome": 177789000, "operatingIncomeRatio": 0.2790414068, "totalOtherIncomeExpensesNet": 2172000, "incomeBeforeTax": 92272000, "incomeBeforeTaxRatio": 0.1448217195, "incomeTaxExpense": 1038000, "netIncome": 87662000, "netIncomeRatio": 0.1375862837, "eps": 0.62, "epsdiluted": 0.61, "weightedAverageShsOut": 75950370, "weightedAverageShsOutDil": 77020890, "link": "https://www.sec.gov/Archives/edgar/data/1297996/000119312510043123/0001193125-10-043123-index.htm", "finalLink": "https://www.sec.gov/Archives/edgar/data/1297996/000119312510043123/d10k.htm", "calculatedOtherExpenses": 234839000, "calculatedOperatingExpenses": 283115000, "calculatedNetInterest": -87689000, "calculatedOtherIncome": 2172000, "calculatedIncomeNonControlling": 3572000, "calculatedEbitda": 375841000}, {"date": "2008-12-31", "symbol": "DLR", "reportedCurrency": "USD", "cik": "0001297996", "fillingDate": "2009-03-02", "acceptedDate": "2009-03-02 16:46:52", "calendarYear": "2008", "period": "FY", "revenue": 527445000, "costOfRevenue": 182607000, "grossProfit": 344838000, "grossProfitRatio": 0.6537894946, "researchAndDevelopmentExpenses": 0, "generalAndAdministrativeExpenses": 43577000, "sellingAndMarketingExpenses": 0, "sellingGeneralAndAdministrativeExpenses": 43577000, "otherExpenses": 172280000, "operatingExpenses": 400101000, "costAndExpenses": 400101000, "interestIncome": 2106000, "interestExpense": 61090000, "depreciationAndAmortization": 172280000, "ebitda": 295331000, "ebitdaratio": 0.5599275754, "operatingIncome": 127344000, "operatingIncomeRatio": 0.2414355999, "totalOtherIncomeExpensesNet": 4293000, "incomeBeforeTax": 70547000, "incomeBeforeTaxRatio": 0.1337523344, "incomeTaxExpense": 59683000, "netIncome": 67661000, "netIncomeRatio": 0.1282806738, "eps": 0.42, "epsdiluted": 0.41, "weightedAverageShsOut": 68829267, "weightedAverageShsOutDil": 70435760, "link": "https://www.sec.gov/Archives/edgar/data/1297996/000119312509042658/0001193125-09-042658-index.htm", "finalLink": "https://www.sec.gov/Archives/edgar/data/1297996/000119312509042658/d10k.htm", "calculatedOtherExpenses": 173917000, "calculatedOperatingExpenses": 217494000, "calculatedNetInterest": -58984000, "calculatedOtherIncome": 2187000, "calculatedIncomeNonControlling": -56797000, "calculatedEbitda": 299624000}, {"date": "2007-12-31", "symbol": "DLR", "reportedCurrency": "USD", "cik": "0001297996", "fillingDate": "2008-02-29", "acceptedDate": "2008-02-29 16:59:44", "calendarYear": "2007", "period": "FY", "revenue": 395247000, "costOfRevenue": 108744000, "grossProfit": 286503000, "grossProfitRatio": 0.724870777, "researchAndDevelopmentExpenses": 0, "generalAndAdministrativeExpenses": 31600000, "sellingAndMarketingExpenses": 0, "sellingGeneralAndAdministrativeExpenses": 31600000, "otherExpenses": 276758000, "operatingExpenses": 308358000, "costAndExpenses": 308358000, "interestIncome": 0, "interestExpense": -64404000, "depreciationAndAmortization": 81280000, "ebitda": 220834000, "ebitdaratio": 0.5587240384, "operatingIncome": 86889000, "operatingIncomeRatio": 0.2198346857, "totalOtherIncomeExpensesNet": 449000, "incomeBeforeTax": 40592000, "incomeBeforeTaxRatio": 0.1027003368, "incomeTaxExpense": 99411000, "netIncome": 40592000, "netIncomeRatio": 0.1027003368, "eps": 0.31, "epsdiluted": 0.3, "weightedAverageShsOut": 60527625, "weightedAverageShsOutDil": 62572937, "link": "https://www.sec.gov/Archives/edgar/data/1297996/000119312508043850/0001193125-08-043850-index.htm", "finalLink": "https://www.sec.gov/Archives/edgar/data/1297996/000119312508043850/d10k.htm", "calculatedOtherExpenses": 168014000, "calculatedOperatingExpenses": 199614000, "calculatedNetInterest": 64404000, "calculatedOtherIncome": -110701000, "calculatedIncomeNonControlling": -99411000, "calculatedEbitda": 168169000}, {"date": "2006-12-31", "symbol": "DLR", "reportedCurrency": "USD", "cik": "0001297996", "fillingDate": "2007-03-01", "acceptedDate": "2007-03-01 16:26:08", "calendarYear": "2006", "period": "FY", "revenue": 281903000, "costOfRevenue": 61052000, "grossProfit": 220851000, "grossProfitRatio": 0.7834290518, "researchAndDevelopmentExpenses": 0, "generalAndAdministrativeExpenses": 20441000, "sellingAndMarketingExpenses": 0, "sellingGeneralAndAdministrativeExpenses": 20441000, "otherExpenses": 183381000, "operatingExpenses": 203822000, "costAndExpenses": 203822000, "interestIncome": 0, "interestExpense": -51924000, "depreciationAndAmortization": 52795000, "ebitda": 168894000, "ebitdaratio": 0.5991209742, "operatingIncome": 77554000, "operatingIncomeRatio": 0.275108814, "totalOtherIncomeExpensesNet": -877000, "incomeBeforeTax": 31392000, "incomeBeforeTaxRatio": 0.1113574527, "incomeTaxExpense": 83830000, "netIncome": 31392000, "netIncomeRatio": 0.1113574527, "eps": 0.49, "epsdiluted": 0.47, "weightedAverageShsOut": 36134983, "weightedAverageShsOutDil": 37442192, "link": "https://www.sec.gov/Archives/edgar/data/1297996/000119312507044416/0001193125-07-044416-index.htm", "finalLink": "https://www.sec.gov/Archives/edgar/data/1297996/000119312507044416/d10k.htm", "calculatedOtherExpenses": 122856000, "calculatedOperatingExpenses": 143297000, "calculatedNetInterest": 51924000, "calculatedOtherIncome": -98086000, "calculatedIncomeNonControlling": -83830000, "calculatedEbitda": 130349000}, {"date": "2005-12-31", "symbol": "DLR", "reportedCurrency": "USD", "cik": "0001297996", "fillingDate": "2006-03-16", "acceptedDate": "2006-03-16 14:11:24", "calendarYear": "2005", "period": "FY", "revenue": 208809000, "costOfRevenue": 34889000, "grossProfit": 173920000, "grossProfitRatio": 0.8329142901, "researchAndDevelopmentExpenses": 0, "generalAndAdministrativeExpenses": 12615000, "sellingAndMarketingExpenses": 0, "sellingGeneralAndAdministrativeExpenses": 12615000, "otherExpenses": 132715000, "operatingExpenses": 145330000, "costAndExpenses": 145330000, "interestIncome": 0, "interestExpense": 0, "depreciationAndAmortization": 33750000, "ebitda": 125711000, "ebitdaratio": 0.6020382263, "operatingIncome": 63479000, "operatingIncomeRatio": 0.3040050956, "totalOtherIncomeExpensesNet": -145204000, "incomeBeforeTax": 16101000, "incomeBeforeTaxRatio": 0.0771087453, "incomeTaxExpense": -69344000, "netIncome": 16101000, "netIncomeRatio": 0.0771087453, "eps": 0.25, "epsdiluted": 0.25, "weightedAverageShsOut": 23986288, "weightedAverageShsOutDil": 24221732, "link": "https://www.sec.gov/Archives/edgar/data/1297996/000119312506056430/0001193125-06-056430-index.htm", "finalLink": "https://www.sec.gov/Archives/edgar/data/1297996/000119312506056430/d10k.htm", "calculatedOtherExpenses": 97826000, "calculatedOperatingExpenses": 110441000, "calculatedNetInterest": 0, "calculatedOtherIncome": -47378000, "calculatedIncomeNonControlling": 69344000, "calculatedEbitda": 97229000}, {"date": "2004-12-31", "symbol": "DLR", "reportedCurrency": "USD", "cik": "0001297996", "fillingDate": "2005-03-31", "acceptedDate": "2005-03-31 16:57:46", "calendarYear": "2004", "period": "FY", "revenue": 107121000, "costOfRevenue": 0, "grossProfit": 107121000, "grossProfitRatio": 1, "researchAndDevelopmentExpenses": 0, "generalAndAdministrativeExpenses": 21017000, "sellingAndMarketingExpenses": 0, "sellingGeneralAndAdministrativeExpenses": 21017000, "otherExpenses": 67324000, "operatingExpenses": 88341000, "costAndExpenses": 88341000, "interestIncome": 0, "interestExpense": 10091000, "depreciationAndAmortization": 18254000, "ebitda": 50178000, "ebitdaratio": 0.4684235584, "operatingIncome": 18780000, "operatingIncomeRatio": 0.1753157644, "totalOtherIncomeExpensesNet": -2138000, "incomeBeforeTax": 16642000, "incomeBeforeTaxRatio": 0.1553570262, "incomeTaxExpense": 25229000, "netIncome": 4557000, "netIncomeRatio": 0.0425406783, "eps": -0.3, "epsdiluted": -0.3, "weightedAverageShsOut": 20770875, "weightedAverageShsOutDil": 20770875, "link": "https://www.sec.gov/Archives/edgar/data/1297996/000119312505067198/0001193125-05-067198-index.htm", "finalLink": "https://www.sec.gov/Archives/edgar/data/1297996/000119312505067198/d10k.htm", "calculatedOtherExpenses": 67324000, "calculatedOperatingExpenses": 88341000, "calculatedNetInterest": -10091000, "calculatedOtherIncome": 7953000, "calculatedIncomeNonControlling": -13144000, "calculatedEbitda": 37034000}, {"date": "2003-12-31", "symbol": "DLR", "reportedCurrency": "USD", "cik": "0001297996", "fillingDate": "2003-12-31", "acceptedDate": "2003-12-30 19:00:00", "calendarYear": "2003", "period": "FY", "revenue": 63088000, "costOfRevenue": 8624000, "grossProfit": 54464000, "grossProfitRatio": 0.8633020543, "researchAndDevelopmentExpenses": 0, "generalAndAdministrativeExpenses": 0, "sellingAndMarketingExpenses": 0, "sellingGeneralAndAdministrativeExpenses": 329000, "otherExpenses": 27582000, "operatingExpenses": 27582000, "costAndExpenses": 36206000, "interestIncome": 0, "interestExpense": 0, "depreciationAndAmortization": 9480000, "ebitda": 43177000, "ebitdaratio": 0.6843932285, "operatingIncome": 26882000, "operatingIncomeRatio": 0.4261032209, "totalOtherIncomeExpensesNet": 0, "incomeBeforeTax": 0, "incomeBeforeTaxRatio": 0, "incomeTaxExpense": 17055000, "netIncome": 16642000, "netIncomeRatio": 0.2637902612, "eps": 0.83, "epsdiluted": 0.83, "weightedAverageShsOut": 20000000, "weightedAverageShsOutDil": 20000000, "link": "", "finalLink": "", "calculatedOtherExpenses": 27253000, "calculatedOperatingExpenses": 27582000, "calculatedNetInterest": 0, "calculatedOtherIncome": -26882000, "calculatedIncomeNonControlling": -33697000, "calculatedEbitda": 36362000}, {"date": "2002-12-31", "symbol": "DLR", "reportedCurrency": "USD", "cik": "0001297996", "fillingDate": "2002-12-31", "acceptedDate": "2002-12-30 19:00:00", "calendarYear": "2002", "period": "FY", "revenue": 25504000, "costOfRevenue": 0, "grossProfit": 25504000, "grossProfitRatio": 1, "researchAndDevelopmentExpenses": 0, "generalAndAdministrativeExpenses": 0, "sellingAndMarketingExpenses": 0, "sellingGeneralAndAdministrativeExpenses": 249000, "otherExpenses": 0, "operatingExpenses": 20177000, "costAndExpenses": 20177000, "interestIncome": 0, "interestExpense": 0, "depreciationAndAmortization": 7659000, "ebitda": 12986000, "ebitdaratio": 0.5091750314, "operatingIncome": 5327000, "operatingIncomeRatio": 0.208869197, "totalOtherIncomeExpensesNet": 0, "incomeBeforeTax": 0, "incomeBeforeTaxRatio": 0, "incomeTaxExpense": 5388000, "netIncome": -61000, "netIncomeRatio": -0.0023917817, "eps": -0.0031, "epsdiluted": -0.0031, "weightedAverageShsOut": 20000000, "weightedAverageShsOutDil": 20000000, "link": "", "finalLink": "", "calculatedOtherExpenses": 19928000, "calculatedOperatingExpenses": 20177000, "calculatedNetInterest": 0, "calculatedOtherIncome": -5327000, "calculatedIncomeNonControlling": -5327000, "calculatedEbitda": 12986000}]}