{"originalCurrency": "USD", "convertedCurrency": "USD", "report": [{"date": "2024-02-03", "symbol": "DLTR", "reportedCurrency": "USD", "cik": "0000935703", "fillingDate": "2024-03-20", "acceptedDate": "2024-03-20 16:30:22", "calendarYear": "2023", "period": "FY", "revenue": 30603800000, "costOfRevenue": 21293900000, "grossProfit": 9309900000, "grossProfitRatio": 0.3042073207, "researchAndDevelopmentExpenses": 0, "generalAndAdministrativeExpenses": 8501600000, "sellingAndMarketingExpenses": 109600000, "sellingGeneralAndAdministrativeExpenses": 8611200000, "otherExpenses": -100000, "operatingExpenses": 8611200000, "costAndExpenses": 29905100000, "interestIncome": 0, "interestExpense": 112700000, "depreciationAndAmortization": 841000000, "ebitda": 1539700000, "ebitdaratio": 0.0503107457, "operatingIncome": 698700000, "operatingIncomeRatio": 0.0228304982, "totalOtherIncomeExpensesNet": -1687400000, "incomeBeforeTax": -988700000, "incomeBeforeTaxRatio": -0.0323064456, "incomeTaxExpense": 9700000, "netIncome": -998400000, "netIncomeRatio": -0.0326233997, "eps": -4.55, "epsdiluted": -4.55, "weightedAverageShsOut": 219500000, "weightedAverageShsOutDil": 219500000, "link": "https://www.sec.gov/Archives/edgar/data/935703/000093570324000011/0000935703-24-000011-index.htm", "finalLink": "https://www.sec.gov/Archives/edgar/data/935703/000093570324000011/dltr-20240203.htm", "calculatedOtherExpenses": 0, "calculatedOperatingExpenses": 8611200000, "calculatedNetInterest": -112700000, "calculatedOtherIncome": -1574700000, "calculatedIncomeNonControlling": 0, "calculatedEbitda": 1539700000}, {"date": "2023-01-28", "symbol": "DLTR", "reportedCurrency": "USD", "cik": "0000935703", "fillingDate": "2023-03-10", "acceptedDate": "2023-03-10 16:04:41", "calendarYear": "2022", "period": "FY", "revenue": 28331700000, "costOfRevenue": 19396300000, "grossProfit": 8935400000, "grossProfitRatio": 0.3153852399, "researchAndDevelopmentExpenses": 0, "generalAndAdministrativeExpenses": 6599600000, "sellingAndMarketingExpenses": 99500000, "sellingGeneralAndAdministrativeExpenses": 6699100000, "otherExpenses": -400000, "operatingExpenses": 6699100000, "costAndExpenses": 26095400000, "interestIncome": 125300000, "interestExpense": 125300000, "depreciationAndAmortization": 767500000, "ebitda": 3003800000, "ebitdaratio": 0.1060225825, "operatingIncome": 2236300000, "operatingIncomeRatio": 0.0789327855, "totalOtherIncomeExpensesNet": -125700000, "incomeBeforeTax": 2110600000, "incomeBeforeTaxRatio": 0.0744960592, "incomeTaxExpense": 495200000, "netIncome": 1615400000, "netIncomeRatio": 0.0570174045, "eps": 7.24, "epsdiluted": 7.21, "weightedAverageShsOut": 223200000, "weightedAverageShsOutDil": 224100000, "link": "https://www.sec.gov/Archives/edgar/data/935703/000093570323000016/0000935703-23-000016-index.htm", "finalLink": "https://www.sec.gov/Archives/edgar/data/935703/000093570323000016/dltr-20230128.htm", "calculatedOtherExpenses": 0, "calculatedOperatingExpenses": 6699100000, "calculatedNetInterest": 0, "calculatedOtherIncome": -125700000, "calculatedIncomeNonControlling": 0, "calculatedEbitda": 3003800000}, {"date": "2022-01-29", "symbol": "DLTR", "reportedCurrency": "USD", "cik": "0000935703", "fillingDate": "2022-03-15", "acceptedDate": "2022-03-15 08:07:20", "calendarYear": "2021", "period": "FY", "revenue": 26321200000, "costOfRevenue": 18583900000, "grossProfit": 7737300000, "grossProfitRatio": 0.2939569624, "researchAndDevelopmentExpenses": 0, "generalAndAdministrativeExpenses": 5925900000, "sellingAndMarketingExpenses": -4364900000, "sellingGeneralAndAdministrativeExpenses": 5925900000, "otherExpenses": -300000, "operatingExpenses": 5925900000, "costAndExpenses": 24509800000, "interestIncome": 132400000, "interestExpense": 178900000, "depreciationAndAmortization": 715700000, "ebitda": 2527100000, "ebitdaratio": 0.0960100603, "operatingIncome": 1811400000, "operatingIncomeRatio": 0.0688190508, "totalOtherIncomeExpensesNet": -179200000, "incomeBeforeTax": 1632200000, "incomeBeforeTaxRatio": 0.0620108506, "incomeTaxExpense": 304300000, "netIncome": 1327900000, "netIncomeRatio": 0.0504498275, "eps": 5.83, "epsdiluted": 5.8, "weightedAverageShsOut": 227900000, "weightedAverageShsOutDil": 229000000, "link": "https://www.sec.gov/Archives/edgar/data/935703/000093570322000020/0000935703-22-000020-index.htm", "finalLink": "https://www.sec.gov/Archives/edgar/data/935703/000093570322000020/dltr-20220129.htm", "calculatedOtherExpenses": 0, "calculatedOperatingExpenses": 5925900000, "calculatedNetInterest": -46500000, "calculatedOtherIncome": -132700000, "calculatedIncomeNonControlling": 0, "calculatedEbitda": 2527100000}, {"date": "2021-01-30", "symbol": "DLTR", "reportedCurrency": "USD", "cik": "0000935703", "fillingDate": "2021-03-16", "acceptedDate": "2021-03-16 08:50:43", "calendarYear": "2020", "period": "FY", "revenue": 25509300000, "costOfRevenue": 17721000000, "grossProfit": 7788300000, "grossProfitRatio": 0.3053121803, "researchAndDevelopmentExpenses": 0, "generalAndAdministrativeExpenses": 5819600000, "sellingAndMarketingExpenses": 80800000, "sellingGeneralAndAdministrativeExpenses": 5900400000, "otherExpenses": -800000, "operatingExpenses": 5900400000, "costAndExpenses": 23621400000, "interestIncome": 147300000, "interestExpense": 147300000, "depreciationAndAmortization": 685800000, "ebitda": 2573700000, "ebitdaratio": 0.1008926156, "operatingIncome": 1887900000, "operatingIncomeRatio": 0.0740083029, "totalOtherIncomeExpensesNet": -148100000, "incomeBeforeTax": 1739800000, "incomeBeforeTaxRatio": 0.0682025771, "incomeTaxExpense": 397900000, "netIncome": 1341900000, "netIncomeRatio": 0.0526043443, "eps": 5.68, "epsdiluted": 5.65, "weightedAverageShsOut": 236400000, "weightedAverageShsOutDil": 237300000, "link": "https://www.sec.gov/Archives/edgar/data/935703/000093570321000014/0000935703-21-000014-index.htm", "finalLink": "https://www.sec.gov/Archives/edgar/data/935703/000093570321000014/dltr-20210130.htm", "calculatedOtherExpenses": 0, "calculatedOperatingExpenses": 5900400000, "calculatedNetInterest": 0, "calculatedOtherIncome": -148100000, "calculatedIncomeNonControlling": 0, "calculatedEbitda": 2573700000}, {"date": "2020-02-01", "symbol": "DLTR", "reportedCurrency": "USD", "cik": "0000935703", "fillingDate": "2020-03-20", "acceptedDate": "2020-03-20 09:00:36", "calendarYear": "2019", "period": "FY", "revenue": 23610800000, "costOfRevenue": 16570100000, "grossProfit": 7040700000, "grossProfitRatio": 0.2981982821, "researchAndDevelopmentExpenses": 0, "generalAndAdministrativeExpenses": 5362600000, "sellingAndMarketingExpenses": 102900000, "sellingGeneralAndAdministrativeExpenses": 5465500000, "otherExpenses": -1400000, "operatingExpenses": 5465500000, "costAndExpenses": 22035600000, "interestIncome": 162100000, "interestExpense": 162100000, "depreciationAndAmortization": 957000000, "ebitda": 2219200000, "ebitdaratio": 0.0939908855, "operatingIncome": 1262200000, "operatingIncomeRatio": 0.0534585867, "totalOtherIncomeExpensesNet": -163500000, "incomeBeforeTax": 1098700000, "incomeBeforeTaxRatio": 0.0465337896, "incomeTaxExpense": 271700000, "netIncome": 827000000, "netIncomeRatio": 0.0350263439, "eps": 3.49, "epsdiluted": 3.47, "weightedAverageShsOut": 237200000, "weightedAverageShsOutDil": 238300000, "link": "https://www.sec.gov/Archives/edgar/data/935703/000093570320000006/0000935703-20-000006-index.htm", "finalLink": "https://www.sec.gov/Archives/edgar/data/935703/000093570320000006/dltr-2020x02x01x10k.htm", "calculatedOtherExpenses": 313000000, "calculatedOperatingExpenses": 5778500000, "calculatedNetInterest": 0, "calculatedOtherIncome": -163500000, "calculatedIncomeNonControlling": 0, "calculatedEbitda": 2219200000}, {"date": "2019-02-02", "symbol": "DLTR", "reportedCurrency": "USD", "cik": "0000935703", "fillingDate": "2019-03-27", "acceptedDate": "2019-03-27 17:26:05", "calendarYear": "2018", "period": "FY", "revenue": 22823300000, "costOfRevenue": 15875800000, "grossProfit": 6947500000, "grossProfitRatio": 0.3044038329, "researchAndDevelopmentExpenses": 0, "generalAndAdministrativeExpenses": 5060100000, "sellingAndMarketingExpenses": 99900000, "sellingGeneralAndAdministrativeExpenses": 5160000000, "otherExpenses": 500000, "operatingExpenses": 5160000000, "costAndExpenses": 21035800000, "interestIncome": 0, "interestExpense": 370000000, "depreciationAndAmortization": 621100000, "ebitda": 2409100000, "ebitdaratio": 0.1055544115, "operatingIncome": 1788000000, "operatingIncomeRatio": 0.0783409936, "totalOtherIncomeExpensesNet": -3097000000, "incomeBeforeTax": -1309000000, "incomeBeforeTaxRatio": -0.0573536693, "incomeTaxExpense": 281800000, "netIncome": -1590800000, "netIncomeRatio": -0.0697007006, "eps": -6.69, "epsdiluted": -6.66, "weightedAverageShsOut": 237900000, "weightedAverageShsOutDil": 238700000, "link": "https://www.sec.gov/Archives/edgar/data/935703/000093570319000024/0000935703-19-000024-index.htm", "finalLink": "https://www.sec.gov/Archives/edgar/data/935703/000093570319000024/dltr-2019x02x02x10k.htm", "calculatedOtherExpenses": -500000, "calculatedOperatingExpenses": 5159500000, "calculatedNetInterest": -370000000, "calculatedOtherIncome": -2727000000, "calculatedIncomeNonControlling": 0, "calculatedEbitda": 2409100000}, {"date": "2018-02-03", "symbol": "DLTR", "reportedCurrency": "USD", "cik": "0000935703", "fillingDate": "2018-03-16", "acceptedDate": "2018-03-16 09:18:52", "calendarYear": "2017", "period": "FY", "revenue": 22245500000, "costOfRevenue": 15223600000, "grossProfit": 7021900000, "grossProfitRatio": 0.3156548515, "researchAndDevelopmentExpenses": 0, "generalAndAdministrativeExpenses": 4898000000, "sellingAndMarketingExpenses": 106300000, "sellingGeneralAndAdministrativeExpenses": 5004300000, "otherExpenses": 6700000, "operatingExpenses": 5004300000, "costAndExpenses": 20227900000, "interestIncome": 0, "interestExpense": 301800000, "depreciationAndAmortization": 611200000, "ebitda": 2635500000, "ebitdaratio": 0.1184733991, "operatingIncome": 1999100000, "operatingIncomeRatio": 0.089865366, "totalOtherIncomeExpensesNet": -11800000, "incomeBeforeTax": 1704000000, "incomeBeforeTaxRatio": 0.0765997617, "incomeTaxExpense": -10300000, "netIncome": 1714300000, "netIncomeRatio": 0.0770627767, "eps": 7.24, "epsdiluted": 7.21, "weightedAverageShsOut": 236800000, "weightedAverageShsOutDil": 237700000, "link": "https://www.sec.gov/Archives/edgar/data/935703/000093570318000013/0000935703-18-000013-index.htm", "finalLink": "https://www.sec.gov/Archives/edgar/data/935703/000093570318000013/dltr-2018x02x03x10k.htm", "calculatedOtherExpenses": 18500000, "calculatedOperatingExpenses": 5022800000, "calculatedNetInterest": -301800000, "calculatedOtherIncome": 6700000, "calculatedIncomeNonControlling": 0, "calculatedEbitda": 2610300000}, {"date": "2017-01-28", "symbol": "DLTR", "reportedCurrency": "USD", "cik": "0000935703", "fillingDate": "2017-03-28", "acceptedDate": "2017-03-28 16:33:05", "calendarYear": "2016", "period": "FY", "revenue": 20719200000, "costOfRevenue": 14324500000, "grossProfit": 6394700000, "grossProfitRatio": 0.3086364338, "researchAndDevelopmentExpenses": 0, "generalAndAdministrativeExpenses": 4629800000, "sellingAndMarketingExpenses": 60100000, "sellingGeneralAndAdministrativeExpenses": 4689900000, "otherExpenses": 100000, "operatingExpenses": 4689900000, "costAndExpenses": 19014400000, "interestIncome": 0, "interestExpense": 375500000, "depreciationAndAmortization": 637500000, "ebitda": 2342400000, "ebitdaratio": 0.1130545581, "operatingIncome": 1704800000, "operatingIncomeRatio": 0.0822811692, "totalOtherIncomeExpensesNet": 100000, "incomeBeforeTax": 1329400000, "incomeBeforeTaxRatio": 0.064162709, "incomeTaxExpense": 433200000, "netIncome": 896200000, "netIncomeRatio": 0.0432545658, "eps": 3.8, "epsdiluted": 3.78, "weightedAverageShsOut": 235700000, "weightedAverageShsOutDil": 236800000, "link": "https://www.sec.gov/Archives/edgar/data/935703/000093570317000011/0000935703-17-000011-index.htm", "finalLink": "https://www.sec.gov/Archives/edgar/data/935703/000093570317000011/dltr-2017x01x28x10k.htm", "calculatedOtherExpenses": 0, "calculatedOperatingExpenses": 4689900000, "calculatedNetInterest": -375500000, "calculatedOtherIncome": 100000, "calculatedIncomeNonControlling": 0, "calculatedEbitda": 2342300000}, {"date": "2016-01-30", "symbol": "DLTR", "reportedCurrency": "USD", "cik": "0000935703", "fillingDate": "2016-03-28", "acceptedDate": "2016-03-28 17:05:51", "calendarYear": "2015", "period": "FY", "revenue": 15498400000, "costOfRevenue": 10841700000, "grossProfit": 4656700000, "grossProfitRatio": 0.3004632736, "researchAndDevelopmentExpenses": 0, "generalAndAdministrativeExpenses": 3574500000, "sellingAndMarketingExpenses": 32500000, "sellingGeneralAndAdministrativeExpenses": 3607000000, "otherExpenses": -2100000, "operatingExpenses": 3607000000, "costAndExpenses": 14448700000, "interestIncome": 0, "interestExpense": 599400000, "depreciationAndAmortization": 487600000, "ebitda": 1535200000, "ebitdaratio": 0.0990553864, "operatingIncome": 1049700000, "operatingIncomeRatio": 0.0677295721, "totalOtherIncomeExpensesNet": -2100000, "incomeBeforeTax": 448200000, "incomeBeforeTaxRatio": 0.0289191142, "incomeTaxExpense": 165800000, "netIncome": 282400000, "netIncomeRatio": 0.0182212357, "eps": 1.27, "epsdiluted": 1.26, "weightedAverageShsOut": 222500000, "weightedAverageShsOutDil": 223500000, "link": "https://www.sec.gov/Archives/edgar/data/935703/000093570316000127/0000935703-16-000127-index.htm", "finalLink": "https://www.sec.gov/Archives/edgar/data/935703/000093570316000127/dltr-2016x01x30x10k.htm", "calculatedOtherExpenses": 0, "calculatedOperatingExpenses": 3607000000, "calculatedNetInterest": -599400000, "calculatedOtherIncome": -2100000, "calculatedIncomeNonControlling": 0, "calculatedEbitda": 1537300000}, {"date": "2015-01-31", "symbol": "DLTR", "reportedCurrency": "USD", "cik": "0000935703", "fillingDate": "2015-03-13", "acceptedDate": "2015-03-13 09:14:43", "calendarYear": "2014", "period": "FY", "revenue": 8602200000, "costOfRevenue": 5568200000, "grossProfit": 3034000000, "grossProfitRatio": 0.352700472, "researchAndDevelopmentExpenses": 0, "generalAndAdministrativeExpenses": 1947200000, "sellingAndMarketingExpenses": 18100000, "sellingGeneralAndAdministrativeExpenses": 1965300000, "otherExpenses": -5900000, "operatingExpenses": 1965300000, "costAndExpenses": 7533500000, "interestIncome": 0, "interestExpense": 33400000, "depreciationAndAmortization": 205900000, "ebitda": 1268700000, "ebitdaratio": 0.147485527, "operatingIncome": 1068700000, "operatingIncomeRatio": 0.1242356606, "totalOtherIncomeExpensesNet": -5900000, "incomeBeforeTax": 1029400000, "incomeBeforeTaxRatio": 0.1196670619, "incomeTaxExpense": 383800000, "netIncome": 645600000, "netIncomeRatio": 0.0750505685, "eps": 3.13, "epsdiluted": 3.12, "weightedAverageShsOut": 206000000, "weightedAverageShsOutDil": 207000000, "link": "https://www.sec.gov/Archives/edgar/data/935703/000093570315000034/0000935703-15-000034-index.htm", "finalLink": "https://www.sec.gov/Archives/edgar/data/935703/000093570315000034/dltr-2015x01x31x10k.htm", "calculatedOtherExpenses": 0, "calculatedOperatingExpenses": 1965300000, "calculatedNetInterest": -33400000, "calculatedOtherIncome": -5900000, "calculatedIncomeNonControlling": 0, "calculatedEbitda": 1274600000}, {"date": "2014-02-01", "symbol": "DLTR", "reportedCurrency": "USD", "cik": "0000935703", "fillingDate": "2014-03-14", "acceptedDate": "2014-03-14 09:07:32", "calendarYear": "2013", "period": "FY", "revenue": 7840300000, "costOfRevenue": 5050500000, "grossProfit": 2789800000, "grossProfitRatio": 0.3558282209, "researchAndDevelopmentExpenses": 0, "generalAndAdministrativeExpenses": 1804600000, "sellingAndMarketingExpenses": 14900000, "sellingGeneralAndAdministrativeExpenses": 1819500000, "otherExpenses": -600000, "operatingExpenses": 1819500000, "costAndExpenses": 6870000000, "interestIncome": 0, "interestExpense": 15400000, "depreciationAndAmortization": 190500000, "ebitda": 1160200000, "ebitdaratio": 0.1479790314, "operatingIncome": 970300000, "operatingIncomeRatio": 0.1237580195, "totalOtherIncomeExpensesNet": -600000, "incomeBeforeTax": 954300000, "incomeBeforeTaxRatio": 0.1217172812, "incomeTaxExpense": 357600000, "netIncome": 596700000, "netIncomeRatio": 0.0761067816, "eps": 2.74, "epsdiluted": 2.72, "weightedAverageShsOut": 218100000, "weightedAverageShsOutDil": 219100000, "link": "https://www.sec.gov/Archives/edgar/data/935703/000093570314000008/0000935703-14-000008-index.htm", "finalLink": "https://www.sec.gov/Archives/edgar/data/935703/000093570314000008/dltr-2014x02x01x10k.htm", "calculatedOtherExpenses": 0, "calculatedOperatingExpenses": 1819500000, "calculatedNetInterest": -15400000, "calculatedOtherIncome": -600000, "calculatedIncomeNonControlling": 0, "calculatedEbitda": 1160800000}, {"date": "2013-02-02", "symbol": "DLTR", "reportedCurrency": "USD", "cik": "0000935703", "fillingDate": "2013-03-15", "acceptedDate": "2013-03-15 08:45:57", "calendarYear": "2012", "period": "FY", "revenue": 7394500000, "costOfRevenue": 4741800000, "grossProfit": 2652700000, "grossProfitRatio": 0.3587396038, "researchAndDevelopmentExpenses": 0, "generalAndAdministrativeExpenses": 1719100000, "sellingAndMarketingExpenses": 13500000, "sellingGeneralAndAdministrativeExpenses": 1732600000, "otherExpenses": 61600000, "operatingExpenses": 1732600000, "costAndExpenses": 6474400000, "interestIncome": 0, "interestExpense": 2800000, "depreciationAndAmortization": 175300000, "ebitda": 1157000000, "ebitdaratio": 0.1564676449, "operatingIncome": 920100000, "operatingIncomeRatio": 0.1244303198, "totalOtherIncomeExpensesNet": 61600000, "incomeBeforeTax": 978900000, "incomeBeforeTaxRatio": 0.1323821759, "incomeTaxExpense": 359600000, "netIncome": 619300000, "netIncomeRatio": 0.0837514369, "eps": 2.7, "epsdiluted": 2.68, "weightedAverageShsOut": 229300000, "weightedAverageShsOutDil": 230700000, "link": "https://www.sec.gov/Archives/edgar/data/935703/000093570313000014/0000935703-13-000014-index.htm", "finalLink": "https://www.sec.gov/Archives/edgar/data/935703/000093570313000014/dltr-2013x02x02x10k.htm", "calculatedOtherExpenses": 0, "calculatedOperatingExpenses": 1732600000, "calculatedNetInterest": -2800000, "calculatedOtherIncome": 61600000, "calculatedIncomeNonControlling": 0, "calculatedEbitda": 1095400000}, {"date": "2012-01-28", "symbol": "DLTR", "reportedCurrency": "USD", "cik": "0000935703", "fillingDate": "2012-03-15", "acceptedDate": "2012-03-15 17:26:40", "calendarYear": "2011", "period": "FY", "revenue": 6630500000, "costOfRevenue": 4252200000, "grossProfit": 2378300000, "grossProfitRatio": 0.3586908981, "researchAndDevelopmentExpenses": 0, "generalAndAdministrativeExpenses": 0, "sellingAndMarketingExpenses": 0, "sellingGeneralAndAdministrativeExpenses": 1596200000, "otherExpenses": 300000, "operatingExpenses": 1596200000, "costAndExpenses": 5848400000, "interestIncome": 0, "interestExpense": 2900000, "depreciationAndAmortization": 163900000, "ebitda": 946300000, "ebitdaratio": 0.1427192519, "operatingIncome": 782100000, "operatingIncomeRatio": 0.1179549054, "totalOtherIncomeExpensesNet": 300000, "incomeBeforeTax": 779500000, "incomeBeforeTaxRatio": 0.1175627781, "incomeTaxExpense": 291200000, "netIncome": 488300000, "netIncomeRatio": 0.0736445215, "eps": 2.03, "epsdiluted": 2.02, "weightedAverageShsOut": 240600000, "weightedAverageShsOutDil": 242400000, "link": "https://www.sec.gov/Archives/edgar/data/935703/000093570312000007/0000935703-12-000007-index.htm", "finalLink": "https://www.sec.gov/Archives/edgar/data/935703/000093570312000007/form10k.htm", "calculatedOtherExpenses": 0, "calculatedOperatingExpenses": 1596200000, "calculatedNetInterest": -2900000, "calculatedOtherIncome": 300000, "calculatedIncomeNonControlling": 0, "calculatedEbitda": 946000000}, {"date": "2011-01-29", "symbol": "DLTR", "reportedCurrency": "USD", "cik": "0000935703", "fillingDate": "2011-03-17", "acceptedDate": "2011-03-17 16:02:21", "calendarYear": "2010", "period": "FY", "revenue": 5882400000, "costOfRevenue": 3794800000, "grossProfit": 2087600000, "grossProfitRatio": 0.3548891609, "researchAndDevelopmentExpenses": 0, "generalAndAdministrativeExpenses": 0, "sellingAndMarketingExpenses": 0, "sellingGeneralAndAdministrativeExpenses": 1457600000, "otherExpenses": 0, "operatingExpenses": 1457600000, "costAndExpenses": 5252400000, "interestIncome": 0, "interestExpense": 100000, "depreciationAndAmortization": 159700000, "ebitda": 795200000, "ebitdaratio": 0.1351829185, "operatingIncome": 630000000, "operatingIncomeRatio": 0.1070991432, "totalOtherIncomeExpensesNet": -5500000, "incomeBeforeTax": 629900000, "incomeBeforeTaxRatio": 0.1070821433, "incomeTaxExpense": 232600000, "netIncome": 397300000, "netIncomeRatio": 0.0675404597, "eps": 1.57, "epsdiluted": 1.55, "weightedAverageShsOut": 254200000, "weightedAverageShsOutDil": 256000000, "link": "https://www.sec.gov/Archives/edgar/data/935703/000093570311000014/0000935703-11-000014-index.htm", "finalLink": "https://www.sec.gov/Archives/edgar/data/935703/000093570311000014/form10k.htm", "calculatedOtherExpenses": 0, "calculatedOperatingExpenses": 1457600000, "calculatedNetInterest": -100000, "calculatedOtherIncome": 0, "calculatedIncomeNonControlling": 0, "calculatedEbitda": 789700000}, {"date": "2010-01-30", "symbol": "DLTR", "reportedCurrency": "USD", "cik": "0000935703", "fillingDate": "2010-03-19", "acceptedDate": "2010-03-19 08:59:38", "calendarYear": "2009", "period": "FY", "revenue": 5231200000, "costOfRevenue": 3374400000, "grossProfit": 1856800000, "grossProfitRatio": 0.3549472396, "researchAndDevelopmentExpenses": 0, "generalAndAdministrativeExpenses": 0, "sellingAndMarketingExpenses": 0, "sellingGeneralAndAdministrativeExpenses": 1344000000, "otherExpenses": 0, "operatingExpenses": 1344000000, "costAndExpenses": 4718400000, "interestIncome": 1900000, "interestExpense": 5200000, "depreciationAndAmortization": 157800000, "ebitda": 670600000, "ebitdaratio": 0.1281923842, "operatingIncome": 512800000, "operatingIncomeRatio": 0.0980272213, "totalOtherIncomeExpensesNet": -5200000, "incomeBeforeTax": 507600000, "incomeBeforeTaxRatio": 0.0970331855, "incomeTaxExpense": 187100000, "netIncome": 320500000, "netIncomeRatio": 0.0612670133, "eps": 1.2, "epsdiluted": 1.19, "weightedAverageShsOut": 268200000, "weightedAverageShsOutDil": 270000000, "link": "https://www.sec.gov/Archives/edgar/data/935703/000093570310000010/0000935703-10-000010-index.htm", "finalLink": "https://www.sec.gov/Archives/edgar/data/935703/000093570310000010/form10k.htm", "calculatedOtherExpenses": 0, "calculatedOperatingExpenses": 1344000000, "calculatedNetInterest": -3300000, "calculatedOtherIncome": -1900000, "calculatedIncomeNonControlling": 0, "calculatedEbitda": 670600000}, {"date": "2009-01-31", "symbol": "DLTR", "reportedCurrency": "USD", "cik": "0000935703", "fillingDate": "2009-03-26", "acceptedDate": "2009-03-26 16:50:34", "calendarYear": "2008", "period": "FY", "revenue": 4644900000, "costOfRevenue": 3052700000, "grossProfit": 1592200000, "grossProfitRatio": 0.3427845594, "researchAndDevelopmentExpenses": 0, "generalAndAdministrativeExpenses": 0, "sellingAndMarketingExpenses": 0, "sellingGeneralAndAdministrativeExpenses": 1226400000, "otherExpenses": 0, "operatingExpenses": 1226400000, "costAndExpenses": 4279100000, "interestIncome": 2600000, "interestExpense": 6700000, "depreciationAndAmortization": 161700000, "ebitda": 527500000, "ebitdaratio": 0.1135654158, "operatingIncome": 365800000, "operatingIncomeRatio": 0.078753041, "totalOtherIncomeExpensesNet": -6700000, "incomeBeforeTax": 359100000, "incomeBeforeTaxRatio": 0.0773105987, "incomeTaxExpense": 129600000, "netIncome": 229500000, "netIncomeRatio": 0.0494090293, "eps": 0.85, "epsdiluted": 0.84, "weightedAverageShsOut": 270900000, "weightedAverageShsOutDil": 272400000, "link": "https://www.sec.gov/Archives/edgar/data/935703/000093570309000013/0000935703-09-000013-index.htm", "finalLink": "https://www.sec.gov/Archives/edgar/data/935703/000093570309000013/form10k.htm", "calculatedOtherExpenses": 0, "calculatedOperatingExpenses": 1226400000, "calculatedNetInterest": -4100000, "calculatedOtherIncome": -2600000, "calculatedIncomeNonControlling": 0, "calculatedEbitda": 527500000}, {"date": "2008-02-02", "symbol": "DLTR", "reportedCurrency": "USD", "cik": "0000935703", "fillingDate": "2008-04-01", "acceptedDate": "2008-04-01 16:07:00", "calendarYear": "2007", "period": "FY", "revenue": 4242600000, "costOfRevenue": 2781500000, "grossProfit": 1461100000, "grossProfitRatio": 0.3443878754, "researchAndDevelopmentExpenses": 0, "generalAndAdministrativeExpenses": 0, "sellingAndMarketingExpenses": 0, "sellingGeneralAndAdministrativeExpenses": 1130800000, "otherExpenses": 0, "operatingExpenses": 1130800000, "costAndExpenses": 3912300000, "interestIncome": 6700000, "interestExpense": 10500000, "depreciationAndAmortization": 159300000, "ebitda": 489600000, "ebitdaratio": 0.1154009334, "operatingIncome": 330300000, "operatingIncomeRatio": 0.0778532032, "totalOtherIncomeExpensesNet": -10500000, "incomeBeforeTax": 319800000, "incomeBeforeTaxRatio": 0.0753783058, "incomeTaxExpense": 118500000, "netIncome": 201300000, "netIncomeRatio": 0.04744732, "eps": 0.7, "epsdiluted": 0.7, "weightedAverageShsOut": 287700000, "weightedAverageShsOutDil": 289200000, "link": "https://www.sec.gov/Archives/edgar/data/935703/000093570308000048/0000935703-08-000048-index.htm", "finalLink": "https://www.sec.gov/Archives/edgar/data/935703/000093570308000048/form10k.htm", "calculatedOtherExpenses": 0, "calculatedOperatingExpenses": 1130800000, "calculatedNetInterest": -3800000, "calculatedOtherIncome": -6700000, "calculatedIncomeNonControlling": 0, "calculatedEbitda": 489600000}, {"date": "2007-02-03", "symbol": "DLTR", "reportedCurrency": "USD", "cik": "0000935703", "fillingDate": "2007-04-04", "acceptedDate": "2007-04-03 18:19:31", "calendarYear": "2006", "period": "FY", "revenue": 3969400000, "costOfRevenue": 2612200000, "grossProfit": 1357200000, "grossProfitRatio": 0.3419156548, "researchAndDevelopmentExpenses": 0, "generalAndAdministrativeExpenses": 0, "sellingAndMarketingExpenses": 0, "sellingGeneralAndAdministrativeExpenses": 1046400000, "otherExpenses": 0, "operatingExpenses": 1046400000, "costAndExpenses": 3658600000, "interestIncome": 8600000, "interestExpense": 7900000, "depreciationAndAmortization": 159000000, "ebitda": 469800000, "ebitdaratio": 0.118355419, "operatingIncome": 310800000, "operatingIncomeRatio": 0.0782989873, "totalOtherIncomeExpensesNet": -7900000, "incomeBeforeTax": 302900000, "incomeBeforeTaxRatio": 0.076308762, "incomeTaxExpense": 110900000, "netIncome": 192000000, "netIncomeRatio": 0.0483700307, "eps": 0.62, "epsdiluted": 0.62, "weightedAverageShsOut": 309600000, "weightedAverageShsOutDil": 311400000, "link": "https://www.sec.gov/Archives/edgar/data/935703/000093570307000017/0000935703-07-000017-index.htm", "finalLink": "https://www.sec.gov/Archives/edgar/data/935703/000093570307000017/form10k.htm", "calculatedOtherExpenses": 0, "calculatedOperatingExpenses": 1046400000, "calculatedNetInterest": 700000, "calculatedOtherIncome": -8600000, "calculatedIncomeNonControlling": 0, "calculatedEbitda": 469800000}, {"date": "2006-01-28", "symbol": "DLTR", "reportedCurrency": "USD", "cik": "0000935703", "fillingDate": "2006-04-12", "acceptedDate": "2006-04-12 16:17:24", "calendarYear": "2005", "period": "FY", "revenue": 3393924000, "costOfRevenue": 2221561000, "grossProfit": 1172363000, "grossProfitRatio": 0.3454299507, "researchAndDevelopmentExpenses": 0, "generalAndAdministrativeExpenses": 0, "sellingAndMarketingExpenses": 0, "sellingGeneralAndAdministrativeExpenses": 889124000, "otherExpenses": 0, "operatingExpenses": 889124000, "costAndExpenses": 3110685000, "interestIncome": 6020000, "interestExpense": 8021000, "depreciationAndAmortization": 140717000, "ebitda": 423956000, "ebitdaratio": 0.1249161737, "operatingIncome": 283239000, "operatingIncomeRatio": 0.0834547267, "totalOtherIncomeExpensesNet": -8021000, "incomeBeforeTax": 275218000, "incomeBeforeTaxRatio": 0.0810913857, "incomeTaxExpense": 101300000, "netIncome": 173918000, "netIncomeRatio": 0.0512439289, "eps": 0.54, "epsdiluted": 0.53, "weightedAverageShsOut": 325005000, "weightedAverageShsOutDil": 326277000, "link": "https://www.sec.gov/Archives/edgar/data/935703/000093570306000017/0000935703-06-000017-index.htm", "finalLink": "https://www.sec.gov/Archives/edgar/data/935703/000093570306000017/dltr10k.htm", "calculatedOtherExpenses": 0, "calculatedOperatingExpenses": 889124000, "calculatedNetInterest": -2001000, "calculatedOtherIncome": -6020000, "calculatedIncomeNonControlling": 0, "calculatedEbitda": 423956000}, {"date": "2005-01-29", "symbol": "DLTR", "reportedCurrency": "USD", "cik": "0000935703", "fillingDate": "2005-04-14", "acceptedDate": "2005-04-14 16:40:49", "calendarYear": "2004", "period": "FY", "revenue": 3126009000, "costOfRevenue": 2013470000, "grossProfit": 1112539000, "grossProfitRatio": 0.3558975678, "researchAndDevelopmentExpenses": 0, "generalAndAdministrativeExpenses": 0, "sellingAndMarketingExpenses": 0, "sellingGeneralAndAdministrativeExpenses": 818988000, "otherExpenses": 0, "operatingExpenses": 818988000, "costAndExpenses": 2832458000, "interestIncome": 3860000, "interestExpense": 5381000, "depreciationAndAmortization": 129291000, "ebitda": 421785000, "ebitdaratio": 0.1349276346, "operatingIncome": 293551000, "operatingIncomeRatio": 0.0939059996, "totalOtherIncomeExpensesNet": 1057000, "incomeBeforeTax": 288170000, "incomeBeforeTaxRatio": 0.0921846354, "incomeTaxExpense": 107920000, "netIncome": 180250000, "netIncomeRatio": 0.0576613823, "eps": 0.53, "epsdiluted": 0.53, "weightedAverageShsOut": 339885000, "weightedAverageShsOutDil": 341958000, "link": "https://www.sec.gov/Archives/edgar/data/935703/000119312505076605/0001193125-05-076605-index.htm", "finalLink": "https://www.sec.gov/Archives/edgar/data/935703/000119312505076605/d10k.htm", "calculatedOtherExpenses": 0, "calculatedOperatingExpenses": 818988000, "calculatedNetInterest": -1521000, "calculatedOtherIncome": -3860000, "calculatedIncomeNonControlling": 0, "calculatedEbitda": 422842000}, {"date": "2004-01-31", "symbol": "DLTR", "reportedCurrency": "USD", "cik": "0000935703", "fillingDate": "2004-04-23", "acceptedDate": "2004-04-23 08:49:24", "calendarYear": "2003", "period": "FY", "revenue": 2799872000, "costOfRevenue": 1787052000, "grossProfit": 1012820000, "grossProfitRatio": 0.3617379652, "researchAndDevelopmentExpenses": 0, "generalAndAdministrativeExpenses": 0, "sellingAndMarketingExpenses": 0, "sellingGeneralAndAdministrativeExpenses": 719223000, "otherExpenses": 0, "operatingExpenses": 719223000, "costAndExpenses": 2506275000, "interestIncome": 0, "interestExpense": 4845000, "depreciationAndAmortization": 101495000, "ebitda": 394203000, "ebitdaratio": 0.140793222, "operatingIncome": 293597000, "operatingIncomeRatio": 0.1048608651, "totalOtherIncomeExpensesNet": 889000, "incomeBeforeTax": 288752000, "incomeBeforeTaxRatio": 0.1031304288, "incomeTaxExpense": 111169000, "netIncome": 177583000, "netIncomeRatio": 0.0634253994, "eps": 0.52, "epsdiluted": 0.51, "weightedAverageShsOut": 343709032, "weightedAverageShsOutDil": 345940909, "link": "https://www.sec.gov/Archives/edgar/data/935703/000093570304000037/0000935703-04-000037-index.htm", "finalLink": "https://www.sec.gov/Archives/edgar/data/935703/000093570304000037/form10ka.htm", "calculatedOtherExpenses": 0, "calculatedOperatingExpenses": 719223000, "calculatedNetInterest": -4845000, "calculatedOtherIncome": 0, "calculatedIncomeNonControlling": 0, "calculatedEbitda": 395092000}, {"date": "2002-12-31", "symbol": "DLTR", "reportedCurrency": "USD", "cik": "0000935703", "fillingDate": "2003-03-28", "acceptedDate": "2003-03-27 18:06:35", "calendarYear": "2002", "period": "FY", "revenue": 2329188000, "costOfRevenue": 1481232000, "grossProfit": 847956000, "grossProfitRatio": 0.3640564866, "researchAndDevelopmentExpenses": 0, "generalAndAdministrativeExpenses": 55000000, "sellingAndMarketingExpenses": 539035000, "sellingGeneralAndAdministrativeExpenses": 594035000, "otherExpenses": 0, "operatingExpenses": 594035000, "costAndExpenses": 2075267000, "interestIncome": 0, "interestExpense": 1000000, "depreciationAndAmortization": 71615000, "ebitda": 327005000, "ebitdaratio": 0.1403944207, "operatingIncome": 253921000, "operatingIncomeRatio": 0.1090169621, "totalOtherIncomeExpensesNet": -1469000, "incomeBeforeTax": 251459000, "incomeBeforeTaxRatio": 0.1079599414, "incomeTaxExpense": 96812000, "netIncome": 154647000, "netIncomeRatio": 0.0663952416, "eps": 0.45, "epsdiluted": 0.45, "weightedAverageShsOut": 338335000, "weightedAverageShsOutDil": 343660000, "link": "https://www.sec.gov/Archives/edgar/data/935703/000093570303000010/0000935703-03-000010-index.htm", "finalLink": "https://www.sec.gov/Archives/edgar/data/935703/000093570303000010/form10k032703.txt", "calculatedOtherExpenses": 0, "calculatedOperatingExpenses": 594035000, "calculatedNetInterest": -1000000, "calculatedOtherIncome": -1462000, "calculatedIncomeNonControlling": 0, "calculatedEbitda": 325536000}, {"date": "2001-12-31", "symbol": "DLTR", "reportedCurrency": "USD", "cik": "0000935703", "fillingDate": "2002-03-14", "acceptedDate": "2002-03-14 00:00:00", "calendarYear": "2001", "period": "FY", "revenue": 1987271000, "costOfRevenue": 1271314000, "grossProfit": 715957000, "grossProfitRatio": 0.3602714476, "researchAndDevelopmentExpenses": 0, "generalAndAdministrativeExpenses": 0, "sellingAndMarketingExpenses": 0, "sellingGeneralAndAdministrativeExpenses": 458329000, "otherExpenses": 53763000, "operatingExpenses": 512092000, "costAndExpenses": 1783406000, "interestIncome": 0, "interestExpense": 3614000, "depreciationAndAmortization": 53763000, "ebitda": 259351000, "ebitdaratio": 0.1305061061, "operatingIncome": 203865000, "operatingIncomeRatio": 0.1025854048, "totalOtherIncomeExpensesNet": -1723000, "incomeBeforeTax": 200251000, "incomeBeforeTaxRatio": 0.1007668305, "incomeTaxExpense": 77170000, "netIncome": 123081000, "netIncomeRatio": 0.0619346833, "eps": 0.37, "epsdiluted": 0.36, "weightedAverageShsOut": 335675455, "weightedAverageShsOutDil": 338755046, "link": "https://www.sec.gov/Archives/edgar/data/935703/000093570302000009/0000935703-02-000009-index.htm", "finalLink": "https://www.sec.gov/Archives/edgar/data/935703/000093570302000009/dt0110k.txt", "calculatedOtherExpenses": 53763000, "calculatedOperatingExpenses": 512092000, "calculatedNetInterest": -3614000, "calculatedOtherIncome": 0, "calculatedIncomeNonControlling": 0, "calculatedEbitda": 257628000}, {"date": "2000-12-31", "symbol": "DLTR", "reportedCurrency": "USD", "cik": "0000935703", "fillingDate": "2001-03-30", "acceptedDate": "2001-03-30 00:00:00", "calendarYear": "2000", "period": "FY", "revenue": 1688105000, "costOfRevenue": 1063416000, "grossProfit": 624689000, "grossProfitRatio": 0.3700534031, "researchAndDevelopmentExpenses": 0, "generalAndAdministrativeExpenses": 0, "sellingAndMarketingExpenses": 0, "sellingGeneralAndAdministrativeExpenses": 375316000, "otherExpenses": 41971000, "operatingExpenses": 417287000, "costAndExpenses": 1480703000, "interestIncome": 0, "interestExpense": 8304000, "depreciationAndAmortization": 41971000, "ebitda": 253739000, "ebitdaratio": 0.1503099629, "operatingIncome": 207402000, "operatingIncomeRatio": 0.122860841, "totalOtherIncomeExpensesNet": -4366000, "incomeBeforeTax": 199485000, "incomeBeforeTaxRatio": 0.1181709669, "incomeTaxExpense": 77476000, "netIncome": 121622000, "netIncomeRatio": 0.0720464663, "eps": 0.39, "epsdiluted": 0.36, "weightedAverageShsOut": 310885345, "weightedAverageShsOutDil": 333913889, "link": "https://www.sec.gov/Archives/edgar/data/935703/000093570301500006/0000935703-01-500006-index.htm", "finalLink": "https://www.sec.gov/Archives/edgar/data/935703/000093570301500006/form10k.txt", "calculatedOtherExpenses": 41971000, "calculatedOperatingExpenses": 417287000, "calculatedNetInterest": -8304000, "calculatedOtherIncome": 387000, "calculatedIncomeNonControlling": 387000, "calculatedEbitda": 249373000}, {"date": "1999-12-31", "symbol": "DLTR", "reportedCurrency": "USD", "cik": "0000935703", "fillingDate": "2000-03-17", "acceptedDate": "2000-03-17 00:00:00", "calendarYear": "1999", "period": "FY", "revenue": 1198000000, "costOfRevenue": 746500000, "grossProfit": 451500000, "grossProfitRatio": 0.3768781302, "researchAndDevelopmentExpenses": 0, "generalAndAdministrativeExpenses": 0, "sellingAndMarketingExpenses": 0, "sellingGeneralAndAdministrativeExpenses": 259900000, "otherExpenses": 28100000, "operatingExpenses": 288000000, "costAndExpenses": 1034500000, "interestIncome": 0, "interestExpense": 3900000, "depreciationAndAmortization": 28100000, "ebitda": 192600000, "ebitdaratio": 0.1607679466, "operatingIncome": 163500000, "operatingIncomeRatio": 0.1364774624, "totalOtherIncomeExpensesNet": -1000000, "incomeBeforeTax": 159600000, "incomeBeforeTaxRatio": 0.1332220367, "incomeTaxExpense": 61100000, "netIncome": 98500000, "netIncomeRatio": 0.0822203673, "eps": 0.34, "epsdiluted": 0.31, "weightedAverageShsOut": 295693069, "weightedAverageShsOutDil": 324619565, "link": "https://www.sec.gov/Archives/edgar/data/935703/000093570300000011/0000935703-00-000011-index.html", "finalLink": "https://www.sec.gov/Archives/edgar/data/935703/000093570300000011/", "calculatedOtherExpenses": 28100000, "calculatedOperatingExpenses": 288000000, "calculatedNetInterest": -3900000, "calculatedOtherIncome": 0, "calculatedIncomeNonControlling": 0, "calculatedEbitda": 191600000}, {"date": "1998-12-31", "symbol": "DLTR", "reportedCurrency": "USD", "cik": "0000935703", "fillingDate": "1999-03-25", "acceptedDate": "1999-03-25 00:00:00", "calendarYear": "1998", "period": "FY", "revenue": 918800000, "costOfRevenue": 571000000, "grossProfit": 347800000, "grossProfitRatio": 0.3785372225, "researchAndDevelopmentExpenses": 0, "generalAndAdministrativeExpenses": 0, "sellingAndMarketingExpenses": 0, "sellingGeneralAndAdministrativeExpenses": 204200000, "otherExpenses": 20500000, "operatingExpenses": 224700000, "costAndExpenses": 795700000, "interestIncome": 0, "interestExpense": 9700000, "depreciationAndAmortization": 20500000, "ebitda": 148900000, "ebitdaratio": 0.1620592077, "operatingIncome": 123100000, "operatingIncomeRatio": 0.1339791032, "totalOtherIncomeExpensesNet": -5300000, "incomeBeforeTax": 113400000, "incomeBeforeTaxRatio": 0.1234218546, "incomeTaxExpense": 44500000, "netIncome": 68900000, "netIncomeRatio": 0.0749891162, "eps": 0.26, "epsdiluted": 0.24, "weightedAverageShsOut": 275332500, "weightedAverageShsOutDil": 304317000, "link": "https://www.sec.gov/Archives/edgar/data/935703/000093570399000019/0000935703-99-000019-index.html", "finalLink": "https://www.sec.gov/Archives/edgar/data/935703/", "calculatedOtherExpenses": 20500000, "calculatedOperatingExpenses": 224700000, "calculatedNetInterest": -9700000, "calculatedOtherIncome": 0, "calculatedIncomeNonControlling": 0, "calculatedEbitda": 143600000}, {"date": "1997-12-31", "symbol": "DLTR", "reportedCurrency": "USD", "cik": "0000935703", "fillingDate": "1998-03-30", "acceptedDate": "1998-03-30 00:00:00", "calendarYear": "1997", "period": "FY", "revenue": 635500000, "costOfRevenue": 397100000, "grossProfit": 238400000, "grossProfitRatio": 0.3751376869, "researchAndDevelopmentExpenses": 0, "generalAndAdministrativeExpenses": 0, "sellingAndMarketingExpenses": 0, "sellingGeneralAndAdministrativeExpenses": 143400000, "otherExpenses": 13100000, "operatingExpenses": 156500000, "costAndExpenses": 553600000, "interestIncome": 0, "interestExpense": 2900000, "depreciationAndAmortization": 13100000, "ebitda": 95000000, "ebitdaratio": 0.1494885917, "operatingIncome": 81900000, "operatingIncomeRatio": 0.1288749017, "totalOtherIncomeExpensesNet": -2900000, "incomeBeforeTax": 79000000, "incomeBeforeTaxRatio": 0.1243115657, "incomeTaxExpense": 30400000, "netIncome": 48600000, "netIncomeRatio": 0.0764752164, "eps": 0.19, "epsdiluted": 0.17, "weightedAverageShsOut": 273684211, "weightedAverageShsOutDil": 300000000, "link": "https://www.sec.gov/Archives/edgar/data/935703/000093570398000005/0000935703-98-000005-index.html", "finalLink": "https://www.sec.gov/Archives/edgar/data/935703/", "calculatedOtherExpenses": 13100000, "calculatedOperatingExpenses": 156500000, "calculatedNetInterest": -2900000, "calculatedOtherIncome": 0, "calculatedIncomeNonControlling": 0, "calculatedEbitda": 95000000}, {"date": "1996-12-31", "symbol": "DLTR", "reportedCurrency": "USD", "cik": "0000935703", "fillingDate": "1997-03-28", "acceptedDate": "1997-03-28 00:00:00", "calendarYear": "1996", "period": "FY", "revenue": 493000000, "costOfRevenue": 310900000, "grossProfit": 182100000, "grossProfitRatio": 0.3693711968, "researchAndDevelopmentExpenses": 0, "generalAndAdministrativeExpenses": 0, "sellingAndMarketingExpenses": 0, "sellingGeneralAndAdministrativeExpenses": 111400000, "otherExpenses": 10500000, "operatingExpenses": 121900000, "costAndExpenses": 432800000, "interestIncome": 0, "interestExpense": 5200000, "depreciationAndAmortization": 10500000, "ebitda": 70700000, "ebitdaratio": 0.1434077079, "operatingIncome": 60200000, "operatingIncomeRatio": 0.1221095335, "totalOtherIncomeExpensesNet": -5200000, "incomeBeforeTax": 55000000, "incomeBeforeTaxRatio": 0.1115618661, "incomeTaxExpense": 21200000, "netIncome": 33800000, "netIncomeRatio": 0.0685598377, "eps": 0.13, "epsdiluted": 0.12, "weightedAverageShsOut": 264750000, "weightedAverageShsOutDil": 294166667, "link": "https://www.sec.gov/Archives/edgar/data/935703/000093570397000018/0000935703-97-000018-index.html", "finalLink": "https://www.sec.gov/Archives/edgar/data/935703/", "calculatedOtherExpenses": 10500000, "calculatedOperatingExpenses": 121900000, "calculatedNetInterest": -5200000, "calculatedOtherIncome": 0, "calculatedIncomeNonControlling": 0, "calculatedEbitda": 70700000}, {"date": "1995-12-31", "symbol": "DLTR", "reportedCurrency": "USD", "cik": "0000935703", "fillingDate": "1995-12-31", "acceptedDate": "1995-12-30 19:00:00", "calendarYear": "1995", "period": "FY", "revenue": 300200000, "costOfRevenue": 187600000, "grossProfit": 112600000, "grossProfitRatio": 0.3750832778, "researchAndDevelopmentExpenses": 0, "generalAndAdministrativeExpenses": 0, "sellingAndMarketingExpenses": 0, "sellingGeneralAndAdministrativeExpenses": 70500000, "otherExpenses": 5500000, "operatingExpenses": 76000000, "costAndExpenses": 263600000, "interestIncome": 0, "interestExpense": 2500000, "depreciationAndAmortization": 5500000, "ebitda": 42100000, "ebitdaratio": 0.1402398401, "operatingIncome": 36600000, "operatingIncomeRatio": 0.1219187209, "totalOtherIncomeExpensesNet": -2500000, "incomeBeforeTax": 34100000, "incomeBeforeTaxRatio": 0.1135909394, "incomeTaxExpense": 13100000, "netIncome": 21000000, "netIncomeRatio": 0.0699533644, "eps": 0.0833, "epsdiluted": 0.0767, "weightedAverageShsOut": 252000000, "weightedAverageShsOutDil": 273913043, "link": "", "finalLink": "", "calculatedOtherExpenses": 5500000, "calculatedOperatingExpenses": 76000000, "calculatedNetInterest": -2500000, "calculatedOtherIncome": 0, "calculatedIncomeNonControlling": 0, "calculatedEbitda": 42100000}]}