{"originalCurrency": "USD", "convertedCurrency": "USD", "report": [{"date": "2023-12-31", "symbol": "DOC", "reportedCurrency": "USD", "cik": "0001574540", "fillingDate": "2024-02-22", "acceptedDate": "2024-02-22 16:11:13", "calendarYear": "2023", "period": "FY", "revenue": 2181003000, "costOfRevenue": 902060000, "grossProfit": 1278943000, "grossProfitRatio": 0.5864013025, "researchAndDevelopmentExpenses": 0, "generalAndAdministrativeExpenses": 95132000, "sellingAndMarketingExpenses": 8000000, "sellingGeneralAndAdministrativeExpenses": 95132000, "otherExpenses": 6808000, "operatingExpenses": 845033000, "costAndExpenses": 1747093000, "interestIncome": 0, "interestExpense": 200331000, "depreciationAndAmortization": 749901000, "ebitda": 1190619000, "ebitdaratio": 0.5459043385, "operatingIncome": 360802000, "operatingIncomeRatio": 0.1654293919, "totalOtherIncomeExpensesNet": 81357000, "incomeBeforeTax": 314936000, "incomeBeforeTaxRatio": 0.144399618, "incomeTaxExpense": -9617000, "netIncome": 306009000, "netIncomeRatio": 0.140306547, "eps": 0.56, "epsdiluted": 0.56, "weightedAverageShsOut": 547006000, "weightedAverageShsOutDil": 547275000, "link": "https://www.sec.gov/Archives/edgar/data/1574540/000157454024000041/0001574540-24-000041-index.htm", "finalLink": "https://www.sec.gov/Archives/edgar/data/1574540/000157454024000041/doc-20231231.htm", "calculatedOtherExpenses": 823009000, "calculatedOperatingExpenses": 918141000, "calculatedNetInterest": -200331000, "calculatedOtherIncome": 154465000, "calculatedIncomeNonControlling": 18544000, "calculatedEbitda": 1110703000}, {"date": "2022-12-31", "symbol": "DOC", "reportedCurrency": "USD", "cik": "0001574540", "fillingDate": "2023-02-24", "acceptedDate": "2023-02-24 08:37:11", "calendarYear": "2022", "period": "FY", "revenue": 526635000, "costOfRevenue": 171100000, "grossProfit": 355535000, "grossProfitRatio": 0.6751070476, "researchAndDevelopmentExpenses": 0, "generalAndAdministrativeExpenses": 40209000, "sellingAndMarketingExpenses": 7900000, "sellingGeneralAndAdministrativeExpenses": 40209000, "otherExpenses": 189641000, "operatingExpenses": 229850000, "costAndExpenses": 400950000, "interestIncome": 72234000, "interestExpense": 72234000, "depreciationAndAmortization": 189641000, "ebitda": 314536000, "ebitdaratio": 0.5972561641, "operatingIncome": 124895000, "operatingIncomeRatio": 0.2371566645, "totalOtherIncomeExpensesNet": -14859000, "incomeBeforeTax": 110036000, "incomeBeforeTaxRatio": 0.2089416769, "incomeTaxExpense": 72234000, "netIncome": 37802000, "netIncomeRatio": 0.0717802653, "eps": 0.0702, "epsdiluted": 0.0701, "weightedAverageShsOut": 538809000, "weightedAverageShsOutDil": 539147000, "link": "https://www.sec.gov/Archives/edgar/data/1574540/000157454023000026/0001574540-23-000026-index.htm", "finalLink": "https://www.sec.gov/Archives/edgar/data/1574540/000157454023000026/doc-20221231.htm", "calculatedOtherExpenses": 190431000, "calculatedOperatingExpenses": 230640000, "calculatedNetInterest": 0, "calculatedOtherIncome": -14859000, "calculatedIncomeNonControlling": 0, "calculatedEbitda": 314536000}, {"date": "2021-12-31", "symbol": "DOC", "reportedCurrency": "USD", "cik": "0001574540", "fillingDate": "2022-02-24", "acceptedDate": "2022-02-24 08:48:21", "calendarYear": "2021", "period": "FY", "revenue": 457699000, "costOfRevenue": 137408000, "grossProfit": 320291000, "grossProfitRatio": 0.69978523, "researchAndDevelopmentExpenses": 0, "generalAndAdministrativeExpenses": 37757000, "sellingAndMarketingExpenses": 8000000, "sellingGeneralAndAdministrativeExpenses": 37757000, "otherExpenses": 157870000, "operatingExpenses": 195627000, "costAndExpenses": 333035000, "interestIncome": 60136000, "interestExpense": 60136000, "depreciationAndAmortization": 157870000, "ebitda": 280964000, "ebitdaratio": 0.6138619486, "operatingIncome": 123094000, "operatingIncomeRatio": 0.2689409415, "totalOtherIncomeExpensesNet": -36311000, "incomeBeforeTax": 86783000, "incomeBeforeTaxRatio": 0.1896071436, "incomeTaxExpense": 61384000, "netIncome": 25399000, "netIncomeRatio": 0.055492802, "eps": 0.0471, "epsdiluted": 0.0471, "weightedAverageShsOut": 538930000, "weightedAverageShsOutDil": 539241000, "link": "https://www.sec.gov/Archives/edgar/data/1574540/000157454022000042/0001574540-22-000042-index.htm", "finalLink": "https://www.sec.gov/Archives/edgar/data/1574540/000157454022000042/doc-20211231.htm", "calculatedOtherExpenses": 159440000, "calculatedOperatingExpenses": 197197000, "calculatedNetInterest": 0, "calculatedOtherIncome": -36311000, "calculatedIncomeNonControlling": 0, "calculatedEbitda": 280964000}, {"date": "2020-12-31", "symbol": "DOC", "reportedCurrency": "USD", "cik": "0001574540", "fillingDate": "2021-02-26", "acceptedDate": "2021-02-26 08:59:56", "calendarYear": "2020", "period": "FY", "revenue": 437505000, "costOfRevenue": 128198000, "grossProfit": 309307000, "grossProfitRatio": 0.7069793488, "researchAndDevelopmentExpenses": 0, "generalAndAdministrativeExpenses": 33763000, "sellingAndMarketingExpenses": 6000000, "sellingGeneralAndAdministrativeExpenses": 33763000, "otherExpenses": 149590000, "operatingExpenses": 183353000, "costAndExpenses": 311551000, "interestIncome": 57179000, "interestExpense": 57179000, "depreciationAndAmortization": 149590000, "ebitda": 274287000, "ebitdaratio": 0.6269345493, "operatingIncome": 124697000, "operatingIncomeRatio": 0.2850184569, "totalOtherIncomeExpensesNet": -56209000, "incomeBeforeTax": 68488000, "incomeBeforeTaxRatio": 0.1565422109, "incomeTaxExpense": 58293000, "netIncome": 10195000, "netIncomeRatio": 0.0233025908, "eps": 0.0192, "epsdiluted": 0.0192, "weightedAverageShsOut": 530554999, "weightedAverageShsOutDil": 530554999, "link": "https://www.sec.gov/Archives/edgar/data/1574540/000157454021000038/0001574540-21-000038-index.htm", "finalLink": "https://www.sec.gov/Archives/edgar/data/1574540/000157454021000038/doc-20201231.htm", "calculatedOtherExpenses": 150847000, "calculatedOperatingExpenses": 184610000, "calculatedNetInterest": 0, "calculatedOtherIncome": -56209000, "calculatedIncomeNonControlling": 0, "calculatedEbitda": 274287000}, {"date": "2019-12-31", "symbol": "DOC", "reportedCurrency": "USD", "cik": "0001574540", "fillingDate": "2020-02-27", "acceptedDate": "2020-02-27 17:06:57", "calendarYear": "2019", "period": "FY", "revenue": 415281000, "costOfRevenue": 124819000, "grossProfit": 290462000, "grossProfitRatio": 0.6994348405, "researchAndDevelopmentExpenses": 0, "generalAndAdministrativeExpenses": 33099000, "sellingAndMarketingExpenses": 0, "sellingGeneralAndAdministrativeExpenses": 33099000, "otherExpenses": 146436000, "operatingExpenses": 179535000, "costAndExpenses": 304354000, "interestIncome": 10902000, "interestExpense": 65022000, "depreciationAndAmortization": 146436000, "ebitda": 257335000, "ebitdaratio": 0.6196647571, "operatingIncome": 110899000, "operatingIncomeRatio": 0.2670456871, "totalOtherIncomeExpensesNet": -33713000, "incomeBeforeTax": 77186000, "incomeBeforeTaxRatio": 0.185864511, "incomeTaxExpense": 67697000, "netIncome": 9489000, "netIncomeRatio": 0.0228495886, "eps": 0.0195, "epsdiluted": 0.0194, "weightedAverageShsOut": 486255000, "weightedAverageShsOutDil": 489335000, "link": "https://www.sec.gov/Archives/edgar/data/1574540/000157454020000015/0001574540-20-000015-index.htm", "finalLink": "https://www.sec.gov/Archives/edgar/data/1574540/000157454020000015/fy201910-k12312019.htm", "calculatedOtherExpenses": 146464000, "calculatedOperatingExpenses": 179563000, "calculatedNetInterest": -54120000, "calculatedOtherIncome": 20407000, "calculatedIncomeNonControlling": 0, "calculatedEbitda": 257335000}, {"date": "2018-12-31", "symbol": "DOC", "reportedCurrency": "USD", "cik": "0001574540", "fillingDate": "2019-02-28", "acceptedDate": "2019-02-28 17:10:19", "calendarYear": "2018", "period": "FY", "revenue": 422551000, "costOfRevenue": 122620000, "grossProfit": 299931000, "grossProfitRatio": 0.7098101768, "researchAndDevelopmentExpenses": 0, "generalAndAdministrativeExpenses": 28816000, "sellingAndMarketingExpenses": 0, "sellingGeneralAndAdministrativeExpenses": 28816000, "otherExpenses": 158389000, "operatingExpenses": 187205000, "costAndExpenses": 309825000, "interestIncome": 11556000, "interestExpense": 66183000, "depreciationAndAmortization": 158389000, "ebitda": 271229000, "ebitdaratio": 0.6418846482, "operatingIncome": 112726000, "operatingIncomeRatio": 0.2667748982, "totalOtherIncomeExpensesNet": 11778000, "incomeBeforeTax": 58321000, "incomeBeforeTaxRatio": 0.1380212093, "incomeTaxExpense": 11778000, "netIncome": 56230000, "netIncomeRatio": 0.1330726942, "eps": 0.31, "epsdiluted": 0.3, "weightedAverageShsOut": 182064064, "weightedAverageShsOutDil": 187526762, "link": "https://www.sec.gov/Archives/edgar/data/1574540/000157454019000013/0001574540-19-000013-index.htm", "finalLink": "https://www.sec.gov/Archives/edgar/data/1574540/000157454019000013/fy201810-k12312018.htm", "calculatedOtherExpenses": 158389000, "calculatedOperatingExpenses": 187205000, "calculatedNetInterest": -54627000, "calculatedOtherIncome": 222000, "calculatedIncomeNonControlling": -9687000, "calculatedEbitda": 271115000}, {"date": "2017-12-31", "symbol": "DOC", "reportedCurrency": "USD", "cik": "0001574540", "fillingDate": "2018-03-01", "acceptedDate": "2018-03-01 16:25:49", "calendarYear": "2017", "period": "FY", "revenue": 343584000, "costOfRevenue": 97035000, "grossProfit": 246549000, "grossProfitRatio": 0.7175799804, "researchAndDevelopmentExpenses": 0, "generalAndAdministrativeExpenses": 22957000, "sellingAndMarketingExpenses": 0, "sellingGeneralAndAdministrativeExpenses": 22957000, "otherExpenses": 125159000, "operatingExpenses": 148116000, "costAndExpenses": 245151000, "interestIncome": 8486000, "interestExpense": 47008000, "depreciationAndAmortization": 125159000, "ebitda": 223775000, "ebitdaratio": 0.6512963351, "operatingIncome": 98433000, "operatingIncomeRatio": 0.2864888935, "totalOtherIncomeExpensesNet": -11652000, "incomeBeforeTax": 39773000, "incomeBeforeTaxRatio": 0.1157591739, "incomeTaxExpense": 48818000, "netIncome": 38146000, "netIncomeRatio": 0.1110237962, "eps": 0.23, "epsdiluted": 0.23, "weightedAverageShsOut": 163123109, "weightedAverageShsOutDil": 168231299, "link": "https://www.sec.gov/Archives/edgar/data/1574540/000157454018000016/0001574540-18-000016-index.htm", "finalLink": "https://www.sec.gov/Archives/edgar/data/1574540/000157454018000016/fy201710-k12312017.htm", "calculatedOtherExpenses": 125159000, "calculatedOperatingExpenses": 148116000, "calculatedNetInterest": -38522000, "calculatedOtherIncome": -20138000, "calculatedIncomeNonControlling": -47191000, "calculatedEbitda": 223592000}, {"date": "2016-12-31", "symbol": "DOC", "reportedCurrency": "USD", "cik": "0001574540", "fillingDate": "2017-02-24", "acceptedDate": "2017-02-24 09:51:07", "calendarYear": "2016", "period": "FY", "revenue": 241034000, "costOfRevenue": 65999000, "grossProfit": 175035000, "grossProfitRatio": 0.7261838579, "researchAndDevelopmentExpenses": 0, "generalAndAdministrativeExpenses": 18397000, "sellingAndMarketingExpenses": 0, "sellingGeneralAndAdministrativeExpenses": 18397000, "otherExpenses": 86589000, "operatingExpenses": 104986000, "costAndExpenses": 170985000, "interestIncome": 8858000, "interestExpense": 23864000, "depreciationAndAmortization": 86589000, "ebitda": 156753000, "ebitdaratio": 0.6503356373, "operatingIncome": 70049000, "operatingIncomeRatio": 0.2906187509, "totalOtherIncomeExpensesNet": -14663000, "incomeBeforeTax": 31522000, "incomeBeforeTaxRatio": 0.1307782305, "incomeTaxExpense": 25520000, "netIncome": 29981000, "netIncomeRatio": 0.1243849415, "eps": 0.22, "epsdiluted": 0.22, "weightedAverageShsOut": 126143114, "weightedAverageShsOutDil": 130466893, "link": "https://www.sec.gov/Archives/edgar/data/1574540/000157454017000007/0001574540-17-000007-index.htm", "finalLink": "https://www.sec.gov/Archives/edgar/data/1574540/000157454017000007/fy201610-k12312016.htm", "calculatedOtherExpenses": 86589000, "calculatedOperatingExpenses": 104986000, "calculatedNetInterest": -15006000, "calculatedOtherIncome": -23521000, "calculatedIncomeNonControlling": -23979000, "calculatedEbitda": 156638000}, {"date": "2015-12-31", "symbol": "DOC", "reportedCurrency": "USD", "cik": "0001574540", "fillingDate": "2016-02-29", "acceptedDate": "2016-02-29 16:05:06", "calendarYear": "2015", "period": "FY", "revenue": 129441000, "costOfRevenue": 31026000, "grossProfit": 98415000, "grossProfitRatio": 0.760307785, "researchAndDevelopmentExpenses": 0, "generalAndAdministrativeExpenses": 14908000, "sellingAndMarketingExpenses": 0, "sellingGeneralAndAdministrativeExpenses": 14908000, "otherExpenses": 45471000, "operatingExpenses": 60379000, "costAndExpenses": 91405000, "interestIncome": 3880000, "interestExpense": 10636000, "depreciationAndAmortization": 45471000, "ebitda": 83611000, "ebitdaratio": 0.6459390765, "operatingIncome": 38036000, "operatingIncomeRatio": 0.2938481625, "totalOtherIncomeExpensesNet": -14659000, "incomeBeforeTax": 12741000, "incomeBeforeTaxRatio": 0.0984309454, "incomeTaxExpense": 11693000, "netIncome": 11788000, "netIncomeRatio": 0.0910685177, "eps": 0.15, "epsdiluted": 0.15, "weightedAverageShsOut": 72750724, "weightedAverageShsOutDil": 76792073, "link": "https://www.sec.gov/Archives/edgar/data/1574540/000157454016000065/0001574540-16-000065-index.htm", "finalLink": "https://www.sec.gov/Archives/edgar/data/1574540/000157454016000065/fy1510-k12312015.htm", "calculatedOtherExpenses": 45471000, "calculatedOperatingExpenses": 60379000, "calculatedNetInterest": -6756000, "calculatedOtherIncome": -18539000, "calculatedIncomeNonControlling": -10740000, "calculatedEbitda": 83507000}, {"date": "2014-12-31", "symbol": "DOC", "reportedCurrency": "USD", "cik": "0001574540", "fillingDate": "2015-03-12", "acceptedDate": "2015-03-12 17:08:49", "calendarYear": "2014", "period": "FY", "revenue": 53334000, "costOfRevenue": 10154000, "grossProfit": 43180000, "grossProfitRatio": 0.8096148798, "researchAndDevelopmentExpenses": 0, "generalAndAdministrativeExpenses": 11440000, "sellingAndMarketingExpenses": 0, "sellingGeneralAndAdministrativeExpenses": 11440000, "otherExpenses": 16731000, "operatingExpenses": 28171000, "costAndExpenses": 38325000, "interestIncome": 1066000, "interestExpense": 6907000, "depreciationAndAmortization": 16731000, "ebitda": 31835000, "ebitdaratio": 0.5968987888, "operatingIncome": 15009000, "operatingIncomeRatio": 0.2814152323, "totalOtherIncomeExpensesNet": -12520000, "incomeBeforeTax": -4418000, "incomeBeforeTaxRatio": -0.0828364645, "incomeTaxExpense": 6621000, "netIncome": -4037000, "netIncomeRatio": -0.0756928038, "eps": -0.12, "epsdiluted": -0.12, "weightedAverageShsOut": 33063093, "weightedAverageShsOutDil": 33063093, "link": "https://www.sec.gov/Archives/edgar/data/1574540/000110465915019223/0001104659-15-019223-index.htm", "finalLink": "https://www.sec.gov/Archives/edgar/data/1574540/000110465915019223/a15-1782_110k.htm", "calculatedOtherExpenses": 16731000, "calculatedOperatingExpenses": 28171000, "calculatedNetInterest": -5841000, "calculatedOtherIncome": -13586000, "calculatedIncomeNonControlling": -7002000, "calculatedEbitda": 31740000}, {"date": "2013-12-31", "symbol": "DOC", "reportedCurrency": "USD", "cik": "0001574540", "fillingDate": "2014-03-21", "acceptedDate": "2014-03-21 16:07:09", "calendarYear": "2013", "period": "FY", "revenue": 16799000, "costOfRevenue": 4650000, "grossProfit": 12149000, "grossProfitRatio": 0.7231978094, "researchAndDevelopmentExpenses": 0, "generalAndAdministrativeExpenses": 3689000, "sellingAndMarketingExpenses": 0, "sellingGeneralAndAdministrativeExpenses": 3689000, "otherExpenses": 5107000, "operatingExpenses": 8796000, "costAndExpenses": 13446000, "interestIncome": 0, "interestExpense": -4295000, "depreciationAndAmortization": 5107000, "ebitda": 10154000, "ebitdaratio": 0.6044407405, "operatingIncome": 1413000, "operatingIncomeRatio": 0.0841121495, "totalOtherIncomeExpensesNet": -1694000, "incomeBeforeTax": -2636000, "incomeBeforeTaxRatio": -0.156914102, "incomeTaxExpense": 5590000, "netIncome": -2237000, "netIncomeRatio": -0.1331626883, "eps": -0.18, "epsdiluted": -0.17, "weightedAverageShsOut": 12777021, "weightedAverageShsOutDil": 12883917, "link": "https://www.sec.gov/Archives/edgar/data/1574540/000110465914021828/0001104659-14-021828-index.htm", "finalLink": "https://www.sec.gov/Archives/edgar/data/1574540/000110465914021828/a14-7067_110k.htm", "calculatedOtherExpenses": 7047000, "calculatedOperatingExpenses": 10736000, "calculatedNetInterest": 4295000, "calculatedOtherIncome": -8344000, "calculatedIncomeNonControlling": -5989000, "calculatedEbitda": 6520000}, {"date": "2012-12-31", "symbol": "DOC", "reportedCurrency": "USD", "cik": "0001574540", "fillingDate": "2012-12-31", "acceptedDate": "2012-12-30 19:00:00", "calendarYear": "2012", "period": "FY", "revenue": 12946899, "costOfRevenue": 4757787, "grossProfit": 8189112, "grossProfitRatio": 0.6325153228, "researchAndDevelopmentExpenses": 0, "generalAndAdministrativeExpenses": 1312565, "sellingAndMarketingExpenses": 0, "sellingGeneralAndAdministrativeExpenses": 1312565, "otherExpenses": 4149539, "operatingExpenses": 5462104, "costAndExpenses": 10219891, "interestIncome": 0, "interestExpense": 4537660, "depreciationAndAmortization": 4429044, "ebitda": 7156052, "ebitdaratio": 0.5527232428, "operatingIncome": 1562615, "operatingIncomeRatio": 0.1206941523, "totalOtherIncomeExpensesNet": -1042339, "incomeBeforeTax": -2852991, "incomeBeforeTaxRatio": -0.2203609528, "incomeTaxExpense": 3340276, "netIncome": -1655607, "netIncomeRatio": -0.1278767217, "eps": -0.15, "epsdiluted": -0.15, "weightedAverageShsOut": 10684782, "weightedAverageShsOutDil": 10684782, "link": "", "finalLink": "", "calculatedOtherExpenses": 5313932, "calculatedOperatingExpenses": 6626497, "calculatedNetInterest": -4537660, "calculatedOtherIncome": 122054, "calculatedIncomeNonControlling": -4537660, "calculatedEbitda": 5991659}, {"date": "2011-12-31", "symbol": "DOC", "reportedCurrency": "USD", "cik": "0001574540", "fillingDate": "2011-12-31", "acceptedDate": "2011-12-30 19:00:00", "calendarYear": "2011", "period": "FY", "revenue": 13847000, "costOfRevenue": 4953000, "grossProfit": 8894000, "grossProfitRatio": 0.6423051925, "researchAndDevelopmentExpenses": 0, "generalAndAdministrativeExpenses": 1252000, "sellingAndMarketingExpenses": 0, "sellingGeneralAndAdministrativeExpenses": 1252000, "otherExpenses": 4588000, "operatingExpenses": 5840000, "costAndExpenses": 10793000, "interestIncome": 0, "interestExpense": -4617000, "depreciationAndAmortization": 4783000, "ebitda": 9599000, "ebitdaratio": 0.6932187477, "operatingIncome": 1617000, "operatingIncomeRatio": 0.116776197, "totalOtherIncomeExpensesNet": -1762000, "incomeBeforeTax": -3325000, "incomeBeforeTaxRatio": -0.2401242146, "incomeTaxExpense": 6114000, "netIncome": -3060000, "netIncomeRatio": -0.2209864953, "eps": -0.29, "epsdiluted": -0.29, "weightedAverageShsOut": 10684782, "weightedAverageShsOutDil": 10684782, "link": "", "finalLink": "", "calculatedOtherExpenses": 6025000, "calculatedOperatingExpenses": 7277000, "calculatedNetInterest": 4617000, "calculatedOtherIncome": -9559000, "calculatedIncomeNonControlling": -6379000, "calculatedEbitda": 6400000}]}