{"originalCurrency": "USD", "convertedCurrency": "USD", "report": [{"date": "2024-01-31", "symbol": "DOCU", "reportedCurrency": "USD", "cik": "0001261333", "fillingDate": "2024-03-21", "acceptedDate": "2024-03-21 16:30:09", "calendarYear": "2024", "period": "FY", "revenue": 2761882000, "costOfRevenue": 572621000, "grossProfit": 2189261000, "grossProfitRatio": 0.7926699982, "researchAndDevelopmentExpenses": 539488000, "generalAndAdministrativeExpenses": 419621000, "sellingAndMarketingExpenses": 1168137000, "sellingGeneralAndAdministrativeExpenses": 1587758000, "otherExpenses": 0, "operatingExpenses": 2127246000, "costAndExpenses": 2699867000, "interestIncome": 68889000, "interestExpense": 6844000, "depreciationAndAmortization": 95062000, "ebitda": 225966000, "ebitdaratio": 0.0818159501, "operatingIncome": 31634000, "operatingIncomeRatio": 0.0114537841, "totalOtherIncomeExpensesNet": -30381000, "incomeBeforeTax": 93679000, "incomeBeforeTaxRatio": 0.0339185382, "incomeTaxExpense": 19699000, "netIncome": 73980000, "netIncomeRatio": 0.0267860828, "eps": 0.36, "epsdiluted": 0.36, "weightedAverageShsOut": 204070000, "weightedAverageShsOutDil": 208950000, "link": "https://www.sec.gov/Archives/edgar/data/1261333/000126133324000045/0001261333-24-000045-index.htm", "finalLink": "https://www.sec.gov/Archives/edgar/data/1261333/000126133324000045/docu-20240131.htm", "calculatedOtherExpenses": 30381000, "calculatedOperatingExpenses": 2157627000, "calculatedNetInterest": 62045000, "calculatedOtherIncome": 0, "calculatedIncomeNonControlling": 0, "calculatedEbitda": 126696000}, {"date": "2023-01-31", "symbol": "DOCU", "reportedCurrency": "USD", "cik": "0001261333", "fillingDate": "2023-03-27", "acceptedDate": "2023-03-27 10:45:30", "calendarYear": "2023", "period": "FY", "revenue": 2515915000, "costOfRevenue": 536088000, "grossProfit": 1979827000, "grossProfitRatio": 0.7869212593, "researchAndDevelopmentExpenses": 480584000, "generalAndAdministrativeExpenses": 316228000, "sellingAndMarketingExpenses": 1242711000, "sellingGeneralAndAdministrativeExpenses": 1558939000, "otherExpenses": 0, "operatingExpenses": 2039523000, "costAndExpenses": 2575611000, "interestIncome": 4539000, "interestExpense": 6389000, "depreciationAndAmortization": 86255000, "ebitda": 31098000, "ebitdaratio": 0.012360513, "operatingIncome": -55157000, "operatingIncomeRatio": -0.0219232367, "totalOtherIncomeExpensesNet": -34724000, "incomeBeforeTax": -89881000, "incomeBeforeTaxRatio": -0.0357249748, "incomeTaxExpense": 7573000, "netIncome": -97454000, "netIncomeRatio": -0.0387350129, "eps": -0.49, "epsdiluted": -0.49, "weightedAverageShsOut": 200903000, "weightedAverageShsOutDil": 200903000, "link": "https://www.sec.gov/Archives/edgar/data/1261333/000126133323000050/0001261333-23-000050-index.htm", "finalLink": "https://www.sec.gov/Archives/edgar/data/1261333/000126133323000050/docu-20230131.htm", "calculatedOtherExpenses": -4539000, "calculatedOperatingExpenses": 2034984000, "calculatedNetInterest": -1850000, "calculatedOtherIncome": -32874000, "calculatedIncomeNonControlling": 0, "calculatedEbitda": 31098000}, {"date": "2022-01-31", "symbol": "DOCU", "reportedCurrency": "USD", "cik": "0001261333", "fillingDate": "2022-03-25", "acceptedDate": "2022-03-25 08:53:58", "calendarYear": "2022", "period": "FY", "revenue": 2107213000, "costOfRevenue": 466451000, "grossProfit": 1640762000, "grossProfitRatio": 0.7786407924, "researchAndDevelopmentExpenses": 393362000, "generalAndAdministrativeExpenses": 232757000, "sellingAndMarketingExpenses": 1076527000, "sellingGeneralAndAdministrativeExpenses": 1309284000, "otherExpenses": 0, "operatingExpenses": 1702646000, "costAndExpenses": 2169097000, "interestIncome": 1413000, "interestExpense": 6443000, "depreciationAndAmortization": 81913000, "ebitda": 21442000, "ebitdaratio": 0.0101755257, "operatingIncome": -60471000, "operatingIncomeRatio": -0.0286971464, "totalOtherIncomeExpensesNet": -6443000, "incomeBeforeTax": -66914000, "incomeBeforeTaxRatio": -0.0317547396, "incomeTaxExpense": 3062000, "netIncome": -69976000, "netIncomeRatio": -0.0332078437, "eps": -0.36, "epsdiluted": -0.36, "weightedAverageShsOut": 196675000, "weightedAverageShsOutDil": 196675000, "link": "https://www.sec.gov/Archives/edgar/data/1261333/000126133322000049/0001261333-22-000049-index.htm", "finalLink": "https://www.sec.gov/Archives/edgar/data/1261333/000126133322000049/docu-20220131.htm", "calculatedOtherExpenses": -1413000, "calculatedOperatingExpenses": 1701233000, "calculatedNetInterest": -5030000, "calculatedOtherIncome": -1413000, "calculatedIncomeNonControlling": 0, "calculatedEbitda": 21442000}, {"date": "2021-01-31", "symbol": "DOCU", "reportedCurrency": "USD", "cik": "0001261333", "fillingDate": "2021-03-31", "acceptedDate": "2021-03-31 17:05:03", "calendarYear": "2021", "period": "FY", "revenue": 1453047000, "costOfRevenue": 364058000, "grossProfit": 1088989000, "grossProfitRatio": 0.7494520136, "researchAndDevelopmentExpenses": 271522000, "generalAndAdministrativeExpenses": 192697000, "sellingAndMarketingExpenses": 798625000, "sellingGeneralAndAdministrativeExpenses": 991322000, "otherExpenses": -753000, "operatingExpenses": 1262844000, "costAndExpenses": 1626902000, "interestIncome": 8914000, "interestExpense": 30799000, "depreciationAndAmortization": 80004000, "ebitda": -93851000, "ebitdaratio": -0.0645891014, "operatingIncome": -173855000, "operatingIncomeRatio": -0.119648573, "totalOtherIncomeExpensesNet": -55637000, "incomeBeforeTax": -229492000, "incomeBeforeTaxRatio": -0.1579384562, "incomeTaxExpense": 13775000, "netIncome": -243267000, "netIncomeRatio": -0.167418535, "eps": -1.31, "epsdiluted": -1.31, "weightedAverageShsOut": 185760000, "weightedAverageShsOutDil": 185760000, "link": "https://www.sec.gov/Archives/edgar/data/1261333/000126133321000059/0001261333-21-000059-index.htm", "finalLink": "https://www.sec.gov/Archives/edgar/data/1261333/000126133321000059/docu-20210131.htm", "calculatedOtherExpenses": 0, "calculatedOperatingExpenses": 1262844000, "calculatedNetInterest": -21885000, "calculatedOtherIncome": -33752000, "calculatedIncomeNonControlling": 0, "calculatedEbitda": -93851000}, {"date": "2020-01-31", "symbol": "DOCU", "reportedCurrency": "USD", "cik": "0001261333", "fillingDate": "2020-03-27", "acceptedDate": "2020-03-27 16:14:10", "calendarYear": "2020", "period": "FY", "revenue": 973971000, "costOfRevenue": 243234000, "grossProfit": 730737000, "grossProfitRatio": 0.750265665, "researchAndDevelopmentExpenses": 185552000, "generalAndAdministrativeExpenses": 147315000, "sellingAndMarketingExpenses": 591379000, "sellingGeneralAndAdministrativeExpenses": 738694000, "otherExpenses": 3965000, "operatingExpenses": 924246000, "costAndExpenses": 1167480000, "interestIncome": 19207000, "interestExpense": 29254000, "depreciationAndAmortization": 69389000, "ebitda": -124120000, "ebitdaratio": -0.1274370592, "operatingIncome": -193509000, "operatingIncomeRatio": -0.1986804535, "totalOtherIncomeExpensesNet": -10047000, "incomeBeforeTax": -203556000, "incomeBeforeTaxRatio": -0.2089959557, "incomeTaxExpense": 4803000, "netIncome": -208359000, "netIncomeRatio": -0.2139273141, "eps": -1.18, "epsdiluted": -1.18, "weightedAverageShsOut": 176704000, "weightedAverageShsOutDil": 176704000, "link": "https://www.sec.gov/Archives/edgar/data/1261333/000126133320000033/0001261333-20-000033-index.htm", "finalLink": "https://www.sec.gov/Archives/edgar/data/1261333/000126133320000033/docu-20200131.htm", "calculatedOtherExpenses": 0, "calculatedOperatingExpenses": 924246000, "calculatedNetInterest": -10047000, "calculatedOtherIncome": 0, "calculatedIncomeNonControlling": 0, "calculatedEbitda": -124120000}, {"date": "2019-01-31", "symbol": "DOCU", "reportedCurrency": "USD", "cik": "0001261333", "fillingDate": "2019-03-26", "acceptedDate": "2019-03-26 17:28:06", "calendarYear": "2019", "period": "FY", "revenue": 700969000, "costOfRevenue": 192421000, "grossProfit": 508548000, "grossProfitRatio": 0.7254928535, "researchAndDevelopmentExpenses": 185968000, "generalAndAdministrativeExpenses": 209297000, "sellingAndMarketingExpenses": 539606000, "sellingGeneralAndAdministrativeExpenses": 748903000, "otherExpenses": 0, "operatingExpenses": 934871000, "costAndExpenses": 1127292000, "interestIncome": 8959000, "interestExpense": 10844000, "depreciationAndAmortization": 38027000, "ebitda": -379337000, "ebitdaratio": -0.5411608787, "operatingIncome": -426323000, "operatingIncomeRatio": -0.6081909471, "totalOtherIncomeExpensesNet": -1885000, "incomeBeforeTax": -428208000, "incomeBeforeTaxRatio": -0.6108800817, "incomeTaxExpense": -1750000, "netIncome": -426458000, "netIncomeRatio": -0.6083835376, "eps": -3.16, "epsdiluted": -3.16, "weightedAverageShsOut": 135163000, "weightedAverageShsOutDil": 135163000, "link": "https://www.sec.gov/Archives/edgar/data/1261333/000126133319000012/0001261333-19-000012-index.htm", "finalLink": "https://www.sec.gov/Archives/edgar/data/1261333/000126133319000012/fy1910k.htm", "calculatedOtherExpenses": 0, "calculatedOperatingExpenses": 934871000, "calculatedNetInterest": -1885000, "calculatedOtherIncome": 0, "calculatedIncomeNonControlling": 0, "calculatedEbitda": -388296000}, {"date": "2018-01-31", "symbol": "DOCU", "reportedCurrency": "USD", "cik": "0001261333", "fillingDate": "2018-01-31", "acceptedDate": "2018-01-30 19:00:00", "calendarYear": "2018", "period": "FY", "revenue": 518504000, "costOfRevenue": 118273000, "grossProfit": 400231000, "grossProfitRatio": 0.7718956845, "researchAndDevelopmentExpenses": 92428000, "generalAndAdministrativeExpenses": 81526000, "sellingAndMarketingExpenses": 277930000, "sellingGeneralAndAdministrativeExpenses": 359456000, "otherExpenses": 0, "operatingExpenses": 451884000, "costAndExpenses": 570157000, "interestIncome": 3135000, "interestExpense": 624000, "depreciationAndAmortization": 31720000, "ebitda": -16798000, "ebitdaratio": -0.03239705, "operatingIncome": -51653000, "operatingIncomeRatio": -0.0996192893, "totalOtherIncomeExpensesNet": 2511000, "incomeBeforeTax": -49142000, "incomeBeforeTaxRatio": -0.0947765109, "incomeTaxExpense": 3134000, "netIncome": -52276000, "netIncomeRatio": -0.100820823, "eps": -1.62, "epsdiluted": -1.62, "weightedAverageShsOut": 32294000, "weightedAverageShsOutDil": 32294000, "link": "", "finalLink": "", "calculatedOtherExpenses": 0, "calculatedOperatingExpenses": 451884000, "calculatedNetInterest": 2511000, "calculatedOtherIncome": 0, "calculatedIncomeNonControlling": 0, "calculatedEbitda": -19933000}, {"date": "2017-01-31", "symbol": "DOCU", "reportedCurrency": "USD", "cik": "0001261333", "fillingDate": "2017-01-31", "acceptedDate": "2017-01-30 19:00:00", "calendarYear": "2017", "period": "FY", "revenue": 381459000, "costOfRevenue": 102477000, "grossProfit": 278982000, "grossProfitRatio": 0.7313551391, "researchAndDevelopmentExpenses": 89652000, "generalAndAdministrativeExpenses": 64360000, "sellingAndMarketingExpenses": 240787000, "sellingGeneralAndAdministrativeExpenses": 305147000, "otherExpenses": 0, "operatingExpenses": 394799000, "costAndExpenses": 497276000, "interestIncome": 1372000, "interestExpense": 611000, "depreciationAndAmortization": 28469000, "ebitda": -85976000, "ebitdaratio": -0.2253872631, "operatingIncome": -115817000, "operatingIncomeRatio": -0.3036158539, "totalOtherIncomeExpensesNet": 761000, "incomeBeforeTax": -115056000, "incomeBeforeTaxRatio": -0.3016208819, "incomeTaxExpense": 356000, "netIncome": -115412000, "netIncomeRatio": -0.3025541408, "eps": -4.12, "epsdiluted": -4.12, "weightedAverageShsOut": 28020000, "weightedAverageShsOutDil": 28020000, "link": "", "finalLink": "", "calculatedOtherExpenses": 0, "calculatedOperatingExpenses": 394799000, "calculatedNetInterest": 761000, "calculatedOtherIncome": 0, "calculatedIncomeNonControlling": 0, "calculatedEbitda": -87348000}, {"date": "2016-01-31", "symbol": "DOCU", "reportedCurrency": "USD", "cik": "0001261333", "fillingDate": "2016-01-31", "acceptedDate": "2016-01-30 19:00:00", "calendarYear": "2016", "period": "FY", "revenue": 250481000, "costOfRevenue": 73855000, "grossProfit": 176626000, "grossProfitRatio": 0.7051472966, "researchAndDevelopmentExpenses": 62255000, "generalAndAdministrativeExpenses": 63669000, "sellingAndMarketingExpenses": 170006000, "sellingGeneralAndAdministrativeExpenses": 233675000, "otherExpenses": 0, "operatingExpenses": 295930000, "costAndExpenses": 369785000, "interestIncome": -3508000, "interestExpense": 4288000, "depreciationAndAmortization": 17620000, "ebitda": -101684000, "ebitdaratio": -0.4059549427, "operatingIncome": -119304000, "operatingIncomeRatio": -0.4762995996, "totalOtherIncomeExpensesNet": -4288000, "incomeBeforeTax": -123592000, "incomeBeforeTaxRatio": -0.4934186625, "incomeTaxExpense": -1033000, "netIncome": -122559000, "netIncomeRatio": -0.4892945972, "eps": -0.88, "epsdiluted": -0.88, "weightedAverageShsOut": 140058280, "weightedAverageShsOutDil": 140058280, "link": "", "finalLink": "", "calculatedOtherExpenses": 0, "calculatedOperatingExpenses": 295930000, "calculatedNetInterest": -7796000, "calculatedOtherIncome": 3508000, "calculatedIncomeNonControlling": 0, "calculatedEbitda": -101684000}]}