{"originalCurrency": "USD", "convertedCurrency": "USD", "report": [{"date": "2023-12-31", "symbol": "DORM", "reportedCurrency": "USD", "cik": "0000868780", "fillingDate": "2024-02-28", "acceptedDate": "2024-02-28 17:25:42", "calendarYear": "2023", "period": "FY", "revenue": 1929788000, "costOfRevenue": 1244365000, "grossProfit": 685423000, "grossProfitRatio": 0.3551804654, "researchAndDevelopmentExpenses": 32299999, "generalAndAdministrativeExpenses": 0, "sellingAndMarketingExpenses": 0, "sellingGeneralAndAdministrativeExpenses": 443459000, "otherExpenses": 1804000, "operatingExpenses": 475759000, "costAndExpenses": 1720124000, "interestIncome": 0, "interestExpense": 48061000, "depreciationAndAmortization": 54729000, "ebitda": 264392999, "ebitdaratio": 0.1370062406, "operatingIncome": 209664000, "operatingIncomeRatio": 0.1086461311, "totalOtherIncomeExpensesNet": -41161000, "incomeBeforeTax": 168503000, "incomeBeforeTaxRatio": 0.0873168452, "incomeTaxExpense": 39244000, "netIncome": 129259000, "netIncomeRatio": 0.0669809326, "eps": 4.11, "epsdiluted": 4.1, "weightedAverageShsOut": 31455000, "weightedAverageShsOutDil": 31533000, "link": "https://www.sec.gov/Archives/edgar/data/868780/000086878024000011/0000868780-24-000011-index.htm", "finalLink": "https://www.sec.gov/Archives/edgar/data/868780/000086878024000011/dorm-20231231.htm", "calculatedOtherExpenses": 1, "calculatedOperatingExpenses": 475759000, "calculatedNetInterest": -48061000, "calculatedOtherIncome": 6900000, "calculatedIncomeNonControlling": 0, "calculatedEbitda": 264393000}, {"date": "2022-12-31", "symbol": "DORM", "reportedCurrency": "USD", "cik": "0000868780", "fillingDate": "2023-03-01", "acceptedDate": "2023-02-28 21:45:59", "calendarYear": "2022", "period": "FY", "revenue": 1733749000, "costOfRevenue": 1169299000, "grossProfit": 564450000, "grossProfitRatio": 0.3255661575, "researchAndDevelopmentExpenses": 24800000, "generalAndAdministrativeExpenses": 0, "sellingAndMarketingExpenses": 0, "sellingGeneralAndAdministrativeExpenses": 393402000, "otherExpenses": 735000, "operatingExpenses": 393402000, "costAndExpenses": 1562701000, "interestIncome": 15582000, "interestExpense": 15582000, "depreciationAndAmortization": 44677000, "ebitda": 171783000, "ebitdaratio": 0.0990818163, "operatingIncome": 127106000, "operatingIncomeRatio": 0.0733128036, "totalOtherIncomeExpensesNet": 29095000, "incomeBeforeTax": 156201000, "incomeBeforeTaxRatio": 0.0900943562, "incomeTaxExpense": 34652000, "netIncome": 121549000, "netIncomeRatio": 0.0701076107, "eps": 3.87, "epsdiluted": 3.85, "weightedAverageShsOut": 31434000, "weightedAverageShsOutDil": 31543000, "link": "https://www.sec.gov/Archives/edgar/data/868780/000162828023005712/0001628280-23-005712-index.htm", "finalLink": "https://www.sec.gov/Archives/edgar/data/868780/000162828023005712/dorm-20221231.htm", "calculatedOtherExpenses": 19142000, "calculatedOperatingExpenses": 437344000, "calculatedNetInterest": 0, "calculatedOtherIncome": 29095000, "calculatedIncomeNonControlling": 0, "calculatedEbitda": 171783000}, {"date": "2021-12-25", "symbol": "DORM", "reportedCurrency": "USD", "cik": "0000868780", "fillingDate": "2022-02-22", "acceptedDate": "2022-02-22 17:26:59", "calendarYear": "2021", "period": "FY", "revenue": 1345249000, "costOfRevenue": 882333000, "grossProfit": 462916000, "grossProfitRatio": 0.3441117592, "researchAndDevelopmentExpenses": 23100000, "generalAndAdministrativeExpenses": 0, "sellingAndMarketingExpenses": 0, "sellingGeneralAndAdministrativeExpenses": 291365000, "otherExpenses": 377000, "operatingExpenses": 291365000, "costAndExpenses": 1173698000, "interestIncome": 2162000, "interestExpense": 2162000, "depreciationAndAmortization": 35570000, "ebitda": 207121000, "ebitdaratio": 0.153964805, "operatingIncome": 171551000, "operatingIncomeRatio": 0.1275236034, "totalOtherIncomeExpensesNet": -1785000, "incomeBeforeTax": 169766000, "incomeBeforeTaxRatio": 0.1261967115, "incomeTaxExpense": 38234000, "netIncome": 131532000, "netIncomeRatio": 0.0977752074, "eps": 4.13, "epsdiluted": 4.12, "weightedAverageShsOut": 31810000, "weightedAverageShsOutDil": 31961000, "link": "https://www.sec.gov/Archives/edgar/data/868780/000156459022005966/0001564590-22-005966-index.htm", "finalLink": "https://www.sec.gov/Archives/edgar/data/868780/000156459022005966/dorm-10k_20211225.htm", "calculatedOtherExpenses": -23100000, "calculatedOperatingExpenses": 291365000, "calculatedNetInterest": 0, "calculatedOtherIncome": -1785000, "calculatedIncomeNonControlling": 0, "calculatedEbitda": 207121000}, {"date": "2020-12-26", "symbol": "DORM", "reportedCurrency": "USD", "cik": "0000868780", "fillingDate": "2021-02-22", "acceptedDate": "2021-02-22 16:31:43", "calendarYear": "2020", "period": "FY", "revenue": 1092748000, "costOfRevenue": 709632000, "grossProfit": 383116000, "grossProfitRatio": 0.3505986742, "researchAndDevelopmentExpenses": 20700000, "generalAndAdministrativeExpenses": 0, "sellingAndMarketingExpenses": 0, "sellingGeneralAndAdministrativeExpenses": 249743000, "otherExpenses": 2363000, "operatingExpenses": 249743000, "costAndExpenses": 959375000, "interestIncome": 599000, "interestExpense": 599000, "depreciationAndAmortization": 32307000, "ebitda": 133373000, "ebitdaratio": 0.1220528429, "operatingIncome": 101066000, "operatingIncomeRatio": 0.0924879295, "totalOtherIncomeExpensesNet": 34670000, "incomeBeforeTax": 135736000, "incomeBeforeTaxRatio": 0.1242152811, "incomeTaxExpense": 28866000, "netIncome": 106870000, "netIncomeRatio": 0.0977993096, "eps": 3.31, "epsdiluted": 3.3, "weightedAverageShsOut": 32280000, "weightedAverageShsOutDil": 32372999, "link": "https://www.sec.gov/Archives/edgar/data/868780/000156459021007175/0001564590-21-007175-index.htm", "finalLink": "https://www.sec.gov/Archives/edgar/data/868780/000156459021007175/dorm-10k_20201226.htm", "calculatedOtherExpenses": 11607000, "calculatedOperatingExpenses": 282050000, "calculatedNetInterest": 0, "calculatedOtherIncome": 34670000, "calculatedIncomeNonControlling": 0, "calculatedEbitda": 133373000}, {"date": "2019-12-28", "symbol": "DORM", "reportedCurrency": "USD", "cik": "0000868780", "fillingDate": "2020-02-26", "acceptedDate": "2020-02-26 15:26:03", "calendarYear": "2019", "period": "FY", "revenue": 991329000, "costOfRevenue": 651504000, "grossProfit": 339825000, "grossProfitRatio": 0.3427973962, "researchAndDevelopmentExpenses": 21000000, "generalAndAdministrativeExpenses": 0, "sellingAndMarketingExpenses": 0, "sellingGeneralAndAdministrativeExpenses": 233997000, "otherExpenses": -21000, "operatingExpenses": 233997000, "costAndExpenses": 885501000, "interestIncome": 231000, "interestExpense": 0, "depreciationAndAmortization": 25915000, "ebitda": 105828000, "ebitdaratio": 0.106753661, "operatingIncome": 79913000, "operatingIncomeRatio": 0.0806119865, "totalOtherIncomeExpensesNet": 25894000, "incomeBeforeTax": 105807000, "incomeBeforeTaxRatio": 0.1067324773, "incomeTaxExpense": 22045000, "netIncome": 83762000, "netIncomeRatio": 0.0844946531, "eps": 2.57, "epsdiluted": 2.56, "weightedAverageShsOut": 32606000, "weightedAverageShsOutDil": 32688000, "link": "https://www.sec.gov/Archives/edgar/data/868780/000156459020006734/0001564590-20-006734-index.htm", "finalLink": "https://www.sec.gov/Archives/edgar/data/868780/000156459020006734/dorm-10k_20191228.htm", "calculatedOtherExpenses": 4915000, "calculatedOperatingExpenses": 259912000, "calculatedNetInterest": 231000, "calculatedOtherIncome": 25663000, "calculatedIncomeNonControlling": 0, "calculatedEbitda": 105828000}, {"date": "2018-12-29", "symbol": "DORM", "reportedCurrency": "USD", "cik": "0000868780", "fillingDate": "2019-02-26", "acceptedDate": "2019-02-26 16:39:58", "calendarYear": "2018", "period": "FY", "revenue": 973705000, "costOfRevenue": 600424000, "grossProfit": 373281000, "grossProfitRatio": 0.3833614904, "researchAndDevelopmentExpenses": 20100000, "generalAndAdministrativeExpenses": 0, "sellingAndMarketingExpenses": 0, "sellingGeneralAndAdministrativeExpenses": 202138000, "otherExpenses": -8000, "operatingExpenses": 202138000, "costAndExpenses": 802562000, "interestIncome": 0, "interestExpense": 0, "depreciationAndAmortization": 28391000, "ebitda": 171143000, "ebitdaratio": 0.1757647337, "operatingIncome": 171143000, "operatingIncomeRatio": 0.1757647337, "totalOtherIncomeExpensesNet": -8000, "incomeBeforeTax": 171135000, "incomeBeforeTaxRatio": 0.1757565176, "incomeTaxExpense": 37533000, "netIncome": 133602000, "netIncomeRatio": 0.1372099352, "eps": 4.05, "epsdiluted": 4.02, "weightedAverageShsOut": 33004861, "weightedAverageShsOutDil": 33207000, "link": "https://www.sec.gov/Archives/edgar/data/868780/000156459019004498/0001564590-19-004498-index.htm", "finalLink": "https://www.sec.gov/Archives/edgar/data/868780/000156459019004498/dorm-10k_20181229.htm", "calculatedOtherExpenses": -20100000, "calculatedOperatingExpenses": 202138000, "calculatedNetInterest": 0, "calculatedOtherIncome": -8000, "calculatedIncomeNonControlling": 0, "calculatedEbitda": 199534000}, {"date": "2017-12-30", "symbol": "DORM", "reportedCurrency": "USD", "cik": "0000868780", "fillingDate": "2018-02-27", "acceptedDate": "2018-02-27 14:29:42", "calendarYear": "2017", "period": "FY", "revenue": 903221000, "costOfRevenue": 544572000, "grossProfit": 358649000, "grossProfitRatio": 0.3970777916, "researchAndDevelopmentExpenses": 20000000, "generalAndAdministrativeExpenses": 0, "sellingAndMarketingExpenses": 0, "sellingGeneralAndAdministrativeExpenses": 182409000, "otherExpenses": 348000, "operatingExpenses": 182409000, "costAndExpenses": 726981000, "interestIncome": 0, "interestExpense": 0, "depreciationAndAmortization": 22224000, "ebitda": 176240000, "ebitdaratio": 0.1951238955, "operatingIncome": 176240000, "operatingIncomeRatio": 0.1951238955, "totalOtherIncomeExpensesNet": 348000, "incomeBeforeTax": 176588000, "incomeBeforeTaxRatio": 0.1955091832, "incomeTaxExpense": 69989000, "netIncome": 106599000, "netIncomeRatio": 0.1180209495, "eps": 3.18, "epsdiluted": 3.13, "weightedAverageShsOut": 33571524, "weightedAverageShsOutDil": 34052000, "link": "https://www.sec.gov/Archives/edgar/data/868780/000156459018003466/0001564590-18-003466-index.htm", "finalLink": "https://www.sec.gov/Archives/edgar/data/868780/000156459018003466/dorm-10k_20171230.htm", "calculatedOtherExpenses": -20000000, "calculatedOperatingExpenses": 182409000, "calculatedNetInterest": 0, "calculatedOtherIncome": 348000, "calculatedIncomeNonControlling": 0, "calculatedEbitda": 198464000}, {"date": "2016-12-31", "symbol": "DORM", "reportedCurrency": "USD", "cik": "0000868780", "fillingDate": "2017-02-27", "acceptedDate": "2017-02-27 13:49:54", "calendarYear": "2016", "period": "FY", "revenue": 859604000, "costOfRevenue": 521530000, "grossProfit": 338074000, "grossProfitRatio": 0.3932903988, "researchAndDevelopmentExpenses": 18900000, "generalAndAdministrativeExpenses": 0, "sellingAndMarketingExpenses": 0, "sellingGeneralAndAdministrativeExpenses": 169473000, "otherExpenses": 0, "operatingExpenses": 169473000, "costAndExpenses": 691003000, "interestIncome": 0, "interestExpense": 241000, "depreciationAndAmortization": 18907000, "ebitda": 187508000, "ebitdaratio": 0.2181330008, "operatingIncome": 168601000, "operatingIncomeRatio": 0.1961379891, "totalOtherIncomeExpensesNet": -241000, "incomeBeforeTax": 168360000, "incomeBeforeTaxRatio": 0.1958576275, "incomeTaxExpense": 62311000, "netIncome": 106049000, "netIncomeRatio": 0.1233695981, "eps": 3.07, "epsdiluted": 3.07, "weightedAverageShsOut": 34517633, "weightedAverageShsOutDil": 34598000, "link": "https://www.sec.gov/Archives/edgar/data/868780/000119312517058492/0001193125-17-058492-index.htm", "finalLink": "https://www.sec.gov/Archives/edgar/data/868780/000119312517058492/d293461d10k.htm", "calculatedOtherExpenses": -18900000, "calculatedOperatingExpenses": 169473000, "calculatedNetInterest": -241000, "calculatedOtherIncome": 0, "calculatedIncomeNonControlling": 0, "calculatedEbitda": 187508000}, {"date": "2015-12-26", "symbol": "DORM", "reportedCurrency": "USD", "cik": "0000868780", "fillingDate": "2016-02-23", "acceptedDate": "2016-02-23 12:47:32", "calendarYear": "2015", "period": "FY", "revenue": 802957000, "costOfRevenue": 494907000, "grossProfit": 308050000, "grossProfitRatio": 0.3836444542, "researchAndDevelopmentExpenses": 16800000, "generalAndAdministrativeExpenses": 0, "sellingAndMarketingExpenses": 0, "sellingGeneralAndAdministrativeExpenses": 161893000, "otherExpenses": 0, "operatingExpenses": 161893000, "costAndExpenses": 656800000, "interestIncome": 0, "interestExpense": 216000, "depreciationAndAmortization": 16186000, "ebitda": 162343000, "ebitdaratio": 0.2021814369, "operatingIncome": 146157000, "operatingIncomeRatio": 0.1820234458, "totalOtherIncomeExpensesNet": -216000, "incomeBeforeTax": 145941000, "incomeBeforeTaxRatio": 0.1817544402, "incomeTaxExpense": 53612000, "netIncome": 92329000, "netIncomeRatio": 0.1149862321, "eps": 2.65, "epsdiluted": 2.6, "weightedAverageShsOut": 34863396, "weightedAverageShsOutDil": 35538000, "link": "https://www.sec.gov/Archives/edgar/data/868780/000119312516473016/0001193125-16-473016-index.htm", "finalLink": "https://www.sec.gov/Archives/edgar/data/868780/000119312516473016/d103596d10k.htm", "calculatedOtherExpenses": -16800000, "calculatedOperatingExpenses": 161893000, "calculatedNetInterest": -216000, "calculatedOtherIncome": 0, "calculatedIncomeNonControlling": 0, "calculatedEbitda": 162343000}, {"date": "2014-12-27", "symbol": "DORM", "reportedCurrency": "USD", "cik": "0000868780", "fillingDate": "2015-02-25", "acceptedDate": "2015-02-25 12:42:31", "calendarYear": "2014", "period": "FY", "revenue": 751476000, "costOfRevenue": 464275000, "grossProfit": 287201000, "grossProfitRatio": 0.3821825314, "researchAndDevelopmentExpenses": 15800000, "generalAndAdministrativeExpenses": 0, "sellingAndMarketingExpenses": 0, "sellingGeneralAndAdministrativeExpenses": 146467000, "otherExpenses": 0, "operatingExpenses": 146467000, "costAndExpenses": 610742000, "interestIncome": 0, "interestExpense": 204000, "depreciationAndAmortization": 12658000, "ebitda": 153392000, "ebitdaratio": 0.2041209566, "operatingIncome": 140734000, "operatingIncomeRatio": 0.1872767726, "totalOtherIncomeExpensesNet": -204000, "incomeBeforeTax": 140530000, "incomeBeforeTaxRatio": 0.1870053069, "incomeTaxExpense": 50543000, "netIncome": 89987000, "netIncomeRatio": 0.1197470046, "eps": 2.53, "epsdiluted": 2.49, "weightedAverageShsOut": 35611238, "weightedAverageShsOutDil": 36190000, "link": "https://www.sec.gov/Archives/edgar/data/868780/000119312515061893/0001193125-15-061893-index.htm", "finalLink": "https://www.sec.gov/Archives/edgar/data/868780/000119312515061893/d845977d10k.htm", "calculatedOtherExpenses": -15800000, "calculatedOperatingExpenses": 146467000, "calculatedNetInterest": -204000, "calculatedOtherIncome": 0, "calculatedIncomeNonControlling": 0, "calculatedEbitda": 153392000}, {"date": "2013-12-28", "symbol": "DORM", "reportedCurrency": "USD", "cik": "0000868780", "fillingDate": "2014-02-25", "acceptedDate": "2014-02-25 10:34:33", "calendarYear": "2013", "period": "FY", "revenue": 664466000, "costOfRevenue": 403498000, "grossProfit": 260968000, "grossProfitRatio": 0.3927484627, "researchAndDevelopmentExpenses": 13400000, "generalAndAdministrativeExpenses": 0, "sellingAndMarketingExpenses": 0, "sellingGeneralAndAdministrativeExpenses": 133029000, "otherExpenses": 0, "operatingExpenses": 133029000, "costAndExpenses": 536527000, "interestIncome": 0, "interestExpense": 189000, "depreciationAndAmortization": 10159000, "ebitda": 138098000, "ebitdaratio": 0.2078330569, "operatingIncome": 127939000, "operatingIncomeRatio": 0.192544088, "totalOtherIncomeExpensesNet": -189000, "incomeBeforeTax": 127750000, "incomeBeforeTaxRatio": 0.1922596491, "incomeTaxExpense": 45830000, "netIncome": 81920000, "netIncomeRatio": 0.1232869703, "eps": 2.25, "epsdiluted": 2.24, "weightedAverageShsOut": 36464958, "weightedAverageShsOutDil": 36624000, "link": "https://www.sec.gov/Archives/edgar/data/868780/000119312514066393/0001193125-14-066393-index.htm", "finalLink": "https://www.sec.gov/Archives/edgar/data/868780/000119312514066393/d650337d10k.htm", "calculatedOtherExpenses": -13400000, "calculatedOperatingExpenses": 133029000, "calculatedNetInterest": -189000, "calculatedOtherIncome": 0, "calculatedIncomeNonControlling": 0, "calculatedEbitda": 138098000}, {"date": "2012-12-29", "symbol": "DORM", "reportedCurrency": "USD", "cik": "0000868780", "fillingDate": "2013-03-01", "acceptedDate": "2013-03-01 11:52:07", "calendarYear": "2012", "period": "FY", "revenue": 570420000, "costOfRevenue": 355211000, "grossProfit": 215209000, "grossProfitRatio": 0.3772816521, "researchAndDevelopmentExpenses": 10500000, "generalAndAdministrativeExpenses": 0, "sellingAndMarketingExpenses": 0, "sellingGeneralAndAdministrativeExpenses": 110978000, "otherExpenses": 0, "operatingExpenses": 110978000, "costAndExpenses": 466189000, "interestIncome": 0, "interestExpense": 123000, "depreciationAndAmortization": 8225000, "ebitda": 112456000, "ebitdaratio": 0.1971459626, "operatingIncome": 104231000, "operatingIncomeRatio": 0.1827267627, "totalOtherIncomeExpensesNet": -123000, "incomeBeforeTax": 104108000, "incomeBeforeTaxRatio": 0.1825111321, "incomeTaxExpense": 37703000, "netIncome": 70962000, "netIncomeRatio": 0.1244030714, "eps": 1.95, "epsdiluted": 1.94, "weightedAverageShsOut": 36477506, "weightedAverageShsOutDil": 36494000, "link": "https://www.sec.gov/Archives/edgar/data/868780/000119312513086770/0001193125-13-086770-index.htm", "finalLink": "https://www.sec.gov/Archives/edgar/data/868780/000119312513086770/d444524d10k.htm", "calculatedOtherExpenses": -10500000, "calculatedOperatingExpenses": 110978000, "calculatedNetInterest": -123000, "calculatedOtherIncome": 0, "calculatedIncomeNonControlling": -4557000, "calculatedEbitda": 112456000}, {"date": "2011-12-31", "symbol": "DORM", "reportedCurrency": "USD", "cik": "0000868780", "fillingDate": "2012-03-02", "acceptedDate": "2012-03-02 12:38:32", "calendarYear": "2011", "period": "FY", "revenue": 529287000, "costOfRevenue": 338211000, "grossProfit": 191076000, "grossProfitRatio": 0.3610064105, "researchAndDevelopmentExpenses": 0, "generalAndAdministrativeExpenses": 0, "sellingAndMarketingExpenses": 0, "sellingGeneralAndAdministrativeExpenses": 106413000, "otherExpenses": 0, "operatingExpenses": 106413000, "costAndExpenses": 444624000, "interestIncome": 0, "interestExpense": 156000, "depreciationAndAmortization": 7737000, "ebitda": 84663000, "ebitdaratio": 0.1599566965, "operatingIncome": 84663000, "operatingIncomeRatio": 0.1599566965, "totalOtherIncomeExpensesNet": -156000, "incomeBeforeTax": 84507000, "incomeBeforeTaxRatio": 0.1596619603, "incomeTaxExpense": 31230000, "netIncome": 53277000, "netIncomeRatio": 0.1006580551, "eps": 1.49, "epsdiluted": 1.47, "weightedAverageShsOut": 35866000, "weightedAverageShsOutDil": 36370000, "link": "https://www.sec.gov/Archives/edgar/data/868780/000119312512093860/0001193125-12-093860-index.htm", "finalLink": "https://www.sec.gov/Archives/edgar/data/868780/000119312512093860/d266442d10k.htm", "calculatedOtherExpenses": 0, "calculatedOperatingExpenses": 106413000, "calculatedNetInterest": -156000, "calculatedOtherIncome": 0, "calculatedIncomeNonControlling": 0, "calculatedEbitda": 92400000}, {"date": "2010-12-25", "symbol": "DORM", "reportedCurrency": "USD", "cik": "0000868780", "fillingDate": "2011-03-03", "acceptedDate": "2011-03-03 15:07:58", "calendarYear": "2010", "period": "FY", "revenue": 455716000, "costOfRevenue": 282858000, "grossProfit": 172858000, "grossProfitRatio": 0.3793107988, "researchAndDevelopmentExpenses": 0, "generalAndAdministrativeExpenses": 0, "sellingAndMarketingExpenses": 0, "sellingGeneralAndAdministrativeExpenses": 97976000, "otherExpenses": 0, "operatingExpenses": 97976000, "costAndExpenses": 380834000, "interestIncome": 0, "interestExpense": 209000, "depreciationAndAmortization": 8012000, "ebitda": 74882000, "ebitdaratio": 0.1643172502, "operatingIncome": 74882000, "operatingIncomeRatio": 0.1643172502, "totalOtherIncomeExpensesNet": -209000, "incomeBeforeTax": 74673000, "incomeBeforeTaxRatio": 0.1638586313, "incomeTaxExpense": 28535000, "netIncome": 46138000, "netIncomeRatio": 0.1012428793, "eps": 1.3, "epsdiluted": 1.27, "weightedAverageShsOut": 35534000, "weightedAverageShsOutDil": 36232000, "link": "https://www.sec.gov/Archives/edgar/data/868780/000119312511054883/0001193125-11-054883-index.htm", "finalLink": "https://www.sec.gov/Archives/edgar/data/868780/000119312511054883/d10k.htm", "calculatedOtherExpenses": 0, "calculatedOperatingExpenses": 97976000, "calculatedNetInterest": -209000, "calculatedOtherIncome": 0, "calculatedIncomeNonControlling": 0, "calculatedEbitda": 82894000}, {"date": "2009-12-26", "symbol": "DORM", "reportedCurrency": "USD", "cik": "0000868780", "fillingDate": "2010-03-05", "acceptedDate": "2010-03-05 15:15:21", "calendarYear": "2009", "period": "FY", "revenue": 377378000, "costOfRevenue": 245592000, "grossProfit": 131786000, "grossProfitRatio": 0.3492148456, "researchAndDevelopmentExpenses": 0, "generalAndAdministrativeExpenses": 0, "sellingAndMarketingExpenses": 0, "sellingGeneralAndAdministrativeExpenses": 88117000, "otherExpenses": 0, "operatingExpenses": 88117000, "costAndExpenses": 333709000, "interestIncome": 0, "interestExpense": 343000, "depreciationAndAmortization": 7835000, "ebitda": 43669000, "ebitdaratio": 0.1157168674, "operatingIncome": 43669000, "operatingIncomeRatio": 0.1157168674, "totalOtherIncomeExpensesNet": -343000, "incomeBeforeTax": 43326000, "incomeBeforeTaxRatio": 0.1148079644, "incomeTaxExpense": 16831000, "netIncome": 26495000, "netIncomeRatio": 0.0702081202, "eps": 0.75, "epsdiluted": 0.74, "weightedAverageShsOut": 35316000, "weightedAverageShsOutDil": 35992000, "link": "https://www.sec.gov/Archives/edgar/data/868780/000114036110010284/0001140361-10-010284-index.htm", "finalLink": "https://www.sec.gov/Archives/edgar/data/868780/000114036110010284/form10k.htm", "calculatedOtherExpenses": 0, "calculatedOperatingExpenses": 88117000, "calculatedNetInterest": -343000, "calculatedOtherIncome": 0, "calculatedIncomeNonControlling": 0, "calculatedEbitda": 51504000}, {"date": "2008-12-27", "symbol": "DORM", "reportedCurrency": "USD", "cik": "0000868780", "fillingDate": "2009-03-06", "acceptedDate": "2009-03-06 15:01:52", "calendarYear": "2008", "period": "FY", "revenue": 342325000, "costOfRevenue": 232140000, "grossProfit": 110185000, "grossProfitRatio": 0.3218724896, "researchAndDevelopmentExpenses": 0, "generalAndAdministrativeExpenses": 0, "sellingAndMarketingExpenses": 0, "sellingGeneralAndAdministrativeExpenses": 81781000, "otherExpenses": 0, "operatingExpenses": 81781000, "costAndExpenses": 313921000, "interestIncome": 0, "interestExpense": 920000, "depreciationAndAmortization": 7672000, "ebitda": 36076000, "ebitdaratio": 0.1053852333, "operatingIncome": 28404000, "operatingIncomeRatio": 0.0829737822, "totalOtherIncomeExpensesNet": -920000, "incomeBeforeTax": 27484000, "incomeBeforeTaxRatio": 0.0802862777, "incomeTaxExpense": 9671000, "netIncome": 17813000, "netIncomeRatio": 0.0520353465, "eps": 0.51, "epsdiluted": 0.5, "weightedAverageShsOut": 35350000, "weightedAverageShsOutDil": 36098000, "link": "https://www.sec.gov/Archives/edgar/data/868780/000114036109006256/0001140361-09-006256-index.htm", "finalLink": "https://www.sec.gov/Archives/edgar/data/868780/000114036109006256/form10-k.htm", "calculatedOtherExpenses": 0, "calculatedOperatingExpenses": 81781000, "calculatedNetInterest": -920000, "calculatedOtherIncome": 0, "calculatedIncomeNonControlling": 0, "calculatedEbitda": 36076000}, {"date": "2007-12-29", "symbol": "DORM", "reportedCurrency": "USD", "cik": "0000868780", "fillingDate": "2008-03-06", "acceptedDate": "2008-03-06 15:16:15", "calendarYear": "2007", "period": "FY", "revenue": 327725000, "costOfRevenue": 215256000, "grossProfit": 112469000, "grossProfitRatio": 0.3431810207, "researchAndDevelopmentExpenses": 0, "generalAndAdministrativeExpenses": 0, "sellingAndMarketingExpenses": 0, "sellingGeneralAndAdministrativeExpenses": 78083000, "otherExpenses": 414000, "operatingExpenses": 78497000, "costAndExpenses": 293753000, "interestIncome": 0, "interestExpense": 2267000, "depreciationAndAmortization": 7744000, "ebitda": 42130000, "ebitdaratio": 0.1285529026, "operatingIncome": 33972000, "operatingIncomeRatio": 0.1036600809, "totalOtherIncomeExpensesNet": -414000, "incomeBeforeTax": 32116000, "incomeBeforeTaxRatio": 0.0979967961, "incomeTaxExpense": 12923000, "netIncome": 19193000, "netIncomeRatio": 0.0585643451, "eps": 0.54, "epsdiluted": 0.53, "weightedAverageShsOut": 35386000, "weightedAverageShsOutDil": 36264000, "link": "https://www.sec.gov/Archives/edgar/data/868780/000114036108006048/0001140361-08-006048-index.htm", "finalLink": "https://www.sec.gov/Archives/edgar/data/868780/000114036108006048/form10k.htm", "calculatedOtherExpenses": 414000, "calculatedOperatingExpenses": 78497000, "calculatedNetInterest": -2267000, "calculatedOtherIncome": 411000, "calculatedIncomeNonControlling": 0, "calculatedEbitda": 41716000}, {"date": "2006-12-30", "symbol": "DORM", "reportedCurrency": "USD", "cik": "0000868780", "fillingDate": "2007-03-08", "acceptedDate": "2007-03-08 15:06:37", "calendarYear": "2006", "period": "FY", "revenue": 295825000, "costOfRevenue": 192348000, "grossProfit": 103477000, "grossProfitRatio": 0.3497912617, "researchAndDevelopmentExpenses": 0, "generalAndAdministrativeExpenses": 0, "sellingAndMarketingExpenses": 0, "sellingGeneralAndAdministrativeExpenses": 73810000, "otherExpenses": 2897000, "operatingExpenses": 76707000, "costAndExpenses": 269055000, "interestIncome": 0, "interestExpense": 2267000, "depreciationAndAmortization": 6824000, "ebitda": 36491000, "ebitdaratio": 0.1233533339, "operatingIncome": 26770000, "operatingIncomeRatio": 0.0904926899, "totalOtherIncomeExpensesNet": -2897000, "incomeBeforeTax": 24503000, "incomeBeforeTaxRatio": 0.0828293755, "incomeTaxExpense": 10704000, "netIncome": 13799000, "netIncomeRatio": 0.046645821, "eps": 0.39, "epsdiluted": 0.38, "weightedAverageShsOut": 35444000, "weightedAverageShsOutDil": 36278000, "link": "https://www.sec.gov/Archives/edgar/data/868780/000114036107005283/0001140361-07-005283-index.htm", "finalLink": "https://www.sec.gov/Archives/edgar/data/868780/000114036107005283/form10k.htm", "calculatedOtherExpenses": 2897000, "calculatedOperatingExpenses": 76707000, "calculatedNetInterest": -2267000, "calculatedOtherIncome": 0, "calculatedIncomeNonControlling": 0, "calculatedEbitda": 33594000}, {"date": "2005-12-31", "symbol": "DORM", "reportedCurrency": "USD", "cik": "0000868780", "fillingDate": "2006-03-15", "acceptedDate": "2006-03-15 10:48:43", "calendarYear": "2005", "period": "FY", "revenue": 278117000, "costOfRevenue": 179253000, "grossProfit": 98864000, "grossProfitRatio": 0.3554762924, "researchAndDevelopmentExpenses": 0, "generalAndAdministrativeExpenses": 0, "sellingAndMarketingExpenses": 0, "sellingGeneralAndAdministrativeExpenses": 69088000, "otherExpenses": 0, "operatingExpenses": 69088000, "costAndExpenses": 248341000, "interestIncome": 0, "interestExpense": 0, "depreciationAndAmortization": 5774000, "ebitda": 35550000, "ebitdaratio": 0.1278239015, "operatingIncome": 29776000, "operatingIncomeRatio": 0.1070628548, "totalOtherIncomeExpensesNet": -2615000, "incomeBeforeTax": 27161000, "incomeBeforeTaxRatio": 0.0976603372, "incomeTaxExpense": 10084000, "netIncome": 17077000, "netIncomeRatio": 0.0614022156, "eps": 0.48, "epsdiluted": 0.47, "weightedAverageShsOut": 35828000, "weightedAverageShsOutDil": 36874000, "link": "https://www.sec.gov/Archives/edgar/data/868780/000086878006000003/0000868780-06-000003-index.htm", "finalLink": "https://www.sec.gov/Archives/edgar/data/868780/000086878006000003/sec10k031506.txt", "calculatedOtherExpenses": 0, "calculatedOperatingExpenses": 69088000, "calculatedNetInterest": 0, "calculatedOtherIncome": -2615000, "calculatedIncomeNonControlling": 0, "calculatedEbitda": 35550000}, {"date": "2004-12-25", "symbol": "DORM", "reportedCurrency": "USD", "cik": "0000868780", "fillingDate": "2005-03-09", "acceptedDate": "2005-03-09 10:22:16", "calendarYear": "2004", "period": "FY", "revenue": 249526000, "costOfRevenue": 157004000, "grossProfit": 92522000, "grossProfitRatio": 0.3707910198, "researchAndDevelopmentExpenses": 0, "generalAndAdministrativeExpenses": 0, "sellingAndMarketingExpenses": 0, "sellingGeneralAndAdministrativeExpenses": 62884000, "otherExpenses": 0, "operatingExpenses": 62884000, "costAndExpenses": 219888000, "interestIncome": 0, "interestExpense": 0, "depreciationAndAmortization": 4545000, "ebitda": 34183000, "ebitdaratio": 0.1369917363, "operatingIncome": 29638000, "operatingIncomeRatio": 0.1187772016, "totalOtherIncomeExpensesNet": -2853000, "incomeBeforeTax": 26785000, "incomeBeforeTaxRatio": 0.1073435233, "incomeTaxExpense": 9704000, "netIncome": 17081000, "netIncomeRatio": 0.0684537884, "eps": 0.24, "epsdiluted": 0.23, "weightedAverageShsOut": 35304000, "weightedAverageShsOutDil": 36688000, "link": "https://www.sec.gov/Archives/edgar/data/868780/000086878005000002/0000868780-05-000002-index.htm", "finalLink": "https://www.sec.gov/Archives/edgar/data/868780/000086878005000002/sec10k2004.txt", "calculatedOtherExpenses": 0, "calculatedOperatingExpenses": 62884000, "calculatedNetInterest": 0, "calculatedOtherIncome": -2853000, "calculatedIncomeNonControlling": 0, "calculatedEbitda": 34183000}, {"date": "2003-12-27", "symbol": "DORM", "reportedCurrency": "USD", "cik": "0000868780", "fillingDate": "2004-03-16", "acceptedDate": "2004-03-16 15:52:05", "calendarYear": "2003", "period": "FY", "revenue": 222083000, "costOfRevenue": 139875000, "grossProfit": 82208000, "grossProfitRatio": 0.3701679102, "researchAndDevelopmentExpenses": 0, "generalAndAdministrativeExpenses": 0, "sellingAndMarketingExpenses": 0, "sellingGeneralAndAdministrativeExpenses": 58156000, "otherExpenses": 0, "operatingExpenses": 58156000, "costAndExpenses": 198031000, "interestIncome": 0, "interestExpense": 0, "depreciationAndAmortization": 4640000, "ebitda": 28692000, "ebitdaratio": 0.1291949406, "operatingIncome": 24052000, "operatingIncomeRatio": 0.1083018511, "totalOtherIncomeExpensesNet": -3376000, "incomeBeforeTax": 20676000, "incomeBeforeTaxRatio": 0.0931003274, "incomeTaxExpense": 7372000, "netIncome": 13304000, "netIncomeRatio": 0.0599055308, "eps": 0.39, "epsdiluted": 0.37, "weightedAverageShsOut": 34588000, "weightedAverageShsOutDil": 36200000, "link": "https://www.sec.gov/Archives/edgar/data/868780/000086878004000002/0000868780-04-000002-index.htm", "finalLink": "https://www.sec.gov/Archives/edgar/data/868780/000086878004000002/sec10k03.txt", "calculatedOtherExpenses": 0, "calculatedOperatingExpenses": 58156000, "calculatedNetInterest": 0, "calculatedOtherIncome": -3376000, "calculatedIncomeNonControlling": 0, "calculatedEbitda": 28692000}, {"date": "2002-12-28", "symbol": "DORM", "reportedCurrency": "USD", "cik": "0000868780", "fillingDate": "2003-03-19", "acceptedDate": "2003-03-18 18:30:53", "calendarYear": "2002", "period": "FY", "revenue": 215524000, "costOfRevenue": 136321000, "grossProfit": 79203000, "grossProfitRatio": 0.3674903955, "researchAndDevelopmentExpenses": 0, "generalAndAdministrativeExpenses": 0, "sellingAndMarketingExpenses": 0, "sellingGeneralAndAdministrativeExpenses": 58213000, "otherExpenses": -2143000, "operatingExpenses": 56070000, "costAndExpenses": 192391000, "interestIncome": 0, "interestExpense": 0, "depreciationAndAmortization": 5560000, "ebitda": 26550000, "ebitdaratio": 0.1231881368, "operatingIncome": 23133000, "operatingIncomeRatio": 0.107333754, "totalOtherIncomeExpensesNet": 2143000, "incomeBeforeTax": 19202000, "incomeBeforeTaxRatio": 0.089094486, "incomeTaxExpense": 6845000, "netIncome": 12357000, "netIncomeRatio": 0.057334682, "eps": 0.37, "epsdiluted": 0.35, "weightedAverageShsOut": 33948000, "weightedAverageShsOutDil": 35792000, "link": "https://www.sec.gov/Archives/edgar/data/868780/000086878003000001/0000868780-03-000001-index.htm", "finalLink": "https://www.sec.gov/Archives/edgar/data/868780/000086878003000001/sec10k02.txt", "calculatedOtherExpenses": -2143000, "calculatedOperatingExpenses": 56070000, "calculatedNetInterest": 0, "calculatedOtherIncome": -3931000, "calculatedIncomeNonControlling": 0, "calculatedEbitda": 28693000}, {"date": "2001-12-29", "symbol": "DORM", "reportedCurrency": "USD", "cik": "0000868780", "fillingDate": "2002-03-19", "acceptedDate": "2002-03-19 00:00:00", "calendarYear": "2001", "period": "FY", "revenue": 201668000, "costOfRevenue": 132353000, "grossProfit": 69315000, "grossProfitRatio": 0.3437084713, "researchAndDevelopmentExpenses": 0, "generalAndAdministrativeExpenses": 0, "sellingAndMarketingExpenses": 0, "sellingGeneralAndAdministrativeExpenses": 57049000, "otherExpenses": 0, "operatingExpenses": 57049000, "costAndExpenses": 189402000, "interestIncome": 0, "interestExpense": 0, "depreciationAndAmortization": 8105000, "ebitda": 20371000, "ebitdaratio": 0.1010125553, "operatingIncome": 12266000, "operatingIncomeRatio": 0.0608227384, "totalOtherIncomeExpensesNet": -4289000, "incomeBeforeTax": 7977000, "incomeBeforeTaxRatio": 0.0395551104, "incomeTaxExpense": 2748000, "netIncome": 5229000, "netIncomeRatio": 0.0259287542, "eps": 0.15, "epsdiluted": 0.15, "weightedAverageShsOut": 34288525, "weightedAverageShsOutDil": 34368000, "link": "https://www.sec.gov/Archives/edgar/data/868780/000086878002000001/0000868780-02-000001-index.htm", "finalLink": "https://www.sec.gov/Archives/edgar/data/868780/000086878002000001/form10k01.txt", "calculatedOtherExpenses": 0, "calculatedOperatingExpenses": 57049000, "calculatedNetInterest": 0, "calculatedOtherIncome": -4289000, "calculatedIncomeNonControlling": 0, "calculatedEbitda": 20371000}, {"date": "2000-12-30", "symbol": "DORM", "reportedCurrency": "USD", "cik": "0000868780", "fillingDate": "2001-03-28", "acceptedDate": "2001-03-28 00:00:00", "calendarYear": "2000", "period": "FY", "revenue": 201390000, "costOfRevenue": 124690000, "grossProfit": 76700000, "grossProfitRatio": 0.3808530712, "researchAndDevelopmentExpenses": 0, "generalAndAdministrativeExpenses": 0, "sellingAndMarketingExpenses": 0, "sellingGeneralAndAdministrativeExpenses": 56461000, "otherExpenses": 7931000, "operatingExpenses": 64392000, "costAndExpenses": 189082000, "interestIncome": 0, "interestExpense": 0, "depreciationAndAmortization": 7931000, "ebitda": 20239000, "ebitdaratio": 0.100496549, "operatingIncome": 12308000, "operatingIncomeRatio": 0.061115249, "totalOtherIncomeExpensesNet": -6032000, "incomeBeforeTax": 6276000, "incomeBeforeTaxRatio": 0.0311634143, "incomeTaxExpense": 2181000, "netIncome": 4095000, "netIncomeRatio": 0.0203336809, "eps": 0.12, "epsdiluted": 0.12, "weightedAverageShsOut": 33428571, "weightedAverageShsOutDil": 34036000, "link": "https://www.sec.gov/Archives/edgar/data/868780/000086878001000001/0000868780-01-000001-index.htm", "finalLink": "https://www.sec.gov/Archives/edgar/data/868780/000086878001000001/0000868780-01-000001-0001.txt", "calculatedOtherExpenses": 7931000, "calculatedOperatingExpenses": 64392000, "calculatedNetInterest": 0, "calculatedOtherIncome": -6032000, "calculatedIncomeNonControlling": 0, "calculatedEbitda": 20239000}, {"date": "1999-12-25", "symbol": "DORM", "reportedCurrency": "USD", "cik": "0000868780", "fillingDate": "2000-03-24", "acceptedDate": "2000-03-24 00:00:00", "calendarYear": "1999", "period": "FY", "revenue": 236700000, "costOfRevenue": 154100000, "grossProfit": 82600000, "grossProfitRatio": 0.3489649345, "researchAndDevelopmentExpenses": 0, "generalAndAdministrativeExpenses": 0, "sellingAndMarketingExpenses": 0, "sellingGeneralAndAdministrativeExpenses": 73400000, "otherExpenses": 7600000, "operatingExpenses": 81000000, "costAndExpenses": 235100000, "interestIncome": 0, "interestExpense": 0, "depreciationAndAmortization": 7600000, "ebitda": 9200000, "ebitdaratio": 0.0388677651, "operatingIncome": 1600000, "operatingIncomeRatio": 0.0067596113, "totalOtherIncomeExpensesNet": -6900000, "incomeBeforeTax": -5300000, "incomeBeforeTaxRatio": -0.0223912125, "incomeTaxExpense": -1700000, "netIncome": -3600000, "netIncomeRatio": -0.0152091255, "eps": -0.11, "epsdiluted": -0.11, "weightedAverageShsOut": 33500000, "weightedAverageShsOutDil": 33500000, "link": "https://www.sec.gov/Archives/edgar/data/868780/000086878000000001/0000868780-00-000001-index.html", "finalLink": "https://www.sec.gov/Archives/edgar/data/868780/000086878000000001/", "calculatedOtherExpenses": 7600000, "calculatedOperatingExpenses": 81000000, "calculatedNetInterest": 0, "calculatedOtherIncome": -6900000, "calculatedIncomeNonControlling": 0, "calculatedEbitda": 9200000}, {"date": "1998-12-26", "symbol": "DORM", "reportedCurrency": "USD", "cik": "0000868780", "fillingDate": "1999-03-25", "acceptedDate": "1999-03-25 00:00:00", "calendarYear": "1998", "period": "FY", "revenue": 178300000, "costOfRevenue": 101500000, "grossProfit": 76800000, "grossProfitRatio": 0.4307347168, "researchAndDevelopmentExpenses": 0, "generalAndAdministrativeExpenses": 0, "sellingAndMarketingExpenses": 0, "sellingGeneralAndAdministrativeExpenses": 54000000, "otherExpenses": 6400000, "operatingExpenses": 60400000, "costAndExpenses": 161900000, "interestIncome": 0, "interestExpense": 0, "depreciationAndAmortization": 6400000, "ebitda": 22800000, "ebitdaratio": 0.127874369, "operatingIncome": 16400000, "operatingIncomeRatio": 0.0919798093, "totalOtherIncomeExpensesNet": -4600000, "incomeBeforeTax": 11800000, "incomeBeforeTaxRatio": 0.0661805945, "incomeTaxExpense": 4200000, "netIncome": 7600000, "netIncomeRatio": 0.0426247897, "eps": 0.23, "epsdiluted": 0.23, "weightedAverageShsOut": 33320000, "weightedAverageShsOutDil": 33684000, "link": "https://www.sec.gov/Archives/edgar/data/868780/000086878099000001/0000868780-99-000001-index.html", "finalLink": "https://www.sec.gov/Archives/edgar/data/868780/", "calculatedOtherExpenses": 6400000, "calculatedOperatingExpenses": 60400000, "calculatedNetInterest": 0, "calculatedOtherIncome": -4600000, "calculatedIncomeNonControlling": 0, "calculatedEbitda": 22800000}, {"date": "1997-12-27", "symbol": "DORM", "reportedCurrency": "USD", "cik": "0000868780", "fillingDate": "1998-03-27", "acceptedDate": "1998-03-27 00:00:00", "calendarYear": "1997", "period": "FY", "revenue": 153000000, "costOfRevenue": 88800000, "grossProfit": 64200000, "grossProfitRatio": 0.4196078431, "researchAndDevelopmentExpenses": 0, "generalAndAdministrativeExpenses": 0, "sellingAndMarketingExpenses": 0, "sellingGeneralAndAdministrativeExpenses": 45200000, "otherExpenses": 4300000, "operatingExpenses": 49500000, "costAndExpenses": 138300000, "interestIncome": 0, "interestExpense": 0, "depreciationAndAmortization": 4300000, "ebitda": 19000000, "ebitdaratio": 0.1241830065, "operatingIncome": 14700000, "operatingIncomeRatio": 0.0960784314, "totalOtherIncomeExpensesNet": -4100000, "incomeBeforeTax": 10600000, "incomeBeforeTaxRatio": 0.0692810458, "incomeTaxExpense": 3900000, "netIncome": 6700000, "netIncomeRatio": 0.0437908497, "eps": 0.21, "epsdiluted": 0.21, "weightedAverageShsOut": 32172000, "weightedAverageShsOutDil": 32172000, "link": "https://www.sec.gov/Archives/edgar/data/868780/000086878098000001/0000868780-98-000001-index.html", "finalLink": "https://www.sec.gov/Archives/edgar/data/868780/", "calculatedOtherExpenses": 4300000, "calculatedOperatingExpenses": 49500000, "calculatedNetInterest": 0, "calculatedOtherIncome": -4100000, "calculatedIncomeNonControlling": 0, "calculatedEbitda": 19000000}, {"date": "1996-12-28", "symbol": "DORM", "reportedCurrency": "USD", "cik": "0000868780", "fillingDate": "1997-03-27", "acceptedDate": "1997-03-27 00:00:00", "calendarYear": "1996", "period": "FY", "revenue": 147000000, "costOfRevenue": 86500000, "grossProfit": 60500000, "grossProfitRatio": 0.4115646259, "researchAndDevelopmentExpenses": 0, "generalAndAdministrativeExpenses": 0, "sellingAndMarketingExpenses": 0, "sellingGeneralAndAdministrativeExpenses": 42800000, "otherExpenses": 4400000, "operatingExpenses": 47200000, "costAndExpenses": 133700000, "interestIncome": 0, "interestExpense": 0, "depreciationAndAmortization": 4400000, "ebitda": 17700000, "ebitdaratio": 0.1204081633, "operatingIncome": 13300000, "operatingIncomeRatio": 0.0904761905, "totalOtherIncomeExpensesNet": -4300000, "incomeBeforeTax": 9000000, "incomeBeforeTaxRatio": 0.0612244898, "incomeTaxExpense": 3300000, "netIncome": 5700000, "netIncomeRatio": 0.0387755102, "eps": 0.18, "epsdiluted": 0.18, "weightedAverageShsOut": 31988000, "weightedAverageShsOutDil": 31988000, "link": "https://www.sec.gov/Archives/edgar/data/868780/000086878097000001/0000868780-97-000001-index.html", "finalLink": "https://www.sec.gov/Archives/edgar/data/868780/", "calculatedOtherExpenses": 4400000, "calculatedOperatingExpenses": 47200000, "calculatedNetInterest": 0, "calculatedOtherIncome": -4300000, "calculatedIncomeNonControlling": 0, "calculatedEbitda": 17700000}, {"date": "1995-12-31", "symbol": "DORM", "reportedCurrency": "USD", "cik": "0000868780", "fillingDate": "1995-12-31", "acceptedDate": "1995-12-30 19:00:00", "calendarYear": "1995", "period": "FY", "revenue": 113800000, "costOfRevenue": 65900000, "grossProfit": 47900000, "grossProfitRatio": 0.420913884, "researchAndDevelopmentExpenses": 0, "generalAndAdministrativeExpenses": 0, "sellingAndMarketingExpenses": 0, "sellingGeneralAndAdministrativeExpenses": 33700000, "otherExpenses": 3800000, "operatingExpenses": 37500000, "costAndExpenses": 103400000, "interestIncome": 0, "interestExpense": 0, "depreciationAndAmortization": 3800000, "ebitda": 14200000, "ebitdaratio": 0.1247803163, "operatingIncome": 10400000, "operatingIncomeRatio": 0.0913884007, "totalOtherIncomeExpensesNet": -3600000, "incomeBeforeTax": 6800000, "incomeBeforeTaxRatio": 0.0597539543, "incomeTaxExpense": 2400000, "netIncome": 4400000, "netIncomeRatio": 0.0386643234, "eps": 0.07, "epsdiluted": 0.07, "weightedAverageShsOut": 31932000, "weightedAverageShsOutDil": 31932000, "link": "", "finalLink": "", "calculatedOtherExpenses": 3800000, "calculatedOperatingExpenses": 37500000, "calculatedNetInterest": 0, "calculatedOtherIncome": -3600000, "calculatedIncomeNonControlling": 0, "calculatedEbitda": 14200000}, {"date": "1994-12-31", "symbol": "DORM", "reportedCurrency": "USD", "cik": "0000868780", "fillingDate": "1994-12-31", "acceptedDate": "1994-12-30 19:00:00", "calendarYear": "1994", "period": "FY", "revenue": 65800000, "costOfRevenue": 40000000, "grossProfit": 25800000, "grossProfitRatio": 0.3920972644, "researchAndDevelopmentExpenses": 0, "generalAndAdministrativeExpenses": 0, "sellingAndMarketingExpenses": 0, "sellingGeneralAndAdministrativeExpenses": 18900000, "otherExpenses": 1400000, "operatingExpenses": 20300000, "costAndExpenses": 60300000, "interestIncome": 0, "interestExpense": 0, "depreciationAndAmortization": 1400000, "ebitda": 6600000, "ebitdaratio": 0.1003039514, "operatingIncome": 5500000, "operatingIncomeRatio": 0.0835866261, "totalOtherIncomeExpensesNet": 300000, "incomeBeforeTax": 5200000, "incomeBeforeTaxRatio": 0.0790273556, "incomeTaxExpense": 2000000, "netIncome": 3200000, "netIncomeRatio": 0.0486322188, "eps": 0.0513, "epsdiluted": 0.0513, "weightedAverageShsOut": 31832000, "weightedAverageShsOutDil": 31832000, "link": "", "finalLink": "", "calculatedOtherExpenses": 1400000, "calculatedOperatingExpenses": 20300000, "calculatedNetInterest": 0, "calculatedOtherIncome": -300000, "calculatedIncomeNonControlling": 0, "calculatedEbitda": 6900000}, {"date": "1993-12-31", "symbol": "DORM", "reportedCurrency": "USD", "cik": "0000868780", "fillingDate": "1993-12-31", "acceptedDate": "1993-12-30 19:00:00", "calendarYear": "1993", "period": "FY", "revenue": 62300000, "costOfRevenue": 36600000, "grossProfit": 25700000, "grossProfitRatio": 0.4125200642, "researchAndDevelopmentExpenses": 0, "generalAndAdministrativeExpenses": 0, "sellingAndMarketingExpenses": 0, "sellingGeneralAndAdministrativeExpenses": 17000000, "otherExpenses": 1100000, "operatingExpenses": 18100000, "costAndExpenses": 54700000, "interestIncome": 0, "interestExpense": 0, "depreciationAndAmortization": 1100000, "ebitda": 8500000, "ebitdaratio": 0.1364365971, "operatingIncome": 7600000, "operatingIncomeRatio": 0.1219903692, "totalOtherIncomeExpensesNet": 200000, "incomeBeforeTax": 7000000, "incomeBeforeTaxRatio": 0.1123595506, "incomeTaxExpense": 2500000, "netIncome": 4500000, "netIncomeRatio": 0.0722311396, "eps": 0.0813, "epsdiluted": 0.0813, "weightedAverageShsOut": 31768000, "weightedAverageShsOutDil": 31768000, "link": "", "finalLink": "", "calculatedOtherExpenses": 1100000, "calculatedOperatingExpenses": 18100000, "calculatedNetInterest": 0, "calculatedOtherIncome": -600000, "calculatedIncomeNonControlling": 0, "calculatedEbitda": 8700000}, {"date": "1992-12-31", "symbol": "DORM", "reportedCurrency": "USD", "cik": "0000868780", "fillingDate": "1992-12-31", "acceptedDate": "1992-12-30 19:00:00", "calendarYear": "1992", "period": "FY", "revenue": 47400000, "costOfRevenue": 23600000, "grossProfit": 23800000, "grossProfitRatio": 0.5021097046, "researchAndDevelopmentExpenses": 0, "generalAndAdministrativeExpenses": 0, "sellingAndMarketingExpenses": 0, "sellingGeneralAndAdministrativeExpenses": 16900000, "otherExpenses": 900000, "operatingExpenses": 17800000, "costAndExpenses": 41400000, "interestIncome": 0, "interestExpense": 0, "depreciationAndAmortization": 900000, "ebitda": 6700000, "ebitdaratio": 0.141350211, "operatingIncome": 6000000, "operatingIncomeRatio": 0.1265822785, "totalOtherIncomeExpensesNet": 200000, "incomeBeforeTax": 5800000, "incomeBeforeTaxRatio": 0.1223628692, "incomeTaxExpense": 2300000, "netIncome": 3500000, "netIncomeRatio": 0.0738396624, "eps": 0.0663, "epsdiluted": 0.0663, "weightedAverageShsOut": 26704000, "weightedAverageShsOutDil": 26704000, "link": "", "finalLink": "", "calculatedOtherExpenses": 900000, "calculatedOperatingExpenses": 17800000, "calculatedNetInterest": 0, "calculatedOtherIncome": -200000, "calculatedIncomeNonControlling": 0, "calculatedEbitda": 6900000}, {"date": "1991-12-31", "symbol": "DORM", "reportedCurrency": "USD", "cik": "0000868780", "fillingDate": "1991-12-31", "acceptedDate": "1991-12-30 19:00:00", "calendarYear": "1991", "period": "FY", "revenue": 40600000, "costOfRevenue": 19100000, "grossProfit": 21500000, "grossProfitRatio": 0.5295566502, "researchAndDevelopmentExpenses": 0, "generalAndAdministrativeExpenses": 0, "sellingAndMarketingExpenses": 0, "sellingGeneralAndAdministrativeExpenses": 14600000, "otherExpenses": 800000, "operatingExpenses": 15400000, "costAndExpenses": 34500000, "interestIncome": 0, "interestExpense": 0, "depreciationAndAmortization": 800000, "ebitda": 6600000, "ebitdaratio": 0.1625615764, "operatingIncome": 6100000, "operatingIncomeRatio": 0.1502463054, "totalOtherIncomeExpensesNet": 300000, "incomeBeforeTax": 5800000, "incomeBeforeTaxRatio": 0.1428571429, "incomeTaxExpense": 2300000, "netIncome": 3500000, "netIncomeRatio": 0.0862068966, "eps": 0.07, "epsdiluted": 0.07, "weightedAverageShsOut": 26700000, "weightedAverageShsOutDil": 26700000, "link": "", "finalLink": "", "calculatedOtherExpenses": 800000, "calculatedOperatingExpenses": 15400000, "calculatedNetInterest": 0, "calculatedOtherIncome": -300000, "calculatedIncomeNonControlling": 0, "calculatedEbitda": 6900000}, {"date": "1990-12-31", "symbol": "DORM", "reportedCurrency": "USD", "cik": "0000868780", "fillingDate": "1990-12-31", "acceptedDate": "1990-12-30 19:00:00", "calendarYear": "1990", "period": "FY", "revenue": 35900000, "costOfRevenue": 16000000, "grossProfit": 19900000, "grossProfitRatio": 0.5543175487, "researchAndDevelopmentExpenses": 0, "generalAndAdministrativeExpenses": 0, "sellingAndMarketingExpenses": 0, "sellingGeneralAndAdministrativeExpenses": 12400000, "otherExpenses": 700000, "operatingExpenses": 13100000, "costAndExpenses": 29100000, "interestIncome": 0, "interestExpense": 0, "depreciationAndAmortization": 700000, "ebitda": 7400000, "ebitdaratio": 0.2061281337, "operatingIncome": 6800000, "operatingIncomeRatio": 0.1894150418, "totalOtherIncomeExpensesNet": 100000, "incomeBeforeTax": 5800000, "incomeBeforeTaxRatio": 0.1615598886, "incomeTaxExpense": 2300000, "netIncome": 3500000, "netIncomeRatio": 0.0974930362, "eps": 0.0875, "epsdiluted": 0.0875, "weightedAverageShsOut": 25800000, "weightedAverageShsOutDil": 25800000, "link": "", "finalLink": "", "calculatedOtherExpenses": 700000, "calculatedOperatingExpenses": 13100000, "calculatedNetInterest": 0, "calculatedOtherIncome": -1000000, "calculatedIncomeNonControlling": 0, "calculatedEbitda": 7500000}, {"date": "1989-12-31", "symbol": "DORM", "reportedCurrency": "USD", "cik": "0000868780", "fillingDate": "1989-12-31", "acceptedDate": "1989-12-30 19:00:00", "calendarYear": "1989", "period": "FY", "revenue": 32000000, "costOfRevenue": 15700000, "grossProfit": 16300000, "grossProfitRatio": 0.509375, "researchAndDevelopmentExpenses": 0, "generalAndAdministrativeExpenses": 0, "sellingAndMarketingExpenses": 0, "sellingGeneralAndAdministrativeExpenses": 11400000, "otherExpenses": 600000, "operatingExpenses": 12000000, "costAndExpenses": 27700000, "interestIncome": 0, "interestExpense": 0, "depreciationAndAmortization": 600000, "ebitda": 4700000, "ebitdaratio": 0.146875, "operatingIncome": 4300000, "operatingIncomeRatio": 0.134375, "totalOtherIncomeExpensesNet": 200000, "incomeBeforeTax": 3100000, "incomeBeforeTaxRatio": 0.096875, "incomeTaxExpense": 1200000, "netIncome": 1900000, "netIncomeRatio": 0.059375, "eps": 0.0475, "epsdiluted": 0.0475, "weightedAverageShsOut": 40000000, "weightedAverageShsOutDil": 40000000, "link": "", "finalLink": "", "calculatedOtherExpenses": 600000, "calculatedOperatingExpenses": 12000000, "calculatedNetInterest": 0, "calculatedOtherIncome": -1200000, "calculatedIncomeNonControlling": 0, "calculatedEbitda": 4900000}]}