{"originalCurrency": "USD", "convertedCurrency": "USD", "report": [{"date": "2023-12-31", "symbol": "DOV", "reportedCurrency": "USD", "cik": "0000029905", "fillingDate": "2024-02-09", "acceptedDate": "2024-02-09 16:31:46", "calendarYear": "2023", "period": "FY", "revenue": 8438134000, "costOfRevenue": 5353501000, "grossProfit": 3084633000, "grossProfitRatio": 0.365558665, "researchAndDevelopmentExpenses": 153111000, "generalAndAdministrativeExpenses": 1694430000, "sellingAndMarketingExpenses": 23860000, "sellingGeneralAndAdministrativeExpenses": 1718290000, "otherExpenses": 21472000, "operatingExpenses": 1718290000, "costAndExpenses": 7071791000, "interestIncome": 13496000, "interestExpense": 131305000, "depreciationAndAmortization": 317463000, "ebitda": 1718774000, "ebitdaratio": 0.2036912426, "operatingIncome": 1366343000, "operatingIncomeRatio": 0.161924781, "totalOtherIncomeExpensesNet": 21472000, "incomeBeforeTax": 1270006000, "incomeBeforeTaxRatio": 0.1505079204, "incomeTaxExpense": 213178000, "netIncome": 1056828000, "netIncomeRatio": 0.1252442779, "eps": 7.56, "epsdiluted": 7.52, "weightedAverageShsOut": 139848000, "weightedAverageShsOutDil": 140599000, "link": "https://www.sec.gov/Archives/edgar/data/29905/000002990524000008/0000029905-24-000008-index.htm", "finalLink": "https://www.sec.gov/Archives/edgar/data/29905/000002990524000008/dov-20231231.htm", "calculatedOtherExpenses": -153111000, "calculatedOperatingExpenses": 1718290000, "calculatedNetInterest": -117809000, "calculatedOtherIncome": 21472000, "calculatedIncomeNonControlling": 0, "calculatedEbitda": 1683806000}, {"date": "2022-12-31", "symbol": "DOV", "reportedCurrency": "USD", "cik": "0000029905", "fillingDate": "2023-02-10", "acceptedDate": "2023-02-10 16:27:47", "calendarYear": "2022", "period": "FY", "revenue": 8508088000, "costOfRevenue": 5444532000, "grossProfit": 3063556000, "grossProfitRatio": 0.3600757303, "researchAndDevelopmentExpenses": 163300000, "generalAndAdministrativeExpenses": 1658321000, "sellingAndMarketingExpenses": 25905000, "sellingGeneralAndAdministrativeExpenses": 1684226000, "otherExpenses": 20201000, "operatingExpenses": 1684226000, "costAndExpenses": 7128758000, "interestIncome": 4430000, "interestExpense": 116456000, "depreciationAndAmortization": 332169000, "ebitda": 1711499000, "ebitdaratio": 0.2011614125, "operatingIncome": 1379330000, "operatingIncomeRatio": 0.1621198558, "totalOtherIncomeExpensesNet": -91825000, "incomeBeforeTax": 1287505000, "incomeBeforeTaxRatio": 0.1513271842, "incomeTaxExpense": 222129000, "netIncome": 1065376000, "netIncomeRatio": 0.1252192032, "eps": 7.47, "epsdiluted": 7.42, "weightedAverageShsOut": 142681000, "weightedAverageShsOutDil": 143595000, "link": "https://www.sec.gov/Archives/edgar/data/29905/000002990523000008/0000029905-23-000008-index.htm", "finalLink": "https://www.sec.gov/Archives/edgar/data/29905/000002990523000008/dov-20221231.htm", "calculatedOtherExpenses": -163300000, "calculatedOperatingExpenses": 1684226000, "calculatedNetInterest": -112026000, "calculatedOtherIncome": 20201000, "calculatedIncomeNonControlling": 0, "calculatedEbitda": 1711499000}, {"date": "2021-12-31", "symbol": "DOV", "reportedCurrency": "USD", "cik": "0000029905", "fillingDate": "2022-02-11", "acceptedDate": "2022-02-11 16:36:48", "calendarYear": "2021", "period": "FY", "revenue": 7907081000, "costOfRevenue": 4937295000, "grossProfit": 2969786000, "grossProfitRatio": 0.3755856301, "researchAndDevelopmentExpenses": 157826000, "generalAndAdministrativeExpenses": 1664593000, "sellingAndMarketingExpenses": 23685000, "sellingGeneralAndAdministrativeExpenses": 1688278000, "otherExpenses": 14858000, "operatingExpenses": 1688278000, "costAndExpenses": 6625573000, "interestIncome": 4441000, "interestExpense": 106319000, "depreciationAndAmortization": 309422000, "ebitda": 1590930000, "ebitdaratio": 0.2012032, "operatingIncome": 1281508000, "operatingIncomeRatio": 0.1620709336, "totalOtherIncomeExpensesNet": 119318000, "incomeBeforeTax": 1400826000, "incomeBeforeTaxRatio": 0.1771609523, "incomeTaxExpense": 277008000, "netIncome": 1123818000, "netIncomeRatio": 0.1421280495, "eps": 7.81, "epsdiluted": 7.74, "weightedAverageShsOut": 143923000, "weightedAverageShsOutDil": 145273000, "link": "https://www.sec.gov/Archives/edgar/data/29905/000002990522000009/0000029905-22-000009-index.htm", "finalLink": "https://www.sec.gov/Archives/edgar/data/29905/000002990522000009/dov-20211231.htm", "calculatedOtherExpenses": -157826000, "calculatedOperatingExpenses": 1688278000, "calculatedNetInterest": -101878000, "calculatedOtherIncome": 221196000, "calculatedIncomeNonControlling": 0, "calculatedEbitda": 1590930000}, {"date": "2020-12-31", "symbol": "DOV", "reportedCurrency": "USD", "cik": "0000029905", "fillingDate": "2021-02-12", "acceptedDate": "2021-02-12 16:34:31", "calendarYear": "2020", "period": "FY", "revenue": 6683760000, "costOfRevenue": 4209741000, "grossProfit": 2474019000, "grossProfitRatio": 0.3701537757, "researchAndDevelopmentExpenses": 142101000, "generalAndAdministrativeExpenses": 1519657000, "sellingAndMarketingExpenses": 21375000, "sellingGeneralAndAdministrativeExpenses": 1541032000, "otherExpenses": 11900000, "operatingExpenses": 1541032000, "costAndExpenses": 5750773000, "interestIncome": 3571000, "interestExpense": 111937000, "depreciationAndAmortization": 294522000, "ebitda": 1227509000, "ebitdaratio": 0.1836554574, "operatingIncome": 932987000, "operatingIncomeRatio": 0.1395901409, "totalOtherIncomeExpensesNet": -91253000, "incomeBeforeTax": 841734000, "incomeBeforeTaxRatio": 0.125937197, "incomeTaxExpense": 158283000, "netIncome": 683451000, "netIncomeRatio": 0.102255467, "eps": 4.74, "epsdiluted": 4.7, "weightedAverageShsOut": 144050000, "weightedAverageShsOutDil": 145393000, "link": "https://www.sec.gov/Archives/edgar/data/29905/000002990521000010/0000029905-21-000010-index.htm", "finalLink": "https://www.sec.gov/Archives/edgar/data/29905/000002990521000010/dov-20201231.htm", "calculatedOtherExpenses": -142101000, "calculatedOperatingExpenses": 1541032000, "calculatedNetInterest": -108366000, "calculatedOtherIncome": 17113000, "calculatedIncomeNonControlling": 0, "calculatedEbitda": 1227509000}, {"date": "2019-12-31", "symbol": "DOV", "reportedCurrency": "USD", "cik": "0000029905", "fillingDate": "2020-02-14", "acceptedDate": "2020-02-14 16:35:38", "calendarYear": "2019", "period": "FY", "revenue": 7136397000, "costOfRevenue": 4515459000, "grossProfit": 2620938000, "grossProfitRatio": 0.3672634804, "researchAndDevelopmentExpenses": 140957000, "generalAndAdministrativeExpenses": 1574489000, "sellingAndMarketingExpenses": 24609000, "sellingGeneralAndAdministrativeExpenses": 1599098000, "otherExpenses": 12950000, "operatingExpenses": 1599098000, "costAndExpenses": 6114557000, "interestIncome": 4526000, "interestExpense": 125818000, "depreciationAndAmortization": 336709000, "ebitda": 1311603000, "ebitdaratio": 0.1837906439, "operatingIncome": 974894000, "operatingIncomeRatio": 0.1366087117, "totalOtherIncomeExpensesNet": -131885000, "incomeBeforeTax": 843009000, "incomeBeforeTaxRatio": 0.1181280974, "incomeTaxExpense": 165091000, "netIncome": 677918000, "netIncomeRatio": 0.0949944349, "eps": 4.67, "epsdiluted": 4.61, "weightedAverageShsOut": 145198000, "weightedAverageShsOutDil": 146992000, "link": "https://www.sec.gov/Archives/edgar/data/29905/000002990520000011/0000029905-20-000011-index.htm", "finalLink": "https://www.sec.gov/Archives/edgar/data/29905/000002990520000011/dov-20191231.htm", "calculatedOtherExpenses": -94011000, "calculatedOperatingExpenses": 1646044000, "calculatedNetInterest": -121292000, "calculatedOtherIncome": -10593000, "calculatedIncomeNonControlling": 0, "calculatedEbitda": 1311603000}, {"date": "2018-12-31", "symbol": "DOV", "reportedCurrency": "USD", "cik": "0000029905", "fillingDate": "2019-02-15", "acceptedDate": "2019-02-15 17:22:29", "calendarYear": "2018", "period": "FY", "revenue": 6992118000, "costOfRevenue": 4432562000, "grossProfit": 2559556000, "grossProfitRatio": 0.3660630441, "researchAndDevelopmentExpenses": 143033000, "generalAndAdministrativeExpenses": 1716444000, "sellingAndMarketingExpenses": 26831000, "sellingGeneralAndAdministrativeExpenses": 1716444000, "otherExpenses": 4357000, "operatingExpenses": 1716444000, "costAndExpenses": 6149006000, "interestIncome": 8881000, "interestExpense": 130972000, "depreciationAndAmortization": 282580000, "ebitda": 1138930000, "ebitdaratio": 0.1628876973, "operatingIncome": 843112000, "operatingIncomeRatio": 0.1205803449, "totalOtherIncomeExpensesNet": 4357000, "incomeBeforeTax": 725378000, "incomeBeforeTaxRatio": 0.1037422423, "incomeTaxExpense": 134233000, "netIncome": 570267000, "netIncomeRatio": 0.0815585492, "eps": 3.8, "epsdiluted": 3.75, "weightedAverageShsOut": 149874000, "weightedAverageShsOutDil": 152133000, "link": "https://www.sec.gov/Archives/edgar/data/29905/000002990519000019/0000029905-19-000019-index.htm", "finalLink": "https://www.sec.gov/Archives/edgar/data/29905/000002990519000019/wfx-20181231.htm", "calculatedOtherExpenses": -143033000, "calculatedOperatingExpenses": 1716444000, "calculatedNetInterest": -122091000, "calculatedOtherIncome": 4357000, "calculatedIncomeNonControlling": 20878000, "calculatedEbitda": 1125692000}, {"date": "2017-12-31", "symbol": "DOV", "reportedCurrency": "USD", "cik": "0000029905", "fillingDate": "2018-02-09", "acceptedDate": "2018-02-09 16:38:48", "calendarYear": "2017", "period": "FY", "revenue": 7830436000, "costOfRevenue": 4940059000, "grossProfit": 2890377000, "grossProfitRatio": 0.3691208255, "researchAndDevelopmentExpenses": 130536000, "generalAndAdministrativeExpenses": 1975932000, "sellingAndMarketingExpenses": 0, "sellingGeneralAndAdministrativeExpenses": 1975932000, "otherExpenses": -7034000, "operatingExpenses": 1975932000, "costAndExpenses": 6915991000, "interestIncome": 8502000, "interestExpense": 145208000, "depreciationAndAmortization": 394240000, "ebitda": 1310153000, "ebitdaratio": 0.1673154598, "operatingIncome": 914445000, "operatingIncomeRatio": 0.1167808536, "totalOtherIncomeExpensesNet": 196104000, "incomeBeforeTax": 973843000, "incomeBeforeTaxRatio": 0.1243663827, "incomeTaxExpense": 162178000, "netIncome": 811665000, "netIncomeRatio": 0.1036551477, "eps": 5.21, "epsdiluted": 5.15, "weightedAverageShsOut": 155685000, "weightedAverageShsOutDil": 157744000, "link": "https://www.sec.gov/Archives/edgar/data/29905/000002990518000013/0000029905-18-000013-index.htm", "finalLink": "https://www.sec.gov/Archives/edgar/data/29905/000002990518000013/a2017123110-k.htm", "calculatedOtherExpenses": -130536000, "calculatedOperatingExpenses": 1975932000, "calculatedNetInterest": -136706000, "calculatedOtherIncome": 196104000, "calculatedIncomeNonControlling": 0, "calculatedEbitda": 1308685000}, {"date": "2016-12-31", "symbol": "DOV", "reportedCurrency": "USD", "cik": "0000029905", "fillingDate": "2017-02-10", "acceptedDate": "2017-02-10 17:21:03", "calendarYear": "2016", "period": "FY", "revenue": 6794342000, "costOfRevenue": 4322373000, "grossProfit": 2471969000, "grossProfitRatio": 0.3638275789, "researchAndDevelopmentExpenses": 104479000, "generalAndAdministrativeExpenses": 1757523000, "sellingAndMarketingExpenses": 0, "sellingGeneralAndAdministrativeExpenses": 1757523000, "otherExpenses": 7930000, "operatingExpenses": 1757523000, "costAndExpenses": 6079896000, "interestIncome": 6759000, "interestExpense": 136401000, "depreciationAndAmortization": 360739000, "ebitda": 1089874000, "ebitdaratio": 0.160409058, "operatingIncome": 714446000, "operatingIncomeRatio": 0.1051530818, "totalOtherIncomeExpensesNet": 104528000, "incomeBeforeTax": 689332000, "incomeBeforeTaxRatio": 0.1014567709, "incomeTaxExpense": 180440000, "netIncome": 508892000, "netIncomeRatio": 0.0748993795, "eps": 3.28, "epsdiluted": 3.25, "weightedAverageShsOut": 155231000, "weightedAverageShsOutDil": 156636000, "link": "https://www.sec.gov/Archives/edgar/data/29905/000002990517000011/0000029905-17-000011-index.htm", "finalLink": "https://www.sec.gov/Archives/edgar/data/29905/000002990517000011/a2016123110-k.htm", "calculatedOtherExpenses": -104479000, "calculatedOperatingExpenses": 1757523000, "calculatedNetInterest": -129642000, "calculatedOtherIncome": 104528000, "calculatedIncomeNonControlling": 0, "calculatedEbitda": 1075185000}, {"date": "2015-12-31", "symbol": "DOV", "reportedCurrency": "USD", "cik": "0000029905", "fillingDate": "2016-02-12", "acceptedDate": "2016-02-12 06:47:30", "calendarYear": "2015", "period": "FY", "revenue": 6956311000, "costOfRevenue": 4388167000, "grossProfit": 2568144000, "grossProfitRatio": 0.3691818839, "researchAndDevelopmentExpenses": 115037000, "generalAndAdministrativeExpenses": 1647382000, "sellingAndMarketingExpenses": 0, "sellingGeneralAndAdministrativeExpenses": 1647382000, "otherExpenses": 7105000, "operatingExpenses": 1647382000, "costAndExpenses": 6035549000, "interestIncome": 4419000, "interestExpense": 131676000, "depreciationAndAmortization": 327089000, "ebitda": 1247851000, "ebitdaratio": 0.1793840155, "operatingIncome": 920762000, "operatingIncomeRatio": 0.1323635473, "totalOtherIncomeExpensesNet": 7105000, "incomeBeforeTax": 800610000, "incomeBeforeTaxRatio": 0.115091174, "incomeTaxExpense": 204729000, "netIncome": 869829000, "netIncomeRatio": 0.1250417067, "eps": 5.52, "epsdiluted": 5.46, "weightedAverageShsOut": 157619000, "weightedAverageShsOutDil": 159172000, "link": "https://www.sec.gov/Archives/edgar/data/29905/000002990516000064/0000029905-16-000064-index.htm", "finalLink": "https://www.sec.gov/Archives/edgar/data/29905/000002990516000064/a2015123110-k.htm", "calculatedOtherExpenses": -115037000, "calculatedOperatingExpenses": 1647382000, "calculatedNetInterest": -127257000, "calculatedOtherIncome": 7105000, "calculatedIncomeNonControlling": -273948000, "calculatedEbitda": 1247851000}, {"date": "2014-12-31", "symbol": "DOV", "reportedCurrency": "USD", "cik": "0000029905", "fillingDate": "2015-02-13", "acceptedDate": "2015-02-13 08:05:52", "calendarYear": "2014", "period": "FY", "revenue": 7752728000, "costOfRevenue": 4778479000, "grossProfit": 2974249000, "grossProfitRatio": 0.3836390236, "researchAndDevelopmentExpenses": 118411000, "generalAndAdministrativeExpenses": 1758765000, "sellingAndMarketingExpenses": 0, "sellingGeneralAndAdministrativeExpenses": 1758765000, "otherExpenses": 5902000, "operatingExpenses": 1758765000, "costAndExpenses": 6537244000, "interestIncome": 4510000, "interestExpense": 131689000, "depreciationAndAmortization": 307188000, "ebitda": 1522672000, "ebitdaratio": 0.196404672, "operatingIncome": 1215484000, "operatingIncomeRatio": 0.1567814581, "totalOtherIncomeExpensesNet": 5902000, "incomeBeforeTax": 1094207000, "incomeBeforeTaxRatio": 0.1411383193, "incomeTaxExpense": 316067000, "netIncome": 775235000, "netIncomeRatio": 0.0999951243, "eps": 4.65, "epsdiluted": 4.59, "weightedAverageShsOut": 166692000, "weightedAverageShsOutDil": 168842000, "link": "https://www.sec.gov/Archives/edgar/data/29905/000002990515000007/0000029905-15-000007-index.htm", "finalLink": "https://www.sec.gov/Archives/edgar/data/29905/000002990515000007/a2014123110-k.htm", "calculatedOtherExpenses": -118411000, "calculatedOperatingExpenses": 1758765000, "calculatedNetInterest": -127179000, "calculatedOtherIncome": 5902000, "calculatedIncomeNonControlling": 2905000, "calculatedEbitda": 1522672000}, {"date": "2013-12-31", "symbol": "DOV", "reportedCurrency": "USD", "cik": "0000029905", "fillingDate": "2014-02-14", "acceptedDate": "2014-02-14 08:25:34", "calendarYear": "2013", "period": "FY", "revenue": 8729813000, "costOfRevenue": 5390032000, "grossProfit": 3339781000, "grossProfitRatio": 0.3825718833, "researchAndDevelopmentExpenses": 117178000, "generalAndAdministrativeExpenses": 1985849000, "sellingAndMarketingExpenses": 0, "sellingGeneralAndAdministrativeExpenses": 1985849000, "otherExpenses": 4222000, "operatingExpenses": 1985849000, "costAndExpenses": 7375881000, "interestIncome": 3905000, "interestExpense": 124647000, "depreciationAndAmortization": 421616000, "ebitda": 1775548000, "ebitdaratio": 0.2033890073, "operatingIncome": 1353932000, "operatingIncomeRatio": 0.1550928983, "totalOtherIncomeExpensesNet": 4222000, "incomeBeforeTax": 1237412000, "incomeBeforeTaxRatio": 0.1417455334, "incomeTaxExpense": 271607000, "netIncome": 1003129000, "netIncomeRatio": 0.1149084179, "eps": 5.86, "epsdiluted": 5.78, "weightedAverageShsOut": 171271000, "weightedAverageShsOutDil": 173547000, "link": "https://www.sec.gov/Archives/edgar/data/29905/000002990514000012/0000029905-14-000012-index.htm", "finalLink": "https://www.sec.gov/Archives/edgar/data/29905/000002990514000012/a2013123110-k.htm", "calculatedOtherExpenses": -117178000, "calculatedOperatingExpenses": 1985849000, "calculatedNetInterest": -120742000, "calculatedOtherIncome": 4222000, "calculatedIncomeNonControlling": -37324000, "calculatedEbitda": 1775548000}, {"date": "2012-12-31", "symbol": "DOV", "reportedCurrency": "USD", "cik": "0000029905", "fillingDate": "2013-02-15", "acceptedDate": "2013-02-15 08:34:43", "calendarYear": "2012", "period": "FY", "revenue": 8104339000, "costOfRevenue": 4997274000, "grossProfit": 3107065000, "grossProfitRatio": 0.3833829014, "researchAndDevelopmentExpenses": 123639000, "generalAndAdministrativeExpenses": 1841688000, "sellingAndMarketingExpenses": 0, "sellingGeneralAndAdministrativeExpenses": 1841688000, "otherExpenses": -6665000, "operatingExpenses": 1841688000, "costAndExpenses": 6838962000, "interestIncome": 4854000, "interestExpense": 125995000, "depreciationAndAmortization": 357585000, "ebitda": 1622962000, "ebitdaratio": 0.2002584048, "operatingIncome": 1265377000, "operatingIncomeRatio": 0.1561357441, "totalOtherIncomeExpensesNet": -6665000, "incomeBeforeTax": 1137571000, "incomeBeforeTaxRatio": 0.1403656733, "incomeTaxExpense": 304452000, "netIncome": 811070000, "netIncomeRatio": 0.1000784888, "eps": 4.47, "epsdiluted": 4.41, "weightedAverageShsOut": 181551000, "weightedAverageShsOutDil": 183993000, "link": "https://www.sec.gov/Archives/edgar/data/29905/000002990513000014/0000029905-13-000014-index.htm", "finalLink": "https://www.sec.gov/Archives/edgar/data/29905/000002990513000014/a2012123110-k.htm", "calculatedOtherExpenses": -123639000, "calculatedOperatingExpenses": 1841688000, "calculatedNetInterest": -121141000, "calculatedOtherIncome": -6665000, "calculatedIncomeNonControlling": 22049000, "calculatedEbitda": 1622962000}, {"date": "2011-12-31", "symbol": "DOV", "reportedCurrency": "USD", "cik": "0000029905", "fillingDate": "2012-02-10", "acceptedDate": "2012-02-10 08:01:01", "calendarYear": "2011", "period": "FY", "revenue": 7950140000, "costOfRevenue": 4898716000, "grossProfit": 3051424000, "grossProfitRatio": 0.3838201591, "researchAndDevelopmentExpenses": 0, "generalAndAdministrativeExpenses": 1840609000, "sellingAndMarketingExpenses": 0, "sellingGeneralAndAdministrativeExpenses": 1840609000, "otherExpenses": 0, "operatingExpenses": 1840609000, "costAndExpenses": 6739325000, "interestIncome": 9282000, "interestExpense": 124878000, "depreciationAndAmortization": 303143000, "ebitda": 1514013000, "ebitdaratio": 0.1904385332, "operatingIncome": 1210815000, "operatingIncomeRatio": 0.1523010916, "totalOtherIncomeExpensesNet": -55000, "incomeBeforeTax": 1095164000, "incomeBeforeTaxRatio": 0.1377540521, "incomeTaxExpense": 248799000, "netIncome": 895243000, "netIncomeRatio": 0.1126071994, "eps": 4.82, "epsdiluted": 4.74, "weightedAverageShsOut": 185882000, "weightedAverageShsOutDil": 188887000, "link": "https://www.sec.gov/Archives/edgar/data/29905/000002990512000008/0000029905-12-000008-index.htm", "finalLink": "https://www.sec.gov/Archives/edgar/data/29905/000002990512000008/form10k-123111.htm", "calculatedOtherExpenses": 0, "calculatedOperatingExpenses": 1840609000, "calculatedNetInterest": -115596000, "calculatedOtherIncome": -55000, "calculatedIncomeNonControlling": -48878000, "calculatedEbitda": 1513958000}, {"date": "2010-12-31", "symbol": "DOV", "reportedCurrency": "USD", "cik": "0000029905", "fillingDate": "2011-02-11", "acceptedDate": "2011-02-11 10:31:03", "calendarYear": "2010", "period": "FY", "revenue": 7132648000, "costOfRevenue": 4399990000, "grossProfit": 2732658000, "grossProfitRatio": 0.3831197053, "researchAndDevelopmentExpenses": 0, "generalAndAdministrativeExpenses": 1697721000, "sellingAndMarketingExpenses": 0, "sellingGeneralAndAdministrativeExpenses": 1697721000, "otherExpenses": 0, "operatingExpenses": 1697721000, "costAndExpenses": 6097711000, "interestIncome": 0, "interestExpense": 106341000, "depreciationAndAmortization": 268406000, "ebitda": 1303343000, "ebitdaratio": 0.1827291912, "operatingIncome": 1034937000, "operatingIncomeRatio": 0.1450985665, "totalOtherIncomeExpensesNet": -3512000, "incomeBeforeTax": 925084000, "incomeBeforeTaxRatio": 0.1296971335, "incomeTaxExpense": 217176000, "netIncome": 700104000, "netIncomeRatio": 0.0981548508, "eps": 3.75, "epsdiluted": 3.7, "weightedAverageShsOut": 186897000, "weightedAverageShsOutDil": 189170000, "link": "https://www.sec.gov/Archives/edgar/data/29905/000095012311012422/0000950123-11-012422-index.htm", "finalLink": "https://www.sec.gov/Archives/edgar/data/29905/000095012311012422/y87986e10vk.htm", "calculatedOtherExpenses": 0, "calculatedOperatingExpenses": 1697721000, "calculatedNetInterest": -106341000, "calculatedOtherIncome": -3512000, "calculatedIncomeNonControlling": 7804000, "calculatedEbitda": 1303343000}, {"date": "2009-12-31", "symbol": "DOV", "reportedCurrency": "USD", "cik": "0000029905", "fillingDate": "2010-02-19", "acceptedDate": "2010-02-19 14:54:37", "calendarYear": "2009", "period": "FY", "revenue": 5775689000, "costOfRevenue": 3676535000, "grossProfit": 2099154000, "grossProfitRatio": 0.3634465083, "researchAndDevelopmentExpenses": 0, "generalAndAdministrativeExpenses": 1511111000, "sellingAndMarketingExpenses": 0, "sellingGeneralAndAdministrativeExpenses": 1511111000, "otherExpenses": 0, "operatingExpenses": 1511111000, "costAndExpenses": 5187646000, "interestIncome": 0, "interestExpense": 100375000, "depreciationAndAmortization": 258223000, "ebitda": 846266000, "ebitdaratio": 0.1465220859, "operatingIncome": 588043000, "operatingIncomeRatio": 0.1018134806, "totalOtherIncomeExpensesNet": 3950000, "incomeBeforeTax": 491618000, "incomeBeforeTaxRatio": 0.0851185027, "incomeTaxExpense": 119724000, "netIncome": 356438000, "netIncomeRatio": 0.0617135029, "eps": 1.91, "epsdiluted": 1.91, "weightedAverageShsOut": 186136000, "weightedAverageShsOutDil": 186736000, "link": "https://www.sec.gov/Archives/edgar/data/29905/000095012310014502/0000950123-10-014502-index.htm", "finalLink": "https://www.sec.gov/Archives/edgar/data/29905/000095012310014502/y81455e10vk.htm", "calculatedOtherExpenses": 0, "calculatedOperatingExpenses": 1511111000, "calculatedNetInterest": -100375000, "calculatedOtherIncome": 3950000, "calculatedIncomeNonControlling": 15456000, "calculatedEbitda": 846266000}, {"date": "2008-12-31", "symbol": "DOV", "reportedCurrency": "USD", "cik": "0000029905", "fillingDate": "2009-02-20", "acceptedDate": "2009-02-20 14:05:06", "calendarYear": "2008", "period": "FY", "revenue": 7568888000, "costOfRevenue": 4838881000, "grossProfit": 2730007000, "grossProfitRatio": 0.3606879901, "researchAndDevelopmentExpenses": 0, "generalAndAdministrativeExpenses": 1700677000, "sellingAndMarketingExpenses": 0, "sellingGeneralAndAdministrativeExpenses": 1700677000, "otherExpenses": 0, "operatingExpenses": 1700677000, "costAndExpenses": 6539558000, "interestIncome": 25452000, "interestExpense": 108763000, "depreciationAndAmortization": 261154000, "ebitda": 1315936000, "ebitdaratio": 0.1738612066, "operatingIncome": 1029330000, "operatingIncomeRatio": 0.135994878, "totalOtherIncomeExpensesNet": 12726000, "incomeBeforeTax": 946019000, "incomeBeforeTaxRatio": 0.124987845, "incomeTaxExpense": 251261000, "netIncome": 590831000, "netIncomeRatio": 0.078060476, "eps": 3.13, "epsdiluted": 3.12, "weightedAverageShsOut": 188481000, "weightedAverageShsOutDil": 189269000, "link": "https://www.sec.gov/Archives/edgar/data/29905/000095012309003170/0000950123-09-003170-index.htm", "finalLink": "https://www.sec.gov/Archives/edgar/data/29905/000095012309003170/y74690e10vk.htm", "calculatedOtherExpenses": 0, "calculatedOperatingExpenses": 1700677000, "calculatedNetInterest": -83311000, "calculatedOtherIncome": 0, "calculatedIncomeNonControlling": 103927000, "calculatedEbitda": 1290484000}, {"date": "2007-12-31", "symbol": "DOV", "reportedCurrency": "USD", "cik": "0000029905", "fillingDate": "2008-02-28", "acceptedDate": "2008-02-28 13:59:09", "calendarYear": "2007", "period": "FY", "revenue": 7226089000, "costOfRevenue": 4604422000, "grossProfit": 2621667000, "grossProfitRatio": 0.3628057999, "researchAndDevelopmentExpenses": 0, "generalAndAdministrativeExpenses": 1640977000, "sellingAndMarketingExpenses": 0, "sellingGeneralAndAdministrativeExpenses": 1640977000, "otherExpenses": 0, "operatingExpenses": 1640977000, "costAndExpenses": 6245399000, "interestIncome": 0, "interestExpense": 89008000, "depreciationAndAmortization": 245028000, "ebitda": 1229796000, "ebitdaratio": 0.1701883273, "operatingIncome": 980690000, "operatingIncomeRatio": 0.1357151842, "totalOtherIncomeExpensesNet": -4078000, "incomeBeforeTax": 887604000, "incomeBeforeTaxRatio": 0.1228332505, "incomeTaxExpense": 234331000, "netIncome": 661080000, "netIncomeRatio": 0.0914851727, "eps": 3.28, "epsdiluted": 3.26, "weightedAverageShsOut": 201330000, "weightedAverageShsOutDil": 202918000, "link": "https://www.sec.gov/Archives/edgar/data/29905/000095012308002255/0000950123-08-002255-index.htm", "finalLink": "https://www.sec.gov/Archives/edgar/data/29905/000095012308002255/y47442e10vk.htm", "calculatedOtherExpenses": 0, "calculatedOperatingExpenses": 1640977000, "calculatedNetInterest": -89008000, "calculatedOtherIncome": -4078000, "calculatedIncomeNonControlling": -7807000, "calculatedEbitda": 1225718000}, {"date": "2006-12-31", "symbol": "DOV", "reportedCurrency": "USD", "cik": "0000029905", "fillingDate": "2007-02-28", "acceptedDate": "2007-02-28 16:31:14", "calendarYear": "2006", "period": "FY", "revenue": 6511623000, "costOfRevenue": 4163581000, "grossProfit": 2348042000, "grossProfitRatio": 0.360592436, "researchAndDevelopmentExpenses": 0, "generalAndAdministrativeExpenses": 1436237000, "sellingAndMarketingExpenses": 0, "sellingGeneralAndAdministrativeExpenses": 1436237000, "otherExpenses": 0, "operatingExpenses": 1436237000, "costAndExpenses": 5599818000, "interestIncome": 0, "interestExpense": 76984000, "depreciationAndAmortization": 201501000, "ebitda": 1125258000, "ebitdaratio": 0.1728076088, "operatingIncome": 911805000, "operatingIncomeRatio": 0.1400273019, "totalOtherIncomeExpensesNet": -11952000, "incomeBeforeTax": 822869000, "incomeBeforeTaxRatio": 0.1263692631, "incomeTaxExpense": 219541000, "netIncome": 561782000, "netIncomeRatio": 0.0862737293, "eps": 2.76, "epsdiluted": 2.74, "weightedAverageShsOut": 203773000, "weightedAverageShsOutDil": 205497000, "link": "https://www.sec.gov/Archives/edgar/data/29905/000095012307002935/0000950123-07-002935-index.htm", "finalLink": "https://www.sec.gov/Archives/edgar/data/29905/000095012307002935/y30920e10vk.htm", "calculatedOtherExpenses": 0, "calculatedOperatingExpenses": 1436237000, "calculatedNetInterest": -76984000, "calculatedOtherIncome": -11952000, "calculatedIncomeNonControlling": 41546000, "calculatedEbitda": 1113306000}, {"date": "2005-12-31", "symbol": "DOV", "reportedCurrency": "USD", "cik": "0000029905", "fillingDate": "2006-03-07", "acceptedDate": "2006-03-07 12:34:15", "calendarYear": "2005", "period": "FY", "revenue": 6078380000, "costOfRevenue": 3999023000, "grossProfit": 2079357000, "grossProfitRatio": 0.3420906557, "researchAndDevelopmentExpenses": 0, "generalAndAdministrativeExpenses": 1378902000, "sellingAndMarketingExpenses": 0, "sellingGeneralAndAdministrativeExpenses": 1378902000, "otherExpenses": 0, "operatingExpenses": 1378902000, "costAndExpenses": 5377925000, "interestIncome": 0, "interestExpense": 72206000, "depreciationAndAmortization": 175719000, "ebitda": 860835000, "ebitdaratio": 0.1416224389, "operatingIncome": 700455000, "operatingIncomeRatio": 0.1152371191, "totalOtherIncomeExpensesNet": 15339000, "incomeBeforeTax": 643588000, "incomeBeforeTaxRatio": 0.1058815013, "incomeTaxExpense": 169135000, "netIncome": 510142000, "netIncomeRatio": 0.0839272964, "eps": 2.52, "epsdiluted": 2.5, "weightedAverageShsOut": 202979000, "weightedAverageShsOutDil": 204177000, "link": "https://www.sec.gov/Archives/edgar/data/29905/000095012306002706/0000950123-06-002706-index.htm", "finalLink": "https://www.sec.gov/Archives/edgar/data/29905/000095012306002706/y17933e10vk.htm", "calculatedOtherExpenses": 0, "calculatedOperatingExpenses": 1378902000, "calculatedNetInterest": -72206000, "calculatedOtherIncome": 15339000, "calculatedIncomeNonControlling": -35689000, "calculatedEbitda": 876174000}, {"date": "2004-12-31", "symbol": "DOV", "reportedCurrency": "USD", "cik": "0000029905", "fillingDate": "2005-03-14", "acceptedDate": "2005-03-14 10:32:23", "calendarYear": "2004", "period": "FY", "revenue": 5488112000, "costOfRevenue": 3593748000, "grossProfit": 1894364000, "grossProfitRatio": 0.3451759002, "researchAndDevelopmentExpenses": 0, "generalAndAdministrativeExpenses": 1282162000, "sellingAndMarketingExpenses": 0, "sellingGeneralAndAdministrativeExpenses": 1282162000, "otherExpenses": 0, "operatingExpenses": 1282162000, "costAndExpenses": 4875910000, "interestIncome": 0, "interestExpense": 0, "depreciationAndAmortization": 160845000, "ebitda": 771813000, "ebitdaratio": 0.1406336095, "operatingIncome": 612202000, "operatingIncomeRatio": 0.111550566, "totalOtherIncomeExpensesNet": 1234000, "incomeBeforeTax": 552146000, "incomeBeforeTaxRatio": 0.1006076407, "incomeTaxExpense": 143006000, "netIncome": 412755000, "netIncomeRatio": 0.0752089243, "eps": 2.03, "epsdiluted": 2.02, "weightedAverageShsOut": 203275000, "weightedAverageShsOutDil": 204786000, "link": "https://www.sec.gov/Archives/edgar/data/29905/000095012305003055/0000950123-05-003055-index.htm", "finalLink": "https://www.sec.gov/Archives/edgar/data/29905/000095012305003055/y06204e10vk.txt", "calculatedOtherExpenses": 0, "calculatedOperatingExpenses": 1282162000, "calculatedNetInterest": 0, "calculatedOtherIncome": -60056000, "calculatedIncomeNonControlling": -3615000, "calculatedEbitda": 773047000}, {"date": "2003-12-31", "symbol": "DOV", "reportedCurrency": "USD", "cik": "0000029905", "fillingDate": "2004-02-27", "acceptedDate": "2004-02-27 15:35:58", "calendarYear": "2003", "period": "FY", "revenue": 4413296000, "costOfRevenue": 2892874000, "grossProfit": 1520422000, "grossProfitRatio": 0.3445094097, "researchAndDevelopmentExpenses": 0, "generalAndAdministrativeExpenses": 1076664000, "sellingAndMarketingExpenses": 0, "sellingGeneralAndAdministrativeExpenses": 1076664000, "otherExpenses": 0, "operatingExpenses": 1076664000, "costAndExpenses": 3969538000, "interestIncome": 0, "interestExpense": 0, "depreciationAndAmortization": 151309000, "ebitda": 604767000, "ebitdaratio": 0.1370329568, "operatingIncome": 443758000, "operatingIncomeRatio": 0.1005502463, "totalOtherIncomeExpensesNet": -9700000, "incomeBeforeTax": 371892000, "incomeBeforeTaxRatio": 0.0842662717, "incomeTaxExpense": 86676000, "netIncome": 292927000, "netIncomeRatio": 0.0663737488, "eps": 1.45, "epsdiluted": 1.44, "weightedAverageShsOut": 202576000, "weightedAverageShsOutDil": 203614000, "link": "https://www.sec.gov/Archives/edgar/data/29905/000095012304002493/0000950123-04-002493-index.htm", "finalLink": "https://www.sec.gov/Archives/edgar/data/29905/000095012304002493/y94456e10vk.txt", "calculatedOtherExpenses": 0, "calculatedOperatingExpenses": 1076664000, "calculatedNetInterest": 0, "calculatedOtherIncome": -71866000, "calculatedIncomeNonControlling": -7711000, "calculatedEbitda": 595067000}, {"date": "2002-12-31", "symbol": "DOV", "reportedCurrency": "USD", "cik": "0000029905", "fillingDate": "2003-03-11", "acceptedDate": "2003-03-10 19:43:24", "calendarYear": "2002", "period": "FY", "revenue": 4183664000, "costOfRevenue": 2823348000, "grossProfit": 1360316000, "grossProfitRatio": 0.3251494384, "researchAndDevelopmentExpenses": 0, "generalAndAdministrativeExpenses": 1018696000, "sellingAndMarketingExpenses": 0, "sellingGeneralAndAdministrativeExpenses": 1018696000, "otherExpenses": 0, "operatingExpenses": 1018696000, "costAndExpenses": 3842044000, "interestIncome": 0, "interestExpense": 0, "depreciationAndAmortization": 161003000, "ebitda": 509723000, "ebitdaratio": 0.121836505, "operatingIncome": 341620000, "operatingIncomeRatio": 0.081655697, "totalOtherIncomeExpensesNet": -7100000, "incomeBeforeTax": 269691000, "incomeBeforeTaxRatio": 0.0644628727, "incomeTaxExpense": 58542000, "netIncome": -121261000, "netIncomeRatio": -0.0289844022, "eps": -0.6, "epsdiluted": -0.6, "weightedAverageShsOut": 202101667, "weightedAverageShsOutDil": 203346000, "link": "https://www.sec.gov/Archives/edgar/data/29905/000095012303002694/0000950123-03-002694-index.htm", "finalLink": "https://www.sec.gov/Archives/edgar/data/29905/000095012303002694/y82369e10vk.txt", "calculatedOtherExpenses": 0, "calculatedOperatingExpenses": 1018696000, "calculatedNetInterest": 0, "calculatedOtherIncome": -71929000, "calculatedIncomeNonControlling": 332410000, "calculatedEbitda": 502623000}, {"date": "2001-12-31", "symbol": "DOV", "reportedCurrency": "USD", "cik": "0000029905", "fillingDate": "2002-03-01", "acceptedDate": "2002-03-01 00:00:00", "calendarYear": "2001", "period": "FY", "revenue": 4459695000, "costOfRevenue": 3064326000, "grossProfit": 1395369000, "grossProfitRatio": 0.3128844013, "researchAndDevelopmentExpenses": 0, "generalAndAdministrativeExpenses": 1096346000, "sellingAndMarketingExpenses": 0, "sellingGeneralAndAdministrativeExpenses": 1096346000, "otherExpenses": 0, "operatingExpenses": 1096346000, "costAndExpenses": 4160672000, "interestIncome": 0, "interestExpense": 0, "depreciationAndAmortization": 219963000, "ebitda": 504295000, "ebitdaratio": 0.1130783607, "operatingIncome": 299023000, "operatingIncomeRatio": 0.067050101, "totalOtherIncomeExpensesNet": 14691000, "incomeBeforeTax": 238434000, "incomeBeforeTaxRatio": 0.0534641943, "incomeTaxExpense": 71595000, "netIncome": 248537000, "netIncomeRatio": 0.0557295959, "eps": 1.22, "epsdiluted": 1.22, "weightedAverageShsOut": 203718852, "weightedAverageShsOutDil": 203718852, "link": "https://www.sec.gov/Archives/edgar/data/29905/000095012302002088/0000950123-02-002088-index.htm", "finalLink": "https://www.sec.gov/Archives/edgar/data/29905/000095012302002088/y57911e10-k.htm", "calculatedOtherExpenses": 0, "calculatedOperatingExpenses": 1096346000, "calculatedNetInterest": 0, "calculatedOtherIncome": -60589000, "calculatedIncomeNonControlling": -81698000, "calculatedEbitda": 518986000}, {"date": "2000-12-31", "symbol": "DOV", "reportedCurrency": "USD", "cik": "0000029905", "fillingDate": "2001-03-13", "acceptedDate": "2001-03-13 00:00:00", "calendarYear": "2000", "period": "FY", "revenue": 5400717000, "costOfRevenue": 3230111000, "grossProfit": 2170606000, "grossProfitRatio": 0.4019107093, "researchAndDevelopmentExpenses": 0, "generalAndAdministrativeExpenses": 1124012000, "sellingAndMarketingExpenses": 0, "sellingGeneralAndAdministrativeExpenses": 1124012000, "otherExpenses": 203384000, "operatingExpenses": 1327396000, "costAndExpenses": 4557507000, "interestIncome": 0, "interestExpense": 0, "depreciationAndAmortization": 203384000, "ebitda": 1028994000, "ebitdaratio": 0.1905291464, "operatingIncome": 843210000, "operatingIncomeRatio": 0.1561292695, "totalOtherIncomeExpensesNet": 17600000, "incomeBeforeTax": 772315000, "incomeBeforeTaxRatio": 0.1430023088, "incomeTaxExpense": 239108000, "netIncome": 519612000, "netIncomeRatio": 0.0962116697, "eps": 2.56, "epsdiluted": 2.54, "weightedAverageShsOut": 202971000, "weightedAverageShsOutDil": 204677000, "link": "https://www.sec.gov/Archives/edgar/data/29905/000095012301002246/0000950123-01-002246-index.htm", "finalLink": "https://www.sec.gov/Archives/edgar/data/29905/000095012301002246/y46286e10-k.txt", "calculatedOtherExpenses": 203384000, "calculatedOperatingExpenses": 1327396000, "calculatedNetInterest": 0, "calculatedOtherIncome": -70895000, "calculatedIncomeNonControlling": 13595000, "calculatedEbitda": 1046594000}, {"date": "1999-12-31", "symbol": "DOV", "reportedCurrency": "USD", "cik": "0000029905", "fillingDate": "2000-03-16", "acceptedDate": "2000-03-16 00:00:00", "calendarYear": "1999", "period": "FY", "revenue": 4446400000, "costOfRevenue": 2654700000, "grossProfit": 1791700000, "grossProfitRatio": 0.4029551997, "researchAndDevelopmentExpenses": 0, "generalAndAdministrativeExpenses": 973000000, "sellingAndMarketingExpenses": 0, "sellingGeneralAndAdministrativeExpenses": 973000000, "otherExpenses": 183200000, "operatingExpenses": 1156200000, "costAndExpenses": 3810900000, "interestIncome": 0, "interestExpense": 0, "depreciationAndAmortization": 183200000, "ebitda": 804200000, "ebitdaratio": 0.1808654192, "operatingIncome": 635500000, "operatingIncomeRatio": 0.1429246132, "totalOtherIncomeExpensesNet": 14500000, "incomeBeforeTax": 615100000, "incomeBeforeTaxRatio": 0.1383366319, "incomeTaxExpense": 210000000, "netIncome": 929000000, "netIncomeRatio": 0.2089330694, "eps": 4.44, "epsdiluted": 4.41, "weightedAverageShsOut": 209063000, "weightedAverageShsOutDil": 210679000, "link": "https://www.sec.gov/Archives/edgar/data/29905/000095012300002335/0000950123-00-002335-index.html", "finalLink": "https://www.sec.gov/Archives/edgar/data/29905/000095012300002335/", "calculatedOtherExpenses": 183200000, "calculatedOperatingExpenses": 1156200000, "calculatedNetInterest": 0, "calculatedOtherIncome": -20400000, "calculatedIncomeNonControlling": -523900000, "calculatedEbitda": 818700000}, {"date": "1998-12-31", "symbol": "DOV", "reportedCurrency": "USD", "cik": "0000029905", "fillingDate": "1999-03-30", "acceptedDate": "1999-03-30 00:00:00", "calendarYear": "1998", "period": "FY", "revenue": 3977700000, "costOfRevenue": 2383700000, "grossProfit": 1594000000, "grossProfitRatio": 0.4007340926, "researchAndDevelopmentExpenses": 0, "generalAndAdministrativeExpenses": 894300000, "sellingAndMarketingExpenses": 0, "sellingGeneralAndAdministrativeExpenses": 894300000, "otherExpenses": 167700000, "operatingExpenses": 1062000000, "costAndExpenses": 3445700000, "interestIncome": 0, "interestExpense": 0, "depreciationAndAmortization": 167700000, "ebitda": 682300000, "ebitdaratio": 0.1715312869, "operatingIncome": 532000000, "operatingIncomeRatio": 0.1337456319, "totalOtherIncomeExpensesNet": 17400000, "incomeBeforeTax": 488600000, "incomeBeforeTaxRatio": 0.122834804, "incomeTaxExpense": 162200000, "netIncome": 378800000, "netIncomeRatio": 0.0952309123, "eps": 1.7, "epsdiluted": 1.69, "weightedAverageShsOut": 222793000, "weightedAverageShsOutDil": 224386000, "link": "https://www.sec.gov/Archives/edgar/data/29905/000095012399002715/0000950123-99-002715-index.html", "finalLink": "https://www.sec.gov/Archives/edgar/data/29905/", "calculatedOtherExpenses": 167700000, "calculatedOperatingExpenses": 1062000000, "calculatedNetInterest": 0, "calculatedOtherIncome": -43400000, "calculatedIncomeNonControlling": -52400000, "calculatedEbitda": 699700000}, {"date": "1997-12-31", "symbol": "DOV", "reportedCurrency": "USD", "cik": "0000029905", "fillingDate": "1998-03-30", "acceptedDate": "1998-03-30 00:00:00", "calendarYear": "1997", "period": "FY", "revenue": 4547700000, "costOfRevenue": 2805300000, "grossProfit": 1742400000, "grossProfitRatio": 0.3831387295, "researchAndDevelopmentExpenses": 0, "generalAndAdministrativeExpenses": 959100000, "sellingAndMarketingExpenses": 0, "sellingGeneralAndAdministrativeExpenses": 959100000, "otherExpenses": 170700000, "operatingExpenses": 1129800000, "costAndExpenses": 3935100000, "interestIncome": 0, "interestExpense": 0, "depreciationAndAmortization": 170700000, "ebitda": 732200000, "ebitdaratio": 0.1610044638, "operatingIncome": 612600000, "operatingIncomeRatio": 0.1347054555, "totalOtherIncomeExpensesNet": 51100000, "incomeBeforeTax": 616800000, "incomeBeforeTaxRatio": 0.1356289993, "incomeTaxExpense": 211400000, "netIncome": 405400000, "netIncomeRatio": 0.0891439629, "eps": 1.82, "epsdiluted": 1.79, "weightedAverageShsOut": 222747253, "weightedAverageShsOutDil": 226480447, "link": "https://www.sec.gov/Archives/edgar/data/29905/000095012398003095/0000950123-98-003095-index.html", "finalLink": "https://www.sec.gov/Archives/edgar/data/29905/", "calculatedOtherExpenses": 170700000, "calculatedOperatingExpenses": 1129800000, "calculatedNetInterest": 0, "calculatedOtherIncome": 4200000, "calculatedIncomeNonControlling": 0, "calculatedEbitda": 783300000}, {"date": "1996-12-31", "symbol": "DOV", "reportedCurrency": "USD", "cik": "0000029905", "fillingDate": "1997-03-31", "acceptedDate": "1997-03-31 00:00:00", "calendarYear": "1996", "period": "FY", "revenue": 4076300000, "costOfRevenue": 2584600000, "grossProfit": 1491700000, "grossProfitRatio": 0.3659446066, "researchAndDevelopmentExpenses": 0, "generalAndAdministrativeExpenses": 828000000, "sellingAndMarketingExpenses": 0, "sellingGeneralAndAdministrativeExpenses": 828000000, "otherExpenses": 125100000, "operatingExpenses": 953100000, "costAndExpenses": 3537700000, "interestIncome": 0, "interestExpense": 0, "depreciationAndAmortization": 125100000, "ebitda": 571700000, "ebitdaratio": 0.1402497363, "operatingIncome": 538600000, "operatingIncomeRatio": 0.1321296274, "totalOtherIncomeExpensesNet": 92000000, "incomeBeforeTax": 588700000, "incomeBeforeTaxRatio": 0.144420185, "incomeTaxExpense": 198500000, "netIncome": 390200000, "netIncomeRatio": 0.0957240635, "eps": 1.72, "epsdiluted": 1.69, "weightedAverageShsOut": 226860465, "weightedAverageShsOutDil": 230887574, "link": "https://www.sec.gov/Archives/edgar/data/29905/000095012397002834/0000950123-97-002834-index.html", "finalLink": "https://www.sec.gov/Archives/edgar/data/29905/", "calculatedOtherExpenses": 125100000, "calculatedOperatingExpenses": 953100000, "calculatedNetInterest": 0, "calculatedOtherIncome": 50100000, "calculatedIncomeNonControlling": 0, "calculatedEbitda": 663700000}, {"date": "1995-12-31", "symbol": "DOV", "reportedCurrency": "USD", "cik": "0000029905", "fillingDate": "1996-03-26", "acceptedDate": "1996-03-26 00:00:00", "calendarYear": "1995", "period": "FY", "revenue": 3745900000, "costOfRevenue": 2456500000, "grossProfit": 1289400000, "grossProfitRatio": 0.3442163432, "researchAndDevelopmentExpenses": 0, "generalAndAdministrativeExpenses": 743100000, "sellingAndMarketingExpenses": 0, "sellingGeneralAndAdministrativeExpenses": 743100000, "otherExpenses": 107800000, "operatingExpenses": 850900000, "costAndExpenses": 3307400000, "interestIncome": 0, "interestExpense": 0, "depreciationAndAmortization": 107800000, "ebitda": 527500000, "ebitdaratio": 0.1408206306, "operatingIncome": 438500000, "operatingIncomeRatio": 0.1170613204, "totalOtherIncomeExpensesNet": 18800000, "incomeBeforeTax": 417100000, "incomeBeforeTaxRatio": 0.1113484076, "incomeTaxExpense": 138800000, "netIncome": 278300000, "netIncomeRatio": 0.0742945621, "eps": 1.23, "epsdiluted": 1.23, "weightedAverageShsOut": 227183673, "weightedAverageShsOutDil": 227183673, "link": "https://www.sec.gov/Archives/edgar/data/29905/000095012396001310/0000950123-96-001310-index.html", "finalLink": "https://www.sec.gov/Archives/edgar/data/29905/", "calculatedOtherExpenses": 107800000, "calculatedOperatingExpenses": 850900000, "calculatedNetInterest": 0, "calculatedOtherIncome": -21400000, "calculatedIncomeNonControlling": 0, "calculatedEbitda": 546300000}, {"date": "1994-12-31", "symbol": "DOV", "reportedCurrency": "USD", "cik": "0000029905", "fillingDate": "1995-03-31", "acceptedDate": "1995-03-31 00:00:00", "calendarYear": "1994", "period": "FY", "revenue": 3085300000, "costOfRevenue": 2041700000, "grossProfit": 1043600000, "grossProfitRatio": 0.3382491168, "researchAndDevelopmentExpenses": 0, "generalAndAdministrativeExpenses": 622400000, "sellingAndMarketingExpenses": 0, "sellingGeneralAndAdministrativeExpenses": 622400000, "otherExpenses": 95800000, "operatingExpenses": 718200000, "costAndExpenses": 2759900000, "interestIncome": 0, "interestExpense": 0, "depreciationAndAmortization": 95800000, "ebitda": 403200000, "ebitdaratio": 0.1306842122, "operatingIncome": 325400000, "operatingIncomeRatio": 0.1054678637, "totalOtherIncomeExpensesNet": 18000000, "incomeBeforeTax": 306900000, "incomeBeforeTaxRatio": 0.0994716883, "incomeTaxExpense": 104500000, "netIncome": 202400000, "netIncomeRatio": 0.0656014002, "eps": 0.89, "epsdiluted": 0.89, "weightedAverageShsOut": 228700565, "weightedAverageShsOutDil": 228700565, "link": "https://www.sec.gov/Archives/edgar/data/29905/000095012395000857/0000950123-95-000857-index.html", "finalLink": "https://www.sec.gov/Archives/edgar/data/29905/", "calculatedOtherExpenses": 95800000, "calculatedOperatingExpenses": 718200000, "calculatedNetInterest": 0, "calculatedOtherIncome": -18500000, "calculatedIncomeNonControlling": 0, "calculatedEbitda": 421200000}, {"date": "1993-12-31", "symbol": "DOV", "reportedCurrency": "USD", "cik": "0000029905", "fillingDate": "1994-03-30", "acceptedDate": "1994-03-30 00:00:00", "calendarYear": "1993", "period": "FY", "revenue": 2483900000, "costOfRevenue": 1656300000, "grossProfit": 827600000, "grossProfitRatio": 0.333185716, "researchAndDevelopmentExpenses": 0, "generalAndAdministrativeExpenses": 0, "sellingAndMarketingExpenses": 0, "sellingGeneralAndAdministrativeExpenses": 496800000, "otherExpenses": 77000000, "operatingExpenses": 573800000, "costAndExpenses": 2230100000, "interestIncome": 0, "interestExpense": 0, "depreciationAndAmortization": 77000000, "ebitda": 316800000, "ebitdaratio": 0.1275413664, "operatingIncome": 253800000, "operatingIncomeRatio": 0.1021780265, "totalOtherIncomeExpensesNet": 14000000, "incomeBeforeTax": 245600000, "incomeBeforeTaxRatio": 0.0988767664, "incomeTaxExpense": 87300000, "netIncome": 158300000, "netIncomeRatio": 0.0637304239, "eps": 0.69, "epsdiluted": 0.69, "weightedAverageShsOut": 229420290, "weightedAverageShsOutDil": 229420290, "link": "https://www.sec.gov/Archives/edgar/data/29905/000095012394000653/0000950123-94-000653-index.html", "finalLink": "https://www.sec.gov/Archives/edgar/data/29905/", "calculatedOtherExpenses": 77000000, "calculatedOperatingExpenses": 573800000, "calculatedNetInterest": 0, "calculatedOtherIncome": -8200000, "calculatedIncomeNonControlling": 0, "calculatedEbitda": 330800000}, {"date": "1992-12-31", "symbol": "DOV", "reportedCurrency": "USD", "cik": "0000029905", "fillingDate": "1992-12-31", "acceptedDate": "1992-12-30 19:00:00", "calendarYear": "1992", "period": "FY", "revenue": 2271600000, "costOfRevenue": 1524100000, "grossProfit": 747500000, "grossProfitRatio": 0.3290632154, "researchAndDevelopmentExpenses": 0, "generalAndAdministrativeExpenses": 0, "sellingAndMarketingExpenses": 0, "sellingGeneralAndAdministrativeExpenses": 466800000, "otherExpenses": 77500000, "operatingExpenses": 544300000, "costAndExpenses": 2068400000, "interestIncome": 0, "interestExpense": 0, "depreciationAndAmortization": 77500000, "ebitda": 263500000, "ebitdaratio": 0.1159975348, "operatingIncome": 203200000, "operatingIncomeRatio": 0.0894523684, "totalOtherIncomeExpensesNet": 17200000, "incomeBeforeTax": 200300000, "incomeBeforeTaxRatio": 0.0881757352, "incomeTaxExpense": 71200000, "netIncome": 129700000, "netIncomeRatio": 0.0570963198, "eps": 0.56, "epsdiluted": 0.56, "weightedAverageShsOut": 231607143, "weightedAverageShsOutDil": 231607143, "link": "", "finalLink": "", "calculatedOtherExpenses": 77500000, "calculatedOperatingExpenses": 544300000, "calculatedNetInterest": 0, "calculatedOtherIncome": -2900000, "calculatedIncomeNonControlling": -600000, "calculatedEbitda": 280700000}, {"date": "1991-12-31", "symbol": "DOV", "reportedCurrency": "USD", "cik": "0000029905", "fillingDate": "1991-12-31", "acceptedDate": "1991-12-30 19:00:00", "calendarYear": "1991", "period": "FY", "revenue": 2195800000, "costOfRevenue": 1494700000, "grossProfit": 701100000, "grossProfitRatio": 0.3192913744, "researchAndDevelopmentExpenses": 0, "generalAndAdministrativeExpenses": 0, "sellingAndMarketingExpenses": 0, "sellingGeneralAndAdministrativeExpenses": 452400000, "otherExpenses": 85400000, "operatingExpenses": 537800000, "costAndExpenses": 2032500000, "interestIncome": 0, "interestExpense": 0, "depreciationAndAmortization": 85400000, "ebitda": 184800000, "ebitdaratio": 0.0841606704, "operatingIncome": 163300000, "operatingIncomeRatio": 0.0743692504, "totalOtherIncomeExpensesNet": 63900000, "incomeBeforeTax": 204100000, "incomeBeforeTaxRatio": 0.0929501776, "incomeTaxExpense": 75900000, "netIncome": 128200000, "netIncomeRatio": 0.058384188, "eps": 0.54, "epsdiluted": 0.54, "weightedAverageShsOut": 237407407, "weightedAverageShsOutDil": 237407407, "link": "", "finalLink": "", "calculatedOtherExpenses": 85400000, "calculatedOperatingExpenses": 537800000, "calculatedNetInterest": 0, "calculatedOtherIncome": 40800000, "calculatedIncomeNonControlling": 0, "calculatedEbitda": 248700000}, {"date": "1990-12-31", "symbol": "DOV", "reportedCurrency": "USD", "cik": "0000029905", "fillingDate": "1990-12-31", "acceptedDate": "1990-12-30 19:00:00", "calendarYear": "1990", "period": "FY", "revenue": 2210300000, "costOfRevenue": 1439200000, "grossProfit": 771100000, "grossProfitRatio": 0.3488666697, "researchAndDevelopmentExpenses": 0, "generalAndAdministrativeExpenses": 0, "sellingAndMarketingExpenses": 0, "sellingGeneralAndAdministrativeExpenses": 440300000, "otherExpenses": 77500000, "operatingExpenses": 517800000, "costAndExpenses": 1957000000, "interestIncome": 0, "interestExpense": 0, "depreciationAndAmortization": 77500000, "ebitda": 309300000, "ebitdaratio": 0.1399357553, "operatingIncome": 253300000, "operatingIncomeRatio": 0.1145998281, "totalOtherIncomeExpensesNet": 21500000, "incomeBeforeTax": 244100000, "incomeBeforeTaxRatio": 0.1104374972, "incomeTaxExpense": 88400000, "netIncome": 155700000, "netIncomeRatio": 0.0704429263, "eps": 0.64, "epsdiluted": 0.64, "weightedAverageShsOut": 243281250, "weightedAverageShsOutDil": 243281250, "link": "", "finalLink": "", "calculatedOtherExpenses": 77500000, "calculatedOperatingExpenses": 517800000, "calculatedNetInterest": 0, "calculatedOtherIncome": -9200000, "calculatedIncomeNonControlling": 0, "calculatedEbitda": 330800000}, {"date": "1989-12-31", "symbol": "DOV", "reportedCurrency": "USD", "cik": "0000029905", "fillingDate": "1989-12-31", "acceptedDate": "1989-12-30 19:00:00", "calendarYear": "1989", "period": "FY", "revenue": 2120400000, "costOfRevenue": 1402100000, "grossProfit": 718300000, "grossProfitRatio": 0.3387568383, "researchAndDevelopmentExpenses": 0, "generalAndAdministrativeExpenses": 0, "sellingAndMarketingExpenses": 0, "sellingGeneralAndAdministrativeExpenses": 404000000, "otherExpenses": 78800000, "operatingExpenses": 482800000, "costAndExpenses": 1884900000, "interestIncome": 0, "interestExpense": 0, "depreciationAndAmortization": 78800000, "ebitda": 293200000, "ebitdaratio": 0.138275797, "operatingIncome": 235500000, "operatingIncomeRatio": 0.1110639502, "totalOtherIncomeExpensesNet": 21100000, "incomeBeforeTax": 227000000, "incomeBeforeTaxRatio": 0.1070552726, "incomeTaxExpense": 83000000, "netIncome": 144000000, "netIncomeRatio": 0.0679117148, "eps": 0.57, "epsdiluted": 0.57, "weightedAverageShsOut": 252631579, "weightedAverageShsOutDil": 252631579, "link": "", "finalLink": "", "calculatedOtherExpenses": 78800000, "calculatedOperatingExpenses": 482800000, "calculatedNetInterest": 0, "calculatedOtherIncome": -8500000, "calculatedIncomeNonControlling": 0, "calculatedEbitda": 314300000}, {"date": "1988-12-31", "symbol": "DOV", "reportedCurrency": "USD", "cik": "0000029905", "fillingDate": "1988-12-31", "acceptedDate": "1988-12-30 19:00:00", "calendarYear": "1988", "period": "FY", "revenue": 1953800000, "costOfRevenue": 1290100000, "grossProfit": 663700000, "grossProfitRatio": 0.3396970007, "researchAndDevelopmentExpenses": 0, "generalAndAdministrativeExpenses": 0, "sellingAndMarketingExpenses": 0, "sellingGeneralAndAdministrativeExpenses": 363000000, "otherExpenses": 73800000, "operatingExpenses": 436800000, "costAndExpenses": 1726900000, "interestIncome": 0, "interestExpense": 0, "depreciationAndAmortization": 73800000, "ebitda": 281500000, "ebitdaratio": 0.1440782066, "operatingIncome": 226900000, "operatingIncomeRatio": 0.1161326646, "totalOtherIncomeExpensesNet": 19200000, "incomeBeforeTax": 224800000, "incomeBeforeTaxRatio": 0.115057836, "incomeTaxExpense": 79000000, "netIncome": 145800000, "netIncomeRatio": 0.07462381, "eps": 0.55, "epsdiluted": 0.55, "weightedAverageShsOut": 265090909, "weightedAverageShsOutDil": 265090909, "link": "", "finalLink": "", "calculatedOtherExpenses": 73800000, "calculatedOperatingExpenses": 436800000, "calculatedNetInterest": 0, "calculatedOtherIncome": -2100000, "calculatedIncomeNonControlling": 0, "calculatedEbitda": 300700000}, {"date": "1987-12-31", "symbol": "DOV", "reportedCurrency": "USD", "cik": "0000029905", "fillingDate": "1987-12-31", "acceptedDate": "1987-12-30 19:00:00", "calendarYear": "1987", "period": "FY", "revenue": 1585500000, "costOfRevenue": 1033100000, "grossProfit": 552400000, "grossProfitRatio": 0.3484074424, "researchAndDevelopmentExpenses": 0, "generalAndAdministrativeExpenses": 0, "sellingAndMarketingExpenses": 0, "sellingGeneralAndAdministrativeExpenses": 306500000, "otherExpenses": 61900000, "operatingExpenses": 368400000, "costAndExpenses": 1401500000, "interestIncome": 0, "interestExpense": 0, "depreciationAndAmortization": 61900000, "ebitda": 234500000, "ebitdaratio": 0.1479028698, "operatingIncome": 184000000, "operatingIncomeRatio": 0.1160517187, "totalOtherIncomeExpensesNet": 11400000, "incomeBeforeTax": 180900000, "incomeBeforeTaxRatio": 0.1140964995, "incomeTaxExpense": 69200000, "netIncome": 111700000, "netIncomeRatio": 0.0704509618, "eps": 0.42, "epsdiluted": 0.42, "weightedAverageShsOut": 265952381, "weightedAverageShsOutDil": 265952381, "link": "", "finalLink": "", "calculatedOtherExpenses": 61900000, "calculatedOperatingExpenses": 368400000, "calculatedNetInterest": 0, "calculatedOtherIncome": -3100000, "calculatedIncomeNonControlling": 0, "calculatedEbitda": 245900000}, {"date": "1986-12-31", "symbol": "DOV", "reportedCurrency": "USD", "cik": "0000029905", "fillingDate": "1986-12-31", "acceptedDate": "1986-12-30 19:00:00", "calendarYear": "1986", "period": "FY", "revenue": 1439800000, "costOfRevenue": 971400000, "grossProfit": 468400000, "grossProfitRatio": 0.3253229615, "researchAndDevelopmentExpenses": 0, "generalAndAdministrativeExpenses": 0, "sellingAndMarketingExpenses": 0, "sellingGeneralAndAdministrativeExpenses": 270400000, "otherExpenses": 56700000, "operatingExpenses": 327100000, "costAndExpenses": 1298500000, "interestIncome": 0, "interestExpense": 0, "depreciationAndAmortization": 56700000, "ebitda": 188600000, "ebitdaratio": 0.1309904153, "operatingIncome": 141300000, "operatingIncomeRatio": 0.0981386304, "totalOtherIncomeExpensesNet": 9400000, "incomeBeforeTax": 134400000, "incomeBeforeTaxRatio": 0.0933462981, "incomeTaxExpense": 50600000, "netIncome": 83800000, "netIncomeRatio": 0.0582025281, "eps": 0.31, "epsdiluted": 0.31, "weightedAverageShsOut": 270322581, "weightedAverageShsOutDil": 270322581, "link": "", "finalLink": "", "calculatedOtherExpenses": 56700000, "calculatedOperatingExpenses": 327100000, "calculatedNetInterest": 0, "calculatedOtherIncome": -6900000, "calculatedIncomeNonControlling": 0, "calculatedEbitda": 198000000}, {"date": "1985-12-31", "symbol": "DOV", "reportedCurrency": "USD", "cik": "0000029905", "fillingDate": "1985-12-31", "acceptedDate": "1985-12-30 19:00:00", "calendarYear": "1985", "period": "FY", "revenue": 1439500000, "costOfRevenue": 975400000, "grossProfit": 464100000, "grossProfitRatio": 0.3224036124, "researchAndDevelopmentExpenses": 0, "generalAndAdministrativeExpenses": 0, "sellingAndMarketingExpenses": 0, "sellingGeneralAndAdministrativeExpenses": 250200000, "otherExpenses": 53100000, "operatingExpenses": 303300000, "costAndExpenses": 1278700000, "interestIncome": 0, "interestExpense": 0, "depreciationAndAmortization": 53100000, "ebitda": 202000000, "ebitdaratio": 0.1403265023, "operatingIncome": 160800000, "operatingIncomeRatio": 0.1117054533, "totalOtherIncomeExpensesNet": 11900000, "incomeBeforeTax": 160100000, "incomeBeforeTaxRatio": 0.1112191733, "incomeTaxExpense": 60100000, "netIncome": 100000000, "netIncomeRatio": 0.0694685655, "eps": 0.36, "epsdiluted": 0.36, "weightedAverageShsOut": 277777778, "weightedAverageShsOutDil": 277777778, "link": "", "finalLink": "", "calculatedOtherExpenses": 53100000, "calculatedOperatingExpenses": 303300000, "calculatedNetInterest": 0, "calculatedOtherIncome": -700000, "calculatedIncomeNonControlling": 0, "calculatedEbitda": 213900000}]}