{"originalCurrency": "USD", "convertedCurrency": "USD", "report": [{"date": "2023-12-31", "symbol": "DOW", "reportedCurrency": "USD", "cik": "0001751788", "fillingDate": "2024-01-31", "acceptedDate": "2024-01-31 07:45:34", "calendarYear": "2023", "period": "FY", "revenue": 44622000000, "costOfRevenue": 39742000000, "grossProfit": 4880000000, "grossProfitRatio": 0.1093630944, "researchAndDevelopmentExpenses": 829000000, "generalAndAdministrativeExpenses": 0, "sellingAndMarketingExpenses": 0, "sellingGeneralAndAdministrativeExpenses": 1627000000, "otherExpenses": -33000000, "operatingExpenses": 2780000000, "costAndExpenses": 42522000000, "interestIncome": 229000000, "interestExpense": 746000000, "depreciationAndAmortization": 2611000000, "ebitda": 4788000000, "ebitdaratio": 0.1073013312, "operatingIncome": 2177000000, "operatingIncomeRatio": 0.0487875936, "totalOtherIncomeExpensesNet": -927000000, "incomeBeforeTax": 656000000, "incomeBeforeTaxRatio": 0.0147012684, "incomeTaxExpense": -4000000, "netIncome": 589000000, "netIncomeRatio": 0.0131997669, "eps": 0.82, "epsdiluted": 0.82, "weightedAverageShsOut": 705700000, "weightedAverageShsOutDil": 709000000, "link": "https://www.sec.gov/Archives/edgar/data/1751788/000175178824000010/0001751788-24-000010-index.htm", "finalLink": "https://www.sec.gov/Archives/edgar/data/29915/000175178824000010/dow-20231231.htm", "calculatedOtherExpenses": 247000000, "calculatedOperatingExpenses": 2703000000, "calculatedNetInterest": -517000000, "calculatedOtherIncome": -1004000000, "calculatedIncomeNonControlling": 71000000, "calculatedEbitda": 4788000000}, {"date": "2022-12-31", "symbol": "DOW", "reportedCurrency": "USD", "cik": "0001751788", "fillingDate": "2023-02-01", "acceptedDate": "2023-02-01 07:25:18", "calendarYear": "2022", "period": "FY", "revenue": 56902000000, "costOfRevenue": 48338000000, "grossProfit": 8564000000, "grossProfitRatio": 0.1505043759, "researchAndDevelopmentExpenses": 851000000, "generalAndAdministrativeExpenses": 1675000000, "sellingAndMarketingExpenses": 0, "sellingGeneralAndAdministrativeExpenses": 1675000000, "otherExpenses": 336000000, "operatingExpenses": 2862000000, "costAndExpenses": 51200000000, "interestIncome": 173000000, "interestExpense": 662000000, "depreciationAndAmortization": 2758000000, "ebitda": 9628000000, "ebitdaratio": 0.1692031915, "operatingIncome": 6870000000, "operatingIncomeRatio": 0.1207338934, "totalOtherIncomeExpensesNet": -780000000, "incomeBeforeTax": 6090000000, "incomeBeforeTaxRatio": 0.1070261151, "incomeTaxExpense": 1450000000, "netIncome": 4582000000, "netIncomeRatio": 0.0805244104, "eps": 6.32, "epsdiluted": 6.28, "weightedAverageShsOut": 721000000, "weightedAverageShsOutDil": 725600000, "link": "https://www.sec.gov/Archives/edgar/data/1751788/000175178823000014/0001751788-23-000014-index.htm", "finalLink": "https://www.sec.gov/Archives/edgar/data/29915/000175178823000014/dow-20221231.htm", "calculatedOtherExpenses": -832000000, "calculatedOperatingExpenses": 1694000000, "calculatedNetInterest": -489000000, "calculatedOtherIncome": -291000000, "calculatedIncomeNonControlling": 58000000, "calculatedEbitda": 9628000000}, {"date": "2021-12-31", "symbol": "DOW", "reportedCurrency": "USD", "cik": "0001751788", "fillingDate": "2022-02-04", "acceptedDate": "2022-02-04 07:56:51", "calendarYear": "2021", "period": "FY", "revenue": 54968000000, "costOfRevenue": 44191000000, "grossProfit": 10777000000, "grossProfitRatio": 0.1960595255, "researchAndDevelopmentExpenses": 857000000, "generalAndAdministrativeExpenses": 1645000000, "sellingAndMarketingExpenses": 0, "sellingGeneralAndAdministrativeExpenses": 1645000000, "otherExpenses": 388000000, "operatingExpenses": 2890000000, "costAndExpenses": 47081000000, "interestIncome": 55000000, "interestExpense": 731000000, "depreciationAndAmortization": 2842000000, "ebitda": 11724000000, "ebitdaratio": 0.213287731, "operatingIncome": 8882000000, "operatingIncomeRatio": 0.1615849221, "totalOtherIncomeExpensesNet": -737000000, "incomeBeforeTax": 8145000000, "incomeBeforeTaxRatio": 0.1481771212, "incomeTaxExpense": 1740000000, "netIncome": 6311000000, "netIncomeRatio": 0.1148122544, "eps": 8.44, "epsdiluted": 8.38, "weightedAverageShsOut": 743600000, "weightedAverageShsOutDil": 749000000, "link": "https://www.sec.gov/Archives/edgar/data/1751788/000175178822000011/0001751788-22-000011-index.htm", "finalLink": "https://www.sec.gov/Archives/edgar/data/29915/000175178822000011/dow-20211231.htm", "calculatedOtherExpenses": -607000000, "calculatedOperatingExpenses": 1895000000, "calculatedNetInterest": -676000000, "calculatedOtherIncome": -61000000, "calculatedIncomeNonControlling": 94000000, "calculatedEbitda": 11724000000}, {"date": "2020-12-31", "symbol": "DOW", "reportedCurrency": "USD", "cik": "0001751788", "fillingDate": "2021-02-05", "acceptedDate": "2021-02-05 08:26:48", "calendarYear": "2020", "period": "FY", "revenue": 38542000000, "costOfRevenue": 33346000000, "grossProfit": 5196000000, "grossProfitRatio": 0.1348139692, "researchAndDevelopmentExpenses": 768000000, "generalAndAdministrativeExpenses": 1471000000, "sellingAndMarketingExpenses": 0, "sellingGeneralAndAdministrativeExpenses": 1471000000, "otherExpenses": 401000000, "operatingExpenses": 2640000000, "costAndExpenses": 35986000000, "interestIncome": 38000000, "interestExpense": 827000000, "depreciationAndAmortization": 2874000000, "ebitda": 6719000000, "ebitdaratio": 0.1743293031, "operatingIncome": 3845000000, "operatingIncomeRatio": 0.0997612994, "totalOtherIncomeExpensesNet": -1774000000, "incomeBeforeTax": 2071000000, "incomeBeforeTaxRatio": 0.0537335893, "incomeTaxExpense": 777000000, "netIncome": 1225000000, "netIncomeRatio": 0.0317835089, "eps": 1.64, "epsdiluted": 1.64, "weightedAverageShsOut": 740500000, "weightedAverageShsOutDil": 742300000, "link": "https://www.sec.gov/Archives/edgar/data/1751788/000175178821000010/0001751788-21-000010-index.htm", "finalLink": "https://www.sec.gov/Archives/edgar/data/29915/000175178821000010/dow-20201231.htm", "calculatedOtherExpenses": -888000000, "calculatedOperatingExpenses": 1351000000, "calculatedNetInterest": -789000000, "calculatedOtherIncome": -985000000, "calculatedIncomeNonControlling": 69000000, "calculatedEbitda": 6719000000}, {"date": "2019-12-31", "symbol": "DOW", "reportedCurrency": "USD", "cik": "0001751788", "fillingDate": "2020-02-07", "acceptedDate": "2020-02-07 09:13:19", "calendarYear": "2019", "period": "FY", "revenue": 42951000000, "costOfRevenue": 36657000000, "grossProfit": 6294000000, "grossProfitRatio": 0.1465390794, "researchAndDevelopmentExpenses": 765000000, "generalAndAdministrativeExpenses": 1590000000, "sellingAndMarketingExpenses": 0, "sellingGeneralAndAdministrativeExpenses": 1590000000, "otherExpenses": 419000000, "operatingExpenses": 2774000000, "costAndExpenses": 39431000000, "interestIncome": 81000000, "interestExpense": 933000000, "depreciationAndAmortization": 2938000000, "ebitda": 6906000000, "ebitdaratio": 0.1607878746, "operatingIncome": 3968000000, "operatingIncomeRatio": 0.092384345, "totalOtherIncomeExpensesNet": -5215000000, "incomeBeforeTax": -1247000000, "incomeBeforeTaxRatio": -0.0290330842, "incomeTaxExpense": 470000000, "netIncome": -1717000000, "netIncomeRatio": -0.0399757864, "eps": -2.31, "epsdiluted": -2.31, "weightedAverageShsOut": 742500000, "weightedAverageShsOutDil": 742500000, "link": "https://www.sec.gov/Archives/edgar/data/1751788/000175178820000007/0001751788-20-000007-index.htm", "finalLink": "https://www.sec.gov/Archives/edgar/data/29915/000175178820000007/dowinc201910k.htm", "calculatedOtherExpenses": -29000000, "calculatedOperatingExpenses": 2326000000, "calculatedNetInterest": -852000000, "calculatedOtherIncome": -4363000000, "calculatedIncomeNonControlling": 0, "calculatedEbitda": 6906000000}, {"date": "2018-12-31", "symbol": "DOW", "reportedCurrency": "USD", "cik": "0001751788", "fillingDate": "2019-02-11", "acceptedDate": "2019-02-11 10:35:48", "calendarYear": "2018", "period": "FY", "revenue": 60278000000, "costOfRevenue": 47705000000, "grossProfit": 12573000000, "grossProfitRatio": 0.2085835628, "researchAndDevelopmentExpenses": 1536000000, "generalAndAdministrativeExpenses": 2846000000, "sellingAndMarketingExpenses": 0, "sellingGeneralAndAdministrativeExpenses": 2846000000, "otherExpenses": 223000000, "operatingExpenses": 5004000000, "costAndExpenses": 52709000000, "interestIncome": 109000000, "interestExpense": 1118000000, "depreciationAndAmortization": 3329000000, "ebitda": 12180000000, "ebitdaratio": 0.2020637712, "operatingIncome": 7569000000, "operatingIncomeRatio": 0.1255682007, "totalOtherIncomeExpensesNet": -642000000, "incomeBeforeTax": 5918000000, "incomeBeforeTaxRatio": 0.0981784399, "incomeTaxExpense": 1285000000, "netIncome": 4499000000, "netIncomeRatio": 0.0746375129, "eps": 6.02, "epsdiluted": 6, "weightedAverageShsOut": 747200000, "weightedAverageShsOutDil": 750000000, "link": "https://www.sec.gov/Archives/edgar/data/29915/000002991519000008/0000029915-19-000008-index.html", "finalLink": "https://www.sec.gov/Archives/edgar/data/29915/000002991519000008/dow201810k.htm", "calculatedOtherExpenses": 622000000, "calculatedOperatingExpenses": 5004000000, "calculatedNetInterest": -1009000000, "calculatedOtherIncome": -642000000, "calculatedIncomeNonControlling": 134000000, "calculatedEbitda": 10898000000}, {"date": "2017-12-31", "symbol": "DOW", "reportedCurrency": "USD", "cik": "0001751788", "fillingDate": "2017-12-31", "acceptedDate": "2017-12-30 19:00:00", "calendarYear": "2017", "period": "FY", "revenue": 43730000000, "costOfRevenue": 36350000000, "grossProfit": 7380000000, "grossProfitRatio": 0.168762863, "researchAndDevelopmentExpenses": 803000000, "generalAndAdministrativeExpenses": 1795000000, "sellingAndMarketingExpenses": 0, "sellingGeneralAndAdministrativeExpenses": 1795000000, "otherExpenses": -154000000, "operatingExpenses": 2998000000, "costAndExpenses": 39348000000, "interestIncome": 66000000, "interestExpense": 914000000, "depreciationAndAmortization": 2546000000, "ebitda": 7234000000, "ebitdaratio": 0.1654241939, "operatingIncome": 4382000000, "operatingIncomeRatio": 0.1002058084, "totalOtherIncomeExpensesNet": -3297000000, "incomeBeforeTax": 237000000, "incomeBeforeTaxRatio": 0.0054196204, "incomeTaxExpense": 1524000000, "netIncome": 465000000, "netIncomeRatio": 0.0106334324, "eps": 0.62, "epsdiluted": 0.62, "weightedAverageShsOut": 742662124, "weightedAverageShsOutDil": 750000000, "link": "", "finalLink": "", "calculatedOtherExpenses": 400000000, "calculatedOperatingExpenses": 2998000000, "calculatedNetInterest": -848000000, "calculatedOtherIncome": -3297000000, "calculatedIncomeNonControlling": -1752000000, "calculatedEbitda": 6928000000}, {"date": "2016-12-31", "symbol": "DOW", "reportedCurrency": "USD", "cik": "0001751788", "fillingDate": "2016-12-31", "acceptedDate": "2016-12-30 19:00:00", "calendarYear": "2016", "period": "FY", "revenue": 48158000000, "costOfRevenue": 37668000000, "grossProfit": 10490000000, "grossProfitRatio": 0.2178246605, "researchAndDevelopmentExpenses": 1593000000, "generalAndAdministrativeExpenses": 4066000000, "sellingAndMarketingExpenses": 0, "sellingGeneralAndAdministrativeExpenses": 4066000000, "otherExpenses": 151000000, "operatingExpenses": 6203000000, "costAndExpenses": 43871000000, "interestIncome": 107000000, "interestExpense": 858000000, "depreciationAndAmortization": 2862000000, "ebitda": 7849000000, "ebitdaratio": 0.1629843432, "operatingIncome": 4287000000, "operatingIncomeRatio": 0.0890194776, "totalOtherIncomeExpensesNet": 877000000, "incomeBeforeTax": 4413000000, "incomeBeforeTaxRatio": 0.0916358653, "incomeTaxExpense": 9000000, "netIncome": 4318000000, "netIncomeRatio": 0.089663192, "eps": 5.3, "epsdiluted": 5.3, "weightedAverageShsOut": 750000000, "weightedAverageShsOutDil": 750000000, "link": "", "finalLink": "", "calculatedOtherExpenses": 544000000, "calculatedOperatingExpenses": 6203000000, "calculatedNetInterest": -751000000, "calculatedOtherIncome": 877000000, "calculatedIncomeNonControlling": 86000000, "calculatedEbitda": 7149000000}, {"date": "2015-12-31", "symbol": "DOW", "reportedCurrency": "USD", "cik": "0001751788", "fillingDate": "2015-12-31", "acceptedDate": "2015-12-30 19:00:00", "calendarYear": "2015", "period": "FY", "revenue": 37101000000, "costOfRevenue": 29655000000, "grossProfit": 7446000000, "grossProfitRatio": 0.200695399, "researchAndDevelopmentExpenses": 730000000, "generalAndAdministrativeExpenses": 0, "sellingAndMarketingExpenses": 0, "sellingGeneralAndAdministrativeExpenses": 1794000000, "otherExpenses": 0, "operatingExpenses": 1537000000, "costAndExpenses": 31192000000, "interestIncome": 894000000, "interestExpense": 0, "depreciationAndAmortization": 223000000, "ebitda": 4922000000, "ebitdaratio": 0.1326648877, "operatingIncome": 4699000000, "operatingIncomeRatio": 0.1266542681, "totalOtherIncomeExpensesNet": 3390000000, "incomeBeforeTax": 8089000000, "incomeBeforeTaxRatio": 0.2180264683, "incomeTaxExpense": 1591000000, "netIncome": 6087000000, "netIncomeRatio": 0.1640656586, "eps": 0, "epsdiluted": 0, "weightedAverageShsOut": 0, "weightedAverageShsOutDil": 0, "link": null, "finalLink": null, "calculatedOtherExpenses": 223000000, "calculatedOperatingExpenses": 2747000000, "calculatedNetInterest": 894000000, "calculatedOtherIncome": 2496000000, "calculatedIncomeNonControlling": 411000000, "calculatedEbitda": 4922000000}]}