{"originalCurrency": "USD", "convertedCurrency": "USD", "report": [{"date": "2023-05-28", "symbol": "DRI", "reportedCurrency": "USD", "cik": "0000940944", "fillingDate": "2023-07-21", "acceptedDate": "2023-07-21 15:47:14", "calendarYear": "2023", "period": "FY", "revenue": 10487800000, "costOfRevenue": 8404400000, "grossProfit": 2083400000, "grossProfitRatio": 0.1986498598, "researchAndDevelopmentExpenses": 0, "generalAndAdministrativeExpenses": 386100000, "sellingAndMarketingExpenses": 118300000, "sellingGeneralAndAdministrativeExpenses": 504400000, "otherExpenses": 387800000, "operatingExpenses": 892200000, "costAndExpenses": 9296600000, "interestIncome": 7800000, "interestExpense": 61700000, "depreciationAndAmortization": 366600000, "ebitda": 1568400000, "ebitdaratio": 0.1495451858, "operatingIncome": 1201800000, "operatingIncomeRatio": 0.1145902859, "totalOtherIncomeExpensesNet": -81300000, "incomeBeforeTax": 1120500000, "incomeBeforeTaxRatio": 0.1068384218, "incomeTaxExpense": 137000000, "netIncome": 981900000, "netIncomeRatio": 0.0936230668, "eps": 8.06, "epsdiluted": 7.99, "weightedAverageShsOut": 121900000, "weightedAverageShsOutDil": 122900000, "link": "https://www.sec.gov/Archives/edgar/data/940944/000094094423000037/0000940944-23-000037-index.htm", "finalLink": "https://www.sec.gov/Archives/edgar/data/940944/000094094423000037/dri-20230528.htm", "calculatedOtherExpenses": 377200000, "calculatedOperatingExpenses": 881600000, "calculatedNetInterest": -53900000, "calculatedOtherIncome": -27400000, "calculatedIncomeNonControlling": 1600000, "calculatedEbitda": 1568400000}, {"date": "2022-05-29", "symbol": "DRI", "reportedCurrency": "USD", "cik": "0000940944", "fillingDate": "2022-07-22", "acceptedDate": "2022-07-22 15:57:51", "calendarYear": "2022", "period": "FY", "revenue": 9630000000, "costOfRevenue": 7635000000, "grossProfit": 1995000000, "grossProfitRatio": 0.207165109, "researchAndDevelopmentExpenses": 0, "generalAndAdministrativeExpenses": 373200000, "sellingAndMarketingExpenses": 93200000, "sellingGeneralAndAdministrativeExpenses": 466400000, "otherExpenses": 368400000, "operatingExpenses": 834800000, "costAndExpenses": 8469800000, "interestIncome": 1900000, "interestExpense": 70600000, "depreciationAndAmortization": 364400000, "ebitda": 1526600000, "ebitdaratio": 0.1585254413, "operatingIncome": 1162200000, "operatingIncomeRatio": 0.1206853583, "totalOtherIncomeExpensesNet": -68700000, "incomeBeforeTax": 1093500000, "incomeBeforeTaxRatio": 0.1135514019, "incomeTaxExpense": 138800000, "netIncome": 952800000, "netIncomeRatio": 0.09894081, "eps": 7.46, "epsdiluted": 7.39, "weightedAverageShsOut": 127800000, "weightedAverageShsOutDil": 129000000, "link": "https://www.sec.gov/Archives/edgar/data/940944/000094094422000042/0000940944-22-000042-index.htm", "finalLink": "https://www.sec.gov/Archives/edgar/data/940944/000094094422000042/dri-20220529.htm", "calculatedOtherExpenses": 366400000, "calculatedOperatingExpenses": 832800000, "calculatedNetInterest": -68700000, "calculatedOtherIncome": 0, "calculatedIncomeNonControlling": 1900000, "calculatedEbitda": 1526600000}, {"date": "2021-05-30", "symbol": "DRI", "reportedCurrency": "USD", "cik": "0000940944", "fillingDate": "2021-07-23", "acceptedDate": "2021-07-23 16:01:04", "calendarYear": "2021", "period": "FY", "revenue": 7196100000, "costOfRevenue": 5702600000, "grossProfit": 1493500000, "grossProfitRatio": 0.2075429747, "researchAndDevelopmentExpenses": 0, "generalAndAdministrativeExpenses": 396200000, "sellingAndMarketingExpenses": 91100000, "sellingGeneralAndAdministrativeExpenses": 487300000, "otherExpenses": 350900000, "operatingExpenses": 838200000, "costAndExpenses": 6540800000, "interestIncome": 1700000, "interestExpense": 65200000, "depreciationAndAmortization": 364100000, "ebitda": 1012800000, "ebitdaratio": 0.1407429024, "operatingIncome": 648700000, "operatingIncomeRatio": 0.0901460513, "totalOtherIncomeExpensesNet": -72200000, "incomeBeforeTax": 576500000, "incomeBeforeTaxRatio": 0.0801128389, "incomeTaxExpense": -55900000, "netIncome": 629300000, "netIncomeRatio": 0.0874501466, "eps": 4.83, "epsdiluted": 4.77, "weightedAverageShsOut": 130400000, "weightedAverageShsOutDil": 131800000, "link": "https://www.sec.gov/Archives/edgar/data/940944/000094094421000041/0000940944-21-000041-index.htm", "finalLink": "https://www.sec.gov/Archives/edgar/data/940944/000094094421000041/dri-20210530.htm", "calculatedOtherExpenses": 357500000, "calculatedOperatingExpenses": 844800000, "calculatedNetInterest": -63500000, "calculatedOtherIncome": -8700000, "calculatedIncomeNonControlling": 3100000, "calculatedEbitda": 1012800000}, {"date": "2020-05-31", "symbol": "DRI", "reportedCurrency": "USD", "cik": "0000940944", "fillingDate": "2020-07-24", "acceptedDate": "2020-07-24 16:44:20", "calendarYear": "2020", "period": "FY", "revenue": 7806900000, "costOfRevenue": 6398500000, "grossProfit": 1408400000, "grossProfitRatio": 0.180404514, "researchAndDevelopmentExpenses": 0, "generalAndAdministrativeExpenses": 376400000, "sellingAndMarketingExpenses": 238000000, "sellingGeneralAndAdministrativeExpenses": 614400000, "otherExpenses": 355900000, "operatingExpenses": 970300000, "costAndExpenses": 7368800000, "interestIncome": 4900000, "interestExpense": 62200000, "depreciationAndAmortization": 355900000, "ebitda": 1184200000, "ebitdaratio": 0.1516863288, "operatingIncome": 828300000, "operatingIncomeRatio": 0.1060984514, "totalOtherIncomeExpensesNet": -989300000, "incomeBeforeTax": -161000000, "incomeBeforeTaxRatio": -0.0206227824, "incomeTaxExpense": -111800000, "netIncome": -49200000, "netIncomeRatio": -0.0063021174, "eps": -0.4, "epsdiluted": -0.4, "weightedAverageShsOut": 122700000, "weightedAverageShsOutDil": 122700000, "link": "https://www.sec.gov/Archives/edgar/data/940944/000094094420000046/0000940944-20-000046-index.htm", "finalLink": "https://www.sec.gov/Archives/edgar/data/940944/000094094420000046/dri-202010xk.htm", "calculatedOtherExpenses": -34300000, "calculatedOperatingExpenses": 580100000, "calculatedNetInterest": -57300000, "calculatedOtherIncome": -932000000, "calculatedIncomeNonControlling": 0, "calculatedEbitda": 1184200000}, {"date": "2019-05-26", "symbol": "DRI", "reportedCurrency": "USD", "cik": "0000940944", "fillingDate": "2019-07-19", "acceptedDate": "2019-07-19 17:21:00", "calendarYear": "2019", "period": "FY", "revenue": 8510400000, "costOfRevenue": 6661400000, "grossProfit": 1849000000, "grossProfitRatio": 0.2172635834, "researchAndDevelopmentExpenses": 0, "generalAndAdministrativeExpenses": 405500000, "sellingAndMarketingExpenses": 255300000, "sellingGeneralAndAdministrativeExpenses": 660800000, "otherExpenses": 336700000, "operatingExpenses": 997500000, "costAndExpenses": 7658900000, "interestIncome": 3800000, "interestExpense": 54000000, "depreciationAndAmortization": 374700000, "ebitda": 1207200000, "ebitdaratio": 0.1418499718, "operatingIncome": 832500000, "operatingIncomeRatio": 0.097821489, "totalOtherIncomeExpensesNet": -50200000, "incomeBeforeTax": 782300000, "incomeBeforeTaxRatio": 0.0919228238, "incomeTaxExpense": 63700000, "netIncome": 713400000, "netIncomeRatio": 0.0838268472, "eps": 5.78, "epsdiluted": 5.69, "weightedAverageShsOut": 123500000, "weightedAverageShsOutDil": 125400000, "link": "https://www.sec.gov/Archives/edgar/data/940944/000094094419000025/0000940944-19-000025-index.htm", "finalLink": "https://www.sec.gov/Archives/edgar/data/940944/000094094419000025/dri-201910xk.htm", "calculatedOtherExpenses": 355700000, "calculatedOperatingExpenses": 1016500000, "calculatedNetInterest": -50200000, "calculatedOtherIncome": 0, "calculatedIncomeNonControlling": 5200000, "calculatedEbitda": 1207200000}, {"date": "2018-05-27", "symbol": "DRI", "reportedCurrency": "USD", "cik": "0000940944", "fillingDate": "2018-07-20", "acceptedDate": "2018-07-20 16:55:06", "calendarYear": "2018", "period": "FY", "revenue": 8080100000, "costOfRevenue": 6334700000, "grossProfit": 1745400000, "grossProfitRatio": 0.2160121781, "researchAndDevelopmentExpenses": 0, "generalAndAdministrativeExpenses": 409800000, "sellingAndMarketingExpenses": 252300000, "sellingGeneralAndAdministrativeExpenses": 662100000, "otherExpenses": 313100000, "operatingExpenses": 975200000, "costAndExpenses": 7309900000, "interestIncome": 800000, "interestExpense": 161900000, "depreciationAndAmortization": 313100000, "ebitda": 1086700000, "ebitdaratio": 0.1344909098, "operatingIncome": 766800000, "operatingIncomeRatio": 0.0948998156, "totalOtherIncomeExpensesNet": -3400000, "incomeBeforeTax": 605700000, "incomeBeforeTaxRatio": 0.0749619435, "incomeTaxExpense": 1900000, "netIncome": 596000000, "netIncomeRatio": 0.0737614633, "eps": 4.81, "epsdiluted": 4.73, "weightedAverageShsOut": 124000000, "weightedAverageShsOutDil": 126000000, "link": "https://www.sec.gov/Archives/edgar/data/940944/000094094418000050/0000940944-18-000050-index.htm", "finalLink": "https://www.sec.gov/Archives/edgar/data/940944/000094094418000050/dri-201810xk.htm", "calculatedOtherExpenses": 316500000, "calculatedOperatingExpenses": 978600000, "calculatedNetInterest": -161100000, "calculatedOtherIncome": 0, "calculatedIncomeNonControlling": 7800000, "calculatedEbitda": 1079900000}, {"date": "2017-05-28", "symbol": "DRI", "reportedCurrency": "USD", "cik": "0000940944", "fillingDate": "2017-07-21", "acceptedDate": "2017-07-21 17:22:26", "calendarYear": "2017", "period": "FY", "revenue": 7170200000, "costOfRevenue": 5600800000, "grossProfit": 1569400000, "grossProfitRatio": 0.2188781345, "researchAndDevelopmentExpenses": 0, "generalAndAdministrativeExpenses": 387700000, "sellingAndMarketingExpenses": 239700000, "sellingGeneralAndAdministrativeExpenses": 627400000, "otherExpenses": 272900000, "operatingExpenses": 900300000, "costAndExpenses": 6501100000, "interestIncome": 1300000, "interestExpense": 41500000, "depreciationAndAmortization": 272900000, "ebitda": 933600000, "ebitdaratio": 0.1302055731, "operatingIncome": 677500000, "operatingIncomeRatio": 0.0944882988, "totalOtherIncomeExpensesNet": 8400000, "incomeBeforeTax": 637300000, "incomeBeforeTaxRatio": 0.0888817606, "incomeTaxExpense": 154800000, "netIncome": 479100000, "netIncomeRatio": 0.0668182199, "eps": 3.85, "epsdiluted": 3.8, "weightedAverageShsOut": 124300000, "weightedAverageShsOutDil": 126000000, "link": "https://www.sec.gov/Archives/edgar/data/940944/000094094417000027/0000940944-17-000027-index.htm", "finalLink": "https://www.sec.gov/Archives/edgar/data/940944/000094094417000027/dri-201710xk.htm", "calculatedOtherExpenses": 264500000, "calculatedOperatingExpenses": 891900000, "calculatedNetInterest": -40200000, "calculatedOtherIncome": 0, "calculatedIncomeNonControlling": 3400000, "calculatedEbitda": 950400000}, {"date": "2016-05-29", "symbol": "DRI", "reportedCurrency": "USD", "cik": "0000940944", "fillingDate": "2016-07-25", "acceptedDate": "2016-07-25 17:16:16", "calendarYear": "2016", "period": "FY", "revenue": 6933500000, "costOfRevenue": 5392400000, "grossProfit": 1541100000, "grossProfitRatio": 0.2222686955, "researchAndDevelopmentExpenses": 0, "generalAndAdministrativeExpenses": 384900000, "sellingAndMarketingExpenses": 238000000, "sellingGeneralAndAdministrativeExpenses": 622900000, "otherExpenses": 290200000, "operatingExpenses": 913100000, "costAndExpenses": 6305500000, "interestIncome": 1100000, "interestExpense": 173600000, "depreciationAndAmortization": 290200000, "ebitda": 924000000, "ebitdaratio": 0.1332660273, "operatingIncome": 622200000, "operatingIncomeRatio": 0.0897382274, "totalOtherIncomeExpensesNet": -5800000, "incomeBeforeTax": 449700000, "incomeBeforeTaxRatio": 0.0648590178, "incomeTaxExpense": 90000000, "netIncome": 375000000, "netIncomeRatio": 0.0540852383, "eps": 2.94, "epsdiluted": 2.9, "weightedAverageShsOut": 127400000, "weightedAverageShsOutDil": 129300000, "link": "https://www.sec.gov/Archives/edgar/data/940944/000094094416000116/0000940944-16-000116-index.htm", "finalLink": "https://www.sec.gov/Archives/edgar/data/940944/000094094416000116/dri-201610xk.htm", "calculatedOtherExpenses": 296000000, "calculatedOperatingExpenses": 918900000, "calculatedNetInterest": -172500000, "calculatedOtherIncome": 0, "calculatedIncomeNonControlling": -15300000, "calculatedEbitda": 912400000}, {"date": "2015-05-31", "symbol": "DRI", "reportedCurrency": "USD", "cik": "0000940944", "fillingDate": "2015-07-24", "acceptedDate": "2015-07-24 17:18:33", "calendarYear": "2015", "period": "FY", "revenue": 6764000000, "costOfRevenue": 5341500000, "grossProfit": 1422500000, "grossProfitRatio": 0.2103045535, "researchAndDevelopmentExpenses": 0, "generalAndAdministrativeExpenses": 430200000, "sellingAndMarketingExpenses": 243300000, "sellingGeneralAndAdministrativeExpenses": 673500000, "otherExpenses": 319300000, "operatingExpenses": 992800000, "costAndExpenses": 6334300000, "interestIncome": 600000, "interestExpense": 192900000, "depreciationAndAmortization": 319300000, "ebitda": 811100000, "ebitdaratio": 0.1199142519, "operatingIncome": 367600000, "operatingIncomeRatio": 0.0543465405, "totalOtherIncomeExpensesNet": -62100000, "incomeBeforeTax": 175300000, "incomeBeforeTaxRatio": 0.0259166174, "incomeTaxExpense": -21100000, "netIncome": 709500000, "netIncomeRatio": 0.1048935541, "eps": 5.56, "epsdiluted": 5.47, "weightedAverageShsOut": 127700000, "weightedAverageShsOutDil": 129700000, "link": "https://www.sec.gov/Archives/edgar/data/940944/000094094415000039/0000940944-15-000039-index.htm", "finalLink": "https://www.sec.gov/Archives/edgar/data/940944/000094094415000039/dri-201510xk.htm", "calculatedOtherExpenses": 381400000, "calculatedOperatingExpenses": 1054900000, "calculatedNetInterest": -192300000, "calculatedOtherIncome": 0, "calculatedIncomeNonControlling": -513100000, "calculatedEbitda": 686900000}, {"date": "2014-05-25", "symbol": "DRI", "reportedCurrency": "USD", "cik": "0000940944", "fillingDate": "2014-07-18", "acceptedDate": "2014-07-18 16:49:09", "calendarYear": "2014", "period": "FY", "revenue": 6285600000, "costOfRevenue": 4990500000, "grossProfit": 1295100000, "grossProfitRatio": 0.2060423826, "researchAndDevelopmentExpenses": 0, "generalAndAdministrativeExpenses": 663500000, "sellingAndMarketingExpenses": 252300000, "sellingGeneralAndAdministrativeExpenses": 663500000, "otherExpenses": 304400000, "operatingExpenses": 967900000, "costAndExpenses": 5958400000, "interestIncome": 600000, "interestExpense": 134900000, "depreciationAndAmortization": 304400000, "ebitda": 649900000, "ebitdaratio": 0.1033950617, "operatingIncome": 327200000, "operatingIncomeRatio": 0.0520554919, "totalOtherIncomeExpensesNet": -18300000, "incomeBeforeTax": 174600000, "incomeBeforeTaxRatio": 0.0277777778, "incomeTaxExpense": -8600000, "netIncome": 286200000, "netIncomeRatio": 0.045532646, "eps": 2.18, "epsdiluted": 2.15, "weightedAverageShsOut": 131000000, "weightedAverageShsOutDil": 133200000, "link": "https://www.sec.gov/Archives/edgar/data/940944/000094094414000064/0000940944-14-000064-index.htm", "finalLink": "https://www.sec.gov/Archives/edgar/data/940944/000094094414000064/dri-201410xk.htm", "calculatedOtherExpenses": 304400000, "calculatedOperatingExpenses": 967900000, "calculatedNetInterest": -134300000, "calculatedOtherIncome": -18300000, "calculatedIncomeNonControlling": -103000000, "calculatedEbitda": 631600000}, {"date": "2013-05-26", "symbol": "DRI", "reportedCurrency": "USD", "cik": "0000940944", "fillingDate": "2013-07-19", "acceptedDate": "2013-07-19 16:11:40", "calendarYear": "2013", "period": "FY", "revenue": 8551900000, "costOfRevenue": 6661000000, "grossProfit": 1890900000, "grossProfitRatio": 0.2211087595, "researchAndDevelopmentExpenses": 0, "generalAndAdministrativeExpenses": 847800000, "sellingAndMarketingExpenses": 241100000, "sellingGeneralAndAdministrativeExpenses": 847800000, "otherExpenses": 394800000, "operatingExpenses": 1242600000, "costAndExpenses": 7903600000, "interestIncome": 900000, "interestExpense": 126800000, "depreciationAndAmortization": 394800000, "ebitda": 1043100000, "ebitdaratio": 0.1219728949, "operatingIncome": 648300000, "operatingIncomeRatio": 0.0758077152, "totalOtherIncomeExpensesNet": -125900000, "incomeBeforeTax": 522400000, "incomeBeforeTaxRatio": 0.0610858406, "incomeTaxExpense": 109800000, "netIncome": 411900000, "netIncomeRatio": 0.0481647353, "eps": 3.19, "epsdiluted": 3.13, "weightedAverageShsOut": 129000000, "weightedAverageShsOutDil": 131600000, "link": "https://www.sec.gov/Archives/edgar/data/940944/000094094413000027/0000940944-13-000027-index.htm", "finalLink": "https://www.sec.gov/Archives/edgar/data/940944/000094094413000027/dri-201310xk.htm", "calculatedOtherExpenses": 394800000, "calculatedOperatingExpenses": 1242600000, "calculatedNetInterest": -125900000, "calculatedOtherIncome": 0, "calculatedIncomeNonControlling": 700000, "calculatedEbitda": 1043100000}, {"date": "2012-05-27", "symbol": "DRI", "reportedCurrency": "USD", "cik": "0000940944", "fillingDate": "2012-07-20", "acceptedDate": "2012-07-20 17:00:04", "calendarYear": "2012", "period": "FY", "revenue": 7998700000, "costOfRevenue": 6163200000, "grossProfit": 1835500000, "grossProfitRatio": 0.2294747897, "researchAndDevelopmentExpenses": 0, "generalAndAdministrativeExpenses": 746800000, "sellingAndMarketingExpenses": 0, "sellingGeneralAndAdministrativeExpenses": 746800000, "otherExpenses": 349100000, "operatingExpenses": 1095900000, "costAndExpenses": 7259100000, "interestIncome": 900000, "interestExpense": 101600000, "depreciationAndAmortization": 349100000, "ebitda": 1088700000, "ebitdaratio": 0.1361096178, "operatingIncome": 739600000, "operatingIncomeRatio": 0.0924650256, "totalOtherIncomeExpensesNet": -101600000, "incomeBeforeTax": 638000000, "incomeBeforeTaxRatio": 0.0797629615, "incomeTaxExpense": 161500000, "netIncome": 475500000, "netIncomeRatio": 0.0594471602, "eps": 3.65, "epsdiluted": 3.57, "weightedAverageShsOut": 130100000, "weightedAverageShsOutDil": 133200000, "link": "https://www.sec.gov/Archives/edgar/data/940944/000094094412000031/0000940944-12-000031-index.htm", "finalLink": "https://www.sec.gov/Archives/edgar/data/940944/000094094412000031/dri-201210xk.htm", "calculatedOtherExpenses": 349100000, "calculatedOperatingExpenses": 1095900000, "calculatedNetInterest": -100700000, "calculatedOtherIncome": -900000, "calculatedIncomeNonControlling": 1000000, "calculatedEbitda": 1088700000}, {"date": "2011-05-29", "symbol": "DRI", "reportedCurrency": "USD", "cik": "0000940944", "fillingDate": "2011-07-22", "acceptedDate": "2011-07-22 16:29:23", "calendarYear": "2011", "period": "FY", "revenue": 7500200000, "costOfRevenue": 5699500000, "grossProfit": 1800700000, "grossProfitRatio": 0.240086931, "researchAndDevelopmentExpenses": 0, "generalAndAdministrativeExpenses": 0, "sellingAndMarketingExpenses": 0, "sellingGeneralAndAdministrativeExpenses": 738000000, "otherExpenses": 316800000, "operatingExpenses": 1054800000, "costAndExpenses": 6754300000, "interestIncome": 900000, "interestExpense": 93600000, "depreciationAndAmortization": 316800000, "ebitda": 1062700000, "ebitdaratio": 0.1416895549, "operatingIncome": 745900000, "operatingIncomeRatio": 0.0994506813, "totalOtherIncomeExpensesNet": -4700000, "incomeBeforeTax": 647600000, "incomeBeforeTaxRatio": 0.0863443642, "incomeTaxExpense": 168900000, "netIncome": 476300000, "netIncomeRatio": 0.0635049732, "eps": 3.48, "epsdiluted": 3.39, "weightedAverageShsOut": 136800000, "weightedAverageShsOutDil": 140300000, "link": "https://www.sec.gov/Archives/edgar/data/940944/000119312511194810/0001193125-11-194810-index.htm", "finalLink": "https://www.sec.gov/Archives/edgar/data/940944/000119312511194810/d10k.htm", "calculatedOtherExpenses": 316800000, "calculatedOperatingExpenses": 1054800000, "calculatedNetInterest": -92700000, "calculatedOtherIncome": -5600000, "calculatedIncomeNonControlling": 2400000, "calculatedEbitda": 1062700000}, {"date": "2010-05-30", "symbol": "DRI", "reportedCurrency": "USD", "cik": "0000940944", "fillingDate": "2010-07-23", "acceptedDate": "2010-07-23 16:45:51", "calendarYear": "2010", "period": "FY", "revenue": 7113100000, "costOfRevenue": 5484000000, "grossProfit": 1629100000, "grossProfitRatio": 0.2290281312, "researchAndDevelopmentExpenses": 0, "generalAndAdministrativeExpenses": 0, "sellingAndMarketingExpenses": 0, "sellingGeneralAndAdministrativeExpenses": 684500000, "otherExpenses": 300900000, "operatingExpenses": 985400000, "costAndExpenses": 6469400000, "interestIncome": 1300000, "interestExpense": 93900000, "depreciationAndAmortization": 300900000, "ebitda": 944600000, "ebitdaratio": 0.1327972333, "operatingIncome": 637500000, "operatingIncomeRatio": 0.089623371, "totalOtherIncomeExpensesNet": -6200000, "incomeBeforeTax": 543600000, "incomeBeforeTaxRatio": 0.0764223756, "incomeTaxExpense": 136600000, "netIncome": 404500000, "netIncomeRatio": 0.0568669075, "eps": 2.9, "epsdiluted": 2.84, "weightedAverageShsOut": 139300000, "weightedAverageShsOutDil": 142400000, "link": "https://www.sec.gov/Archives/edgar/data/940944/000119312510165061/0001193125-10-165061-index.htm", "finalLink": "https://www.sec.gov/Archives/edgar/data/940944/000119312510165061/d10k.htm", "calculatedOtherExpenses": 307100000, "calculatedOperatingExpenses": 991600000, "calculatedNetInterest": -92600000, "calculatedOtherIncome": -1300000, "calculatedIncomeNonControlling": 2500000, "calculatedEbitda": 938400000}, {"date": "2009-05-31", "symbol": "DRI", "reportedCurrency": "USD", "cik": "0000940944", "fillingDate": "2009-07-24", "acceptedDate": "2009-07-24 17:08:10", "calendarYear": "2009", "period": "FY", "revenue": 7217500000, "costOfRevenue": 5636900000, "grossProfit": 1580600000, "grossProfitRatio": 0.2189954971, "researchAndDevelopmentExpenses": 0, "generalAndAdministrativeExpenses": 0, "sellingAndMarketingExpenses": 0, "sellingGeneralAndAdministrativeExpenses": 665600000, "otherExpenses": 283100000, "operatingExpenses": 948700000, "costAndExpenses": 6585600000, "interestIncome": 900000, "interestExpense": 107400000, "depreciationAndAmortization": 283100000, "ebitda": 915000000, "ebitdaratio": 0.1267751992, "operatingIncome": 619900000, "operatingIncomeRatio": 0.0858884655, "totalOtherIncomeExpensesNet": -12000000, "incomeBeforeTax": 512500000, "incomeBeforeTaxRatio": 0.0710079667, "incomeTaxExpense": 140700000, "netIncome": 372200000, "netIncomeRatio": 0.0515691029, "eps": 2.71, "epsdiluted": 2.65, "weightedAverageShsOut": 137400000, "weightedAverageShsOutDil": 140400000, "link": "https://www.sec.gov/Archives/edgar/data/940944/000119312509155014/0001193125-09-155014-index.htm", "finalLink": "https://www.sec.gov/Archives/edgar/data/940944/000119312509155014/d10k.htm", "calculatedOtherExpenses": 295100000, "calculatedOperatingExpenses": 960700000, "calculatedNetInterest": -106500000, "calculatedOtherIncome": -900000, "calculatedIncomeNonControlling": -400000, "calculatedEbitda": 903000000}, {"date": "2008-05-25", "symbol": "DRI", "reportedCurrency": "USD", "cik": "0000940944", "fillingDate": "2008-07-17", "acceptedDate": "2008-07-17 15:19:45", "calendarYear": "2008", "period": "FY", "revenue": 6626500000, "costOfRevenue": 5138700000, "grossProfit": 1487800000, "grossProfitRatio": 0.2245227496, "researchAndDevelopmentExpenses": 0, "generalAndAdministrativeExpenses": 0, "sellingAndMarketingExpenses": 0, "sellingGeneralAndAdministrativeExpenses": 641700000, "otherExpenses": 245700000, "operatingExpenses": 887400000, "costAndExpenses": 6026100000, "interestIncome": 0, "interestExpense": 0, "depreciationAndAmortization": 248000000, "ebitda": 848400000, "ebitdaratio": 0.1280313891, "operatingIncome": 600400000, "operatingIncomeRatio": 0.0906059006, "totalOtherIncomeExpensesNet": -85700000, "incomeBeforeTax": 514700000, "incomeBeforeTaxRatio": 0.0776729797, "incomeTaxExpense": 145200000, "netIncome": 377200000, "netIncomeRatio": 0.0569229608, "eps": 2.69, "epsdiluted": 2.6, "weightedAverageShsOut": 140400000, "weightedAverageShsOutDil": 145100000, "link": "https://www.sec.gov/Archives/edgar/data/940944/000119312508152760/0001193125-08-152760-index.htm", "finalLink": "https://www.sec.gov/Archives/edgar/data/940944/000119312508152760/d10k.htm", "calculatedOtherExpenses": 245700000, "calculatedOperatingExpenses": 887400000, "calculatedNetInterest": 0, "calculatedOtherIncome": -85700000, "calculatedIncomeNonControlling": -7700000, "calculatedEbitda": 848400000}, {"date": "2007-05-27", "symbol": "DRI", "reportedCurrency": "USD", "cik": "0000940944", "fillingDate": "2007-07-19", "acceptedDate": "2007-07-19 17:08:40", "calendarYear": "2007", "period": "FY", "revenue": 5567100000, "costOfRevenue": 4258800000, "grossProfit": 1308300000, "grossProfitRatio": 0.2350056582, "researchAndDevelopmentExpenses": 0, "generalAndAdministrativeExpenses": 0, "sellingAndMarketingExpenses": 0, "sellingGeneralAndAdministrativeExpenses": 534600000, "otherExpenses": 200400000, "operatingExpenses": 735000000, "costAndExpenses": 4993800000, "interestIncome": 0, "interestExpense": 0, "depreciationAndAmortization": 202100000, "ebitda": 777800000, "ebitdaratio": 0.139713675, "operatingIncome": 573300000, "operatingIncomeRatio": 0.1029800075, "totalOtherIncomeExpensesNet": -2400000, "incomeBeforeTax": 530800000, "incomeBeforeTaxRatio": 0.0953458713, "incomeTaxExpense": 153700000, "netIncome": 201400000, "netIncomeRatio": 0.0361768246, "eps": 1.4, "epsdiluted": 1.35, "weightedAverageShsOut": 143400000, "weightedAverageShsOutDil": 148800000, "link": "https://www.sec.gov/Archives/edgar/data/940944/000119312507158244/0001193125-07-158244-index.htm", "finalLink": "https://www.sec.gov/Archives/edgar/data/940944/000119312507158244/d10k.htm", "calculatedOtherExpenses": 200400000, "calculatedOperatingExpenses": 735000000, "calculatedNetInterest": 0, "calculatedOtherIncome": -42500000, "calculatedIncomeNonControlling": 175700000, "calculatedEbitda": 775400000}, {"date": "2006-05-28", "symbol": "DRI", "reportedCurrency": "USD", "cik": "0000940944", "fillingDate": "2006-07-28", "acceptedDate": "2006-07-28 17:26:35", "calendarYear": "2006", "period": "FY", "revenue": 5720640000, "costOfRevenue": 4427508000, "grossProfit": 1293132000, "grossProfitRatio": 0.226046736, "researchAndDevelopmentExpenses": 0, "generalAndAdministrativeExpenses": 0, "sellingAndMarketingExpenses": 0, "sellingGeneralAndAdministrativeExpenses": 536379000, "otherExpenses": 221456000, "operatingExpenses": 757835000, "costAndExpenses": 5185343000, "interestIncome": 0, "interestExpense": 0, "depreciationAndAmortization": 233087000, "ebitda": 778058000, "ebitdaratio": 0.1360089081, "operatingIncome": 525623000, "operatingIncomeRatio": 0.0918818524, "totalOtherIncomeExpensesNet": -9674000, "incomeBeforeTax": 482518000, "incomeBeforeTaxRatio": 0.0843468563, "incomeTaxExpense": 144324000, "netIncome": 338194000, "netIncomeRatio": 0.0591182105, "eps": 2.26, "epsdiluted": 2.16, "weightedAverageShsOut": 149700000, "weightedAverageShsOutDil": 156900000, "link": "https://www.sec.gov/Archives/edgar/data/940944/000094094406000099/0000940944-06-000099-index.htm", "finalLink": "https://www.sec.gov/Archives/edgar/data/940944/000094094406000099/form10k_2006.htm", "calculatedOtherExpenses": 231130000, "calculatedOperatingExpenses": 767509000, "calculatedNetInterest": 0, "calculatedOtherIncome": -43105000, "calculatedIncomeNonControlling": 0, "calculatedEbitda": 758710000}, {"date": "2005-05-29", "symbol": "DRI", "reportedCurrency": "USD", "cik": "0000940944", "fillingDate": "2005-07-29", "acceptedDate": "2005-07-29 16:50:27", "calendarYear": "2005", "period": "FY", "revenue": 5278110000, "costOfRevenue": 4095828000, "grossProfit": 1182282000, "grossProfitRatio": 0.2239972263, "researchAndDevelopmentExpenses": 0, "generalAndAdministrativeExpenses": 0, "sellingAndMarketingExpenses": 0, "sellingGeneralAndAdministrativeExpenses": 497478000, "otherExpenses": 213219000, "operatingExpenses": 710697000, "costAndExpenses": 4806525000, "interestIncome": 0, "interestExpense": 0, "depreciationAndAmortization": 224260000, "ebitda": 700394000, "ebitdaratio": 0.1326978786, "operatingIncome": 467036000, "operatingIncomeRatio": 0.0884854617, "totalOtherIncomeExpensesNet": -4549000, "incomeBeforeTax": 423917000, "incomeBeforeTaxRatio": 0.0803160601, "incomeTaxExpense": 133311000, "netIncome": 290606000, "netIncomeRatio": 0.0550587237, "eps": 1.85, "epsdiluted": 1.78, "weightedAverageShsOut": 156700000, "weightedAverageShsOutDil": 163400000, "link": "https://www.sec.gov/Archives/edgar/data/940944/000094094405000153/0000940944-05-000153-index.htm", "finalLink": "https://www.sec.gov/Archives/edgar/data/940944/000094094405000153/form10k_72905.txt", "calculatedOtherExpenses": 217768000, "calculatedOperatingExpenses": 715246000, "calculatedNetInterest": 0, "calculatedOtherIncome": -43119000, "calculatedIncomeNonControlling": 0, "calculatedEbitda": 691296000}, {"date": "2004-05-30", "symbol": "DRI", "reportedCurrency": "USD", "cik": "0000940944", "fillingDate": "2004-08-12", "acceptedDate": "2004-08-12 17:23:54", "calendarYear": "2004", "period": "FY", "revenue": 5003355000, "costOfRevenue": 3895717000, "grossProfit": 1107638000, "grossProfitRatio": 0.2213790547, "researchAndDevelopmentExpenses": 0, "generalAndAdministrativeExpenses": 0, "sellingAndMarketingExpenses": 0, "sellingGeneralAndAdministrativeExpenses": 472109000, "otherExpenses": 210004000, "operatingExpenses": 682113000, "costAndExpenses": 4577830000, "interestIncome": 0, "interestExpense": 0, "depreciationAndAmortization": 217603000, "ebitda": 684996000, "ebitdaratio": 0.1369073352, "operatingIncome": 383657000, "operatingIncomeRatio": 0.0766799478, "totalOtherIncomeExpensesNet": -41868000, "incomeBeforeTax": 339998000, "incomeBeforeTaxRatio": 0.0679540029, "incomeTaxExpense": 108536000, "netIncome": 231462000, "netIncomeRatio": 0.0462613586, "eps": 1.39, "epsdiluted": 1.34, "weightedAverageShsOut": 163500000, "weightedAverageShsOutDil": 169700000, "link": "https://www.sec.gov/Archives/edgar/data/940944/000094094404000109/0000940944-04-000109-index.htm", "finalLink": "https://www.sec.gov/Archives/edgar/data/940944/000094094404000109/fy04_10k.txt", "calculatedOtherExpenses": 251872000, "calculatedOperatingExpenses": 723981000, "calculatedNetInterest": 0, "calculatedOtherIncome": -43659000, "calculatedIncomeNonControlling": 0, "calculatedEbitda": 601260000}, {"date": "2003-05-25", "symbol": "DRI", "reportedCurrency": "USD", "cik": "0000940944", "fillingDate": "2003-08-22", "acceptedDate": "2003-08-22 08:50:18", "calendarYear": "2003", "period": "FY", "revenue": 4654971000, "costOfRevenue": 3634390000, "grossProfit": 1020581000, "grossProfitRatio": 0.2192454045, "researchAndDevelopmentExpenses": 0, "generalAndAdministrativeExpenses": 0, "sellingAndMarketingExpenses": 0, "sellingGeneralAndAdministrativeExpenses": 439376000, "otherExpenses": 191218000, "operatingExpenses": 630594000, "costAndExpenses": 4264984000, "interestIncome": 0, "interestExpense": 0, "depreciationAndAmortization": 198119000, "ebitda": 587748000, "ebitdaratio": 0.1262624407, "operatingIncome": 390345000, "operatingIncomeRatio": 0.083855517, "totalOtherIncomeExpensesNet": 358000, "incomeBeforeTax": 347748000, "incomeBeforeTaxRatio": 0.0747046544, "incomeTaxExpense": 115488000, "netIncome": 232260000, "netIncomeRatio": 0.0498950477, "eps": 1.33, "epsdiluted": 1.27, "weightedAverageShsOut": 170300000, "weightedAverageShsOutDil": 177400000, "link": "https://www.sec.gov/Archives/edgar/data/940944/000094094403000176/0000940944-03-000176-index.htm", "finalLink": "https://www.sec.gov/Archives/edgar/data/940944/000094094403000176/fy03_10k.txt", "calculatedOtherExpenses": 190860000, "calculatedOperatingExpenses": 630236000, "calculatedNetInterest": 0, "calculatedOtherIncome": -42597000, "calculatedIncomeNonControlling": 0, "calculatedEbitda": 588464000}, {"date": "2002-05-26", "symbol": "DRI", "reportedCurrency": "USD", "cik": "0000940944", "fillingDate": "2002-08-19", "acceptedDate": "2002-08-19 16:55:31", "calendarYear": "2002", "period": "FY", "revenue": 4368701000, "costOfRevenue": 3384599000, "grossProfit": 984102000, "grossProfitRatio": 0.2252619257, "researchAndDevelopmentExpenses": 0, "generalAndAdministrativeExpenses": 0, "sellingAndMarketingExpenses": 0, "sellingGeneralAndAdministrativeExpenses": 420947000, "otherExpenses": 165829000, "operatingExpenses": 586776000, "costAndExpenses": 3971375000, "interestIncome": 0, "interestExpense": 0, "depreciationAndAmortization": 173407000, "ebitda": 568165000, "ebitdaratio": 0.1300535331, "operatingIncome": 399894000, "operatingIncomeRatio": 0.091536134, "totalOtherIncomeExpensesNet": 2568000, "incomeBeforeTax": 363309000, "incomeBeforeTaxRatio": 0.0831617911, "incomeTaxExpense": 125521000, "netIncome": 237788000, "netIncomeRatio": 0.0544299095, "eps": 1.36, "epsdiluted": 1.3, "weightedAverageShsOut": 174700000, "weightedAverageShsOutDil": 183500000, "link": "https://www.sec.gov/Archives/edgar/data/940944/000094094402000106/0000940944-02-000106-index.htm", "finalLink": "https://www.sec.gov/Archives/edgar/data/940944/000094094402000106/form10kfy02.txt", "calculatedOtherExpenses": 163261000, "calculatedOperatingExpenses": 584208000, "calculatedNetInterest": 0, "calculatedOtherIncome": -36585000, "calculatedIncomeNonControlling": 0, "calculatedEbitda": 573301000}, {"date": "2001-05-27", "symbol": "DRI", "reportedCurrency": "USD", "cik": "0000940944", "fillingDate": "2001-08-16", "acceptedDate": "2001-08-16 00:00:00", "calendarYear": "2001", "period": "FY", "revenue": 4021157000, "costOfRevenue": 3134726000, "grossProfit": 886431000, "grossProfitRatio": 0.2204417783, "researchAndDevelopmentExpenses": 0, "generalAndAdministrativeExpenses": 0, "sellingAndMarketingExpenses": 0, "sellingGeneralAndAdministrativeExpenses": 407685000, "otherExpenses": 146864000, "operatingExpenses": 554549000, "costAndExpenses": 3689275000, "interestIncome": 0, "interestExpense": 0, "depreciationAndAmortization": 153895000, "ebitda": 485777000, "ebitdaratio": 0.1208052807, "operatingIncome": 331882000, "operatingIncomeRatio": 0.0825339573, "totalOtherIncomeExpensesNet": -30664000, "incomeBeforeTax": 301218000, "incomeBeforeTaxRatio": 0.0749082913, "incomeTaxExpense": 104218000, "netIncome": 197000000, "netIncomeRatio": 0.048990875, "eps": 1.09, "epsdiluted": 1.06, "weightedAverageShsOut": 179610000, "weightedAverageShsOutDil": 185607000, "link": "https://www.sec.gov/Archives/edgar/data/940944/000094094401500072/0000940944-01-500072-index.htm", "finalLink": "https://www.sec.gov/Archives/edgar/data/940944/000094094401500072/form10k_052701.txt", "calculatedOtherExpenses": 146864000, "calculatedOperatingExpenses": 554549000, "calculatedNetInterest": 0, "calculatedOtherIncome": -30664000, "calculatedIncomeNonControlling": 0, "calculatedEbitda": 485777000}, {"date": "2000-05-28", "symbol": "DRI", "reportedCurrency": "USD", "cik": "0000940944", "fillingDate": "2000-08-21", "acceptedDate": "2000-08-21 00:00:00", "calendarYear": "2000", "period": "FY", "revenue": 3701256000, "costOfRevenue": 2895063000, "grossProfit": 806193000, "grossProfitRatio": 0.2178160603, "researchAndDevelopmentExpenses": 0, "generalAndAdministrativeExpenses": 0, "sellingAndMarketingExpenses": 0, "sellingGeneralAndAdministrativeExpenses": 379470000, "otherExpenses": 136359000, "operatingExpenses": 515829000, "costAndExpenses": 3410892000, "interestIncome": 0, "interestExpense": 0, "depreciationAndAmortization": 136359000, "ebitda": 420792000, "ebitdaratio": 0.1136889748, "operatingIncome": 290364000, "operatingIncomeRatio": 0.0784501261, "totalOtherIncomeExpensesNet": 5931000, "incomeBeforeTax": 273907000, "incomeBeforeTaxRatio": 0.0740037976, "incomeTaxExpense": 97202000, "netIncome": 176705000, "netIncomeRatio": 0.0477419017, "eps": 0.92, "epsdiluted": 0.89, "weightedAverageShsOut": 192654000, "weightedAverageShsOutDil": 197751000, "link": "https://www.sec.gov/Archives/edgar/data/940944/000094094400000118/0000940944-00-000118-index.htm", "finalLink": "https://www.sec.gov/Archives/edgar/data/940944/000094094400000118/0000940944-00-000118-0001.txt", "calculatedOtherExpenses": 136359000, "calculatedOperatingExpenses": 515829000, "calculatedNetInterest": 0, "calculatedOtherIncome": -16457000, "calculatedIncomeNonControlling": 0, "calculatedEbitda": 426723000}, {"date": "1999-05-30", "symbol": "DRI", "reportedCurrency": "USD", "cik": "0000940944", "fillingDate": "1999-08-23", "acceptedDate": "1999-08-23 00:00:00", "calendarYear": "1999", "period": "FY", "revenue": 3458100000, "costOfRevenue": 2740000000, "grossProfit": 718100000, "grossProfitRatio": 0.2076573841, "researchAndDevelopmentExpenses": 0, "generalAndAdministrativeExpenses": 0, "sellingAndMarketingExpenses": 0, "sellingGeneralAndAdministrativeExpenses": 360900000, "otherExpenses": 130200000, "operatingExpenses": 491100000, "costAndExpenses": 3231100000, "interestIncome": 0, "interestExpense": 0, "depreciationAndAmortization": 130200000, "ebitda": 348700000, "ebitdaratio": 0.100835719, "operatingIncome": 227000000, "operatingIncomeRatio": 0.0656429831, "totalOtherIncomeExpensesNet": 8500000, "incomeBeforeTax": 215800000, "incomeBeforeTaxRatio": 0.0624042104, "incomeTaxExpense": 75300000, "netIncome": 140500000, "netIncomeRatio": 0.0406292473, "eps": 0.68, "epsdiluted": 0.66, "weightedAverageShsOut": 206514390, "weightedAverageShsOutDil": 212772402, "link": "https://www.sec.gov/Archives/edgar/data/940944/000094094499000079/0000940944-99-000079-index.html", "finalLink": "https://www.sec.gov/Archives/edgar/data/940944/000094094499000079/", "calculatedOtherExpenses": 130200000, "calculatedOperatingExpenses": 491100000, "calculatedNetInterest": 0, "calculatedOtherIncome": -11200000, "calculatedIncomeNonControlling": 0, "calculatedEbitda": 357200000}, {"date": "1998-05-31", "symbol": "DRI", "reportedCurrency": "USD", "cik": "0000940944", "fillingDate": "1998-08-20", "acceptedDate": "1998-08-20 00:00:00", "calendarYear": "1998", "period": "FY", "revenue": 3287000000, "costOfRevenue": 2623700000, "grossProfit": 663300000, "grossProfitRatio": 0.2017949498, "researchAndDevelopmentExpenses": 0, "generalAndAdministrativeExpenses": 0, "sellingAndMarketingExpenses": 0, "sellingGeneralAndAdministrativeExpenses": 358500000, "otherExpenses": 131000000, "operatingExpenses": 489500000, "costAndExpenses": 3113200000, "interestIncome": 0, "interestExpense": 0, "depreciationAndAmortization": 131000000, "ebitda": 304400000, "ebitdaratio": 0.0926072406, "operatingIncome": 173800000, "operatingIncomeRatio": 0.052874962, "totalOtherIncomeExpensesNet": 400000, "incomeBeforeTax": 153700000, "incomeBeforeTaxRatio": 0.0467599635, "incomeTaxExpense": 52000000, "netIncome": 101700000, "netIncomeRatio": 0.0309400669, "eps": 0.46, "epsdiluted": 0.45, "weightedAverageShsOut": 222500000, "weightedAverageShsOutDil": 227100000, "link": "https://www.sec.gov/Archives/edgar/data/940944/000094094498000067/0000940944-98-000067-index.html", "finalLink": "https://www.sec.gov/Archives/edgar/data/940944/", "calculatedOtherExpenses": 131000000, "calculatedOperatingExpenses": 489500000, "calculatedNetInterest": 0, "calculatedOtherIncome": -20100000, "calculatedIncomeNonControlling": 0, "calculatedEbitda": 304800000}, {"date": "1997-05-25", "symbol": "DRI", "reportedCurrency": "USD", "cik": "0000940944", "fillingDate": "1997-08-15", "acceptedDate": "1997-08-15 00:00:00", "calendarYear": "1997", "period": "FY", "revenue": 3171800000, "costOfRevenue": 2572200000, "grossProfit": 599600000, "grossProfitRatio": 0.1890409231, "researchAndDevelopmentExpenses": 0, "generalAndAdministrativeExpenses": 0, "sellingAndMarketingExpenses": 0, "sellingGeneralAndAdministrativeExpenses": 361300000, "otherExpenses": 140700000, "operatingExpenses": 502000000, "costAndExpenses": 3074200000, "interestIncome": 0, "interestExpense": 0, "depreciationAndAmortization": 140700000, "ebitda": 468200000, "ebitdaratio": 0.1476133426, "operatingIncome": 97600000, "operatingIncomeRatio": 0.0307711709, "totalOtherIncomeExpensesNet": -229900000, "incomeBeforeTax": -154500000, "incomeBeforeTaxRatio": -0.0487105114, "incomeTaxExpense": -63500000, "netIncome": -91000000, "netIncomeRatio": -0.0286903336, "eps": -0.39, "epsdiluted": -0.39, "weightedAverageShsOut": 231240312, "weightedAverageShsOutDil": 231240312, "link": "https://www.sec.gov/Archives/edgar/data/940944/000094094497000096/0000940944-97-000096-index.html", "finalLink": "https://www.sec.gov/Archives/edgar/data/940944/", "calculatedOtherExpenses": 140700000, "calculatedOperatingExpenses": 502000000, "calculatedNetInterest": 0, "calculatedOtherIncome": -252100000, "calculatedIncomeNonControlling": 0, "calculatedEbitda": 238300000}, {"date": "1996-05-26", "symbol": "DRI", "reportedCurrency": "USD", "cik": "0000940944", "fillingDate": "1996-08-16", "acceptedDate": "1996-08-16 00:00:00", "calendarYear": "1996", "period": "FY", "revenue": 3191800000, "costOfRevenue": 2471200000, "grossProfit": 720600000, "grossProfitRatio": 0.2257660254, "researchAndDevelopmentExpenses": 0, "generalAndAdministrativeExpenses": 0, "sellingAndMarketingExpenses": 0, "sellingGeneralAndAdministrativeExpenses": 373900000, "otherExpenses": 136500000, "operatingExpenses": 510400000, "costAndExpenses": 2981600000, "interestIncome": 0, "interestExpense": 0, "depreciationAndAmortization": 136500000, "ebitda": 421700000, "ebitdaratio": 0.132119807, "operatingIncome": 210200000, "operatingIncomeRatio": 0.0658562567, "totalOtherIncomeExpensesNet": -75000000, "incomeBeforeTax": 113800000, "incomeBeforeTaxRatio": 0.035653863, "incomeTaxExpense": 39400000, "netIncome": 74400000, "netIncomeRatio": 0.0233097312, "eps": 0.31, "epsdiluted": 0.31, "weightedAverageShsOut": 237931034, "weightedAverageShsOutDil": 237931034, "link": "https://www.sec.gov/Archives/edgar/data/940944/000094094496000018/0000940944-96-000018-index.html", "finalLink": "https://www.sec.gov/Archives/edgar/data/940944/", "calculatedOtherExpenses": 136500000, "calculatedOperatingExpenses": 510400000, "calculatedNetInterest": 0, "calculatedOtherIncome": -96400000, "calculatedIncomeNonControlling": 0, "calculatedEbitda": 346700000}, {"date": "1995-05-31", "symbol": "DRI", "reportedCurrency": "USD", "cik": "0000940944", "fillingDate": "1995-05-31", "acceptedDate": "1995-05-30 20:00:00", "calendarYear": "1995", "period": "FY", "revenue": 3163300000, "costOfRevenue": 2495800000, "grossProfit": 667500000, "grossProfitRatio": 0.2110138147, "researchAndDevelopmentExpenses": 0, "generalAndAdministrativeExpenses": 0, "sellingAndMarketingExpenses": 0, "sellingGeneralAndAdministrativeExpenses": 345900000, "otherExpenses": 135500000, "operatingExpenses": 481400000, "costAndExpenses": 2977200000, "interestIncome": 0, "interestExpense": 0, "depreciationAndAmortization": 135500000, "ebitda": 420900000, "ebitdaratio": 0.1330572503, "operatingIncome": 186100000, "operatingIncomeRatio": 0.0588309677, "totalOtherIncomeExpensesNet": -99300000, "incomeBeforeTax": 65100000, "incomeBeforeTaxRatio": 0.0205797743, "incomeTaxExpense": 12700000, "netIncome": 52400000, "netIncomeRatio": 0.0165649796, "eps": 0.22, "epsdiluted": 0.22, "weightedAverageShsOut": 236881559, "weightedAverageShsOutDil": 236881559, "link": "", "finalLink": "", "calculatedOtherExpenses": 135500000, "calculatedOperatingExpenses": 481400000, "calculatedNetInterest": 0, "calculatedOtherIncome": -121000000, "calculatedIncomeNonControlling": 0, "calculatedEbitda": 321600000}]}