{"originalCurrency": "USD", "convertedCurrency": "USD", "report": [{"date": "2024-03-31", "symbol": "DT", "reportedCurrency": "USD", "cik": "0001773383", "fillingDate": "2024-05-15", "acceptedDate": "2024-05-15 06:33:31", "calendarYear": "2024", "period": "FY", "revenue": 1430530000, "costOfRevenue": 288746000, "grossProfit": 1141784000, "grossProfitRatio": 0.7981545301, "researchAndDevelopmentExpenses": 304739000, "generalAndAdministrativeExpenses": 174412000, "sellingAndMarketingExpenses": 534233000, "sellingGeneralAndAdministrativeExpenses": 708645000, "otherExpenses": 0, "operatingExpenses": 1013384000, "costAndExpenses": 1302130000, "interestIncome": 0, "interestExpense": 37284000, "depreciationAndAmortization": 54940000, "ebitda": 183340000, "ebitdaratio": 0.1281622895, "operatingIncome": 128400000, "operatingIncomeRatio": 0.0897569432, "totalOtherIncomeExpensesNet": 26515000, "incomeBeforeTax": 154915000, "incomeBeforeTaxRatio": 0.1082920316, "incomeTaxExpense": 283000, "netIncome": 154632000, "netIncomeRatio": 0.1080942028, "eps": 0.53, "epsdiluted": 0.52, "weightedAverageShsOut": 294051000, "weightedAverageShsOutDil": 299280000, "link": "https://www.sec.gov/Archives/edgar/data/1773383/000177338324000063/0001773383-24-000063-index.htm", "finalLink": "https://www.sec.gov/Archives/edgar/data/1773383/000177338324000063/fy24q4-earningsreleaseex991.htm", "calculatedOtherExpenses": 0, "calculatedOperatingExpenses": 1013384000, "calculatedNetInterest": -37284000, "calculatedOtherIncome": 63799000, "calculatedIncomeNonControlling": 0, "calculatedEbitda": 183340000}, {"date": "2023-03-31", "symbol": "DT", "reportedCurrency": "USD", "cik": "0001773383", "fillingDate": "2023-05-25", "acceptedDate": "2023-05-25 07:03:36", "calendarYear": "2023", "period": "FY", "revenue": 1158530000, "costOfRevenue": 222891000, "grossProfit": 935639000, "grossProfitRatio": 0.8076087801, "researchAndDevelopmentExpenses": 218349000, "generalAndAdministrativeExpenses": 150031000, "sellingAndMarketingExpenses": 448015000, "sellingGeneralAndAdministrativeExpenses": 598046000, "otherExpenses": 26292000, "operatingExpenses": 842687000, "costAndExpenses": 1065578000, "interestIncome": 2516000, "interestExpense": 3409000, "depreciationAndAmortization": 55317000, "ebitda": 148128000, "ebitdaratio": 0.1278585794, "operatingIncome": 92811000, "operatingIncomeRatio": 0.0801110027, "totalOtherIncomeExpensesNet": -2844000, "incomeBeforeTax": 89967000, "incomeBeforeTaxRatio": 0.0776561677, "incomeTaxExpense": -17992000, "netIncome": 107959000, "netIncomeRatio": 0.0931861928, "eps": 0.38, "epsdiluted": 0.37, "weightedAverageShsOut": 287700000, "weightedAverageShsOutDil": 291617000, "link": "https://www.sec.gov/Archives/edgar/data/1773383/000177338323000055/0001773383-23-000055-index.htm", "finalLink": "https://www.sec.gov/Archives/edgar/data/1773383/000177338323000055/dt-20230331.htm", "calculatedOtherExpenses": 26433000, "calculatedOperatingExpenses": 842828000, "calculatedNetInterest": -893000, "calculatedOtherIncome": -1951000, "calculatedIncomeNonControlling": 0, "calculatedEbitda": 148128000}, {"date": "2022-03-31", "symbol": "DT", "reportedCurrency": "USD", "cik": "0001773383", "fillingDate": "2022-05-26", "acceptedDate": "2022-05-26 07:54:51", "calendarYear": "2022", "period": "FY", "revenue": 929445000, "costOfRevenue": 172876000, "grossProfit": 756569000, "grossProfitRatio": 0.8140008285, "researchAndDevelopmentExpenses": 156342000, "generalAndAdministrativeExpenses": 126622000, "sellingAndMarketingExpenses": 362116000, "sellingGeneralAndAdministrativeExpenses": 488738000, "otherExpenses": 30157000, "operatingExpenses": 675237000, "costAndExpenses": 848113000, "interestIncome": 10192000, "interestExpense": 10192000, "depreciationAndAmortization": 57445000, "ebitda": 138752000, "ebitdaratio": 0.1492847882, "operatingIncome": 81307000, "operatingIncomeRatio": 0.087479087, "totalOtherIncomeExpensesNet": -9648000, "incomeBeforeTax": 71659000, "incomeBeforeTaxRatio": 0.0770986987, "incomeTaxExpense": 19208000, "netIncome": 52451000, "netIncomeRatio": 0.0564326023, "eps": 0.18, "epsdiluted": 0.18, "weightedAverageShsOut": 284161000, "weightedAverageShsOutDil": 290903000, "link": "https://www.sec.gov/Archives/edgar/data/1773383/000177338322000053/0001773383-22-000053-index.htm", "finalLink": "https://www.sec.gov/Archives/edgar/data/1773383/000177338322000053/dt-20220331.htm", "calculatedOtherExpenses": 30182000, "calculatedOperatingExpenses": 675262000, "calculatedNetInterest": 0, "calculatedOtherIncome": -9648000, "calculatedIncomeNonControlling": 0, "calculatedEbitda": 138752000}, {"date": "2021-03-31", "symbol": "DT", "reportedCurrency": "USD", "cik": "0001773383", "fillingDate": "2021-05-28", "acceptedDate": "2021-05-28 16:53:38", "calendarYear": "2021", "period": "FY", "revenue": 703509000, "costOfRevenue": 127708000, "grossProfit": 575801000, "grossProfitRatio": 0.818469984, "researchAndDevelopmentExpenses": 111415000, "generalAndAdministrativeExpenses": 92219000, "sellingAndMarketingExpenses": 245487000, "sellingGeneralAndAdministrativeExpenses": 337706000, "otherExpenses": 34744000, "operatingExpenses": 483865000, "costAndExpenses": 611573000, "interestIncome": 14205000, "interestExpense": 14205000, "depreciationAndAmortization": 61166000, "ebitda": 153062000, "ebitdaratio": 0.2175693559, "operatingIncome": 91896000, "operatingIncomeRatio": 0.1306251946, "totalOtherIncomeExpensesNet": -14043000, "incomeBeforeTax": 77853000, "incomeBeforeTaxRatio": 0.1106638295, "incomeTaxExpense": 2139000, "netIncome": 75714000, "netIncomeRatio": 0.1076233566, "eps": 0.27, "epsdiluted": 0.26, "weightedAverageShsOut": 280469000, "weightedAverageShsOutDil": 286509000, "link": "https://www.sec.gov/Archives/edgar/data/1773383/000177338321000054/0001773383-21-000054-index.htm", "finalLink": "https://www.sec.gov/Archives/edgar/data/1773383/000177338321000054/dt-20210331.htm", "calculatedOtherExpenses": 34784000, "calculatedOperatingExpenses": 483905000, "calculatedNetInterest": 0, "calculatedOtherIncome": -14043000, "calculatedIncomeNonControlling": 0, "calculatedEbitda": 153062000}, {"date": "2020-03-31", "symbol": "DT", "reportedCurrency": "USD", "cik": "0001773383", "fillingDate": "2020-05-27", "acceptedDate": "2020-05-27 16:27:04", "calendarYear": "2020", "period": "FY", "revenue": 545803000, "costOfRevenue": 128931000, "grossProfit": 416872000, "grossProfitRatio": 0.7637774069, "researchAndDevelopmentExpenses": 119281000, "generalAndAdministrativeExpenses": 161983000, "sellingAndMarketingExpenses": 266175000, "sellingGeneralAndAdministrativeExpenses": 428158000, "otherExpenses": 40280000, "operatingExpenses": 587719000, "costAndExpenses": 716650000, "interestIncome": 42697000, "interestExpense": 45397000, "depreciationAndAmortization": 65124000, "ebitda": -105723000, "ebitdaratio": -0.1937017569, "operatingIncome": -170847000, "operatingIncomeRatio": -0.3130195327, "totalOtherIncomeExpensesNet": -47686000, "incomeBeforeTax": -218533000, "incomeBeforeTaxRatio": -0.4003880521, "incomeTaxExpense": 199491000, "netIncome": -418024000, "netIncomeRatio": -0.7658880585, "eps": -1.58, "epsdiluted": -1.58, "weightedAverageShsOut": 264933000, "weightedAverageShsOutDil": 264933000, "link": "https://www.sec.gov/Archives/edgar/data/1773383/000177338320000053/0001773383-20-000053-index.htm", "finalLink": "https://www.sec.gov/Archives/edgar/data/1773383/000177338320000053/dynatrace10-kfy20.htm", "calculatedOtherExpenses": 40280000, "calculatedOperatingExpenses": 587719000, "calculatedNetInterest": -2700000, "calculatedOtherIncome": -44986000, "calculatedIncomeNonControlling": 0, "calculatedEbitda": -105723000}, {"date": "2019-03-31", "symbol": "DT", "reportedCurrency": "USD", "cik": "0001773383", "fillingDate": "2019-03-31", "acceptedDate": "2019-03-30 20:00:00", "calendarYear": "2019", "period": "FY", "revenue": 430966000, "costOfRevenue": 106801000, "grossProfit": 324165000, "grossProfitRatio": 0.7521823067, "researchAndDevelopmentExpenses": 76759000, "generalAndAdministrativeExpenses": 91778000, "sellingAndMarketingExpenses": 178886000, "sellingGeneralAndAdministrativeExpenses": 270664000, "otherExpenses": 2641000, "operatingExpenses": 395109000, "costAndExpenses": 501910000, "interestIncome": 69845000, "interestExpense": 69845000, "depreciationAndAmortization": 80111000, "ebitda": 11808000, "ebitdaratio": 0.0273989131, "operatingIncome": -72707000, "operatingIncomeRatio": -0.1687070442, "totalOtherIncomeExpensesNet": 878000, "incomeBeforeTax": -139911000, "incomeBeforeTaxRatio": -0.3246450996, "incomeTaxExpense": -23717000, "netIncome": -116194000, "netIncomeRatio": -0.2696129161, "eps": -0.42, "epsdiluted": -0.42, "weightedAverageShsOut": 275537939, "weightedAverageShsOutDil": 275537939, "link": "", "finalLink": "", "calculatedOtherExpenses": 49449000, "calculatedOperatingExpenses": 396872000, "calculatedNetInterest": 0, "calculatedOtherIncome": -67204000, "calculatedIncomeNonControlling": 0, "calculatedEbitda": 7404000}, {"date": "2018-03-31", "symbol": "DT", "reportedCurrency": "USD", "cik": "0001773383", "fillingDate": "2018-03-31", "acceptedDate": "2018-03-30 20:00:00", "calendarYear": "2018", "period": "FY", "revenue": 398047000, "costOfRevenue": 96534000, "grossProfit": 301513000, "grossProfitRatio": 0.7574809005, "researchAndDevelopmentExpenses": 58320000, "generalAndAdministrativeExpenses": 64114000, "sellingAndMarketingExpenses": 145350000, "sellingGeneralAndAdministrativeExpenses": 209464000, "otherExpenses": 5204000, "operatingExpenses": 318282000, "costAndExpenses": 414816000, "interestIncome": 0, "interestExpense": 35220000, "depreciationAndAmortization": 82238000, "ebitda": 70673000, "ebitdaratio": 0.1775493849, "operatingIncome": -21759000, "operatingIncomeRatio": -0.0546643989, "totalOtherIncomeExpensesNet": 214000, "incomeBeforeTax": -51775000, "incomeBeforeTaxRatio": -0.1300725794, "incomeTaxExpense": -60997000, "netIncome": 9222000, "netIncomeRatio": 0.0231681183, "eps": 0.0335, "epsdiluted": 0.0335, "weightedAverageShsOut": 275537939, "weightedAverageShsOutDil": 275537939, "link": "", "finalLink": "", "calculatedOtherExpenses": 55488000, "calculatedOperatingExpenses": 323272000, "calculatedNetInterest": -35220000, "calculatedOtherIncome": 5204000, "calculatedIncomeNonControlling": 0, "calculatedEbitda": 60479000}, {"date": "2017-03-31", "symbol": "DT", "reportedCurrency": "USD", "cik": "0001773383", "fillingDate": "2017-03-31", "acceptedDate": "2017-03-30 20:00:00", "calendarYear": "2017", "period": "FY", "revenue": 406377000, "costOfRevenue": 102172000, "grossProfit": 304205000, "grossProfitRatio": 0.7485782906, "researchAndDevelopmentExpenses": 52885000, "generalAndAdministrativeExpenses": 49232000, "sellingAndMarketingExpenses": 129971000, "sellingGeneralAndAdministrativeExpenses": 179203000, "otherExpenses": -3445000, "operatingExpenses": 284035000, "costAndExpenses": 386207000, "interestIncome": 0, "interestExpense": 25481000, "depreciationAndAmortization": 84919000, "ebitda": 101644000, "ebitdaratio": 0.2501224233, "operatingIncome": 12533000, "operatingIncomeRatio": 0.0308408202, "totalOtherIncomeExpensesNet": -11082000, "incomeBeforeTax": -16393000, "incomeBeforeTaxRatio": -0.0403393893, "incomeTaxExpense": -17189000, "netIncome": 796000, "netIncomeRatio": 0.0019587723, "eps": 0.0029, "epsdiluted": 0.0029, "weightedAverageShsOut": 275537939, "weightedAverageShsOutDil": 275537939, "link": "", "finalLink": "", "calculatedOtherExpenses": 59584000, "calculatedOperatingExpenses": 291672000, "calculatedNetInterest": -25481000, "calculatedOtherIncome": -3445000, "calculatedIncomeNonControlling": 0, "calculatedEbitda": 97452000}]}