{"originalCurrency": "USD", "convertedCurrency": "USD", "report": [{"date": "2023-12-31", "symbol": "DTB", "reportedCurrency": "USD", "cik": "0000936340", "fillingDate": "2024-02-08", "acceptedDate": "2024-02-08 10:49:21", "calendarYear": "2023", "period": "FY", "revenue": 12484000000, "costOfRevenue": 10146000000, "grossProfit": 2338000000, "grossProfitRatio": 0.187279718, "researchAndDevelopmentExpenses": 0, "generalAndAdministrativeExpenses": 0, "sellingAndMarketingExpenses": 0, "sellingGeneralAndAdministrativeExpenses": 9000000, "otherExpenses": -462000000, "operatingExpenses": 462000000, "costAndExpenses": 10608000000, "interestIncome": 74000000, "interestExpense": 853000000, "depreciationAndAmortization": 1665000000, "ebitda": 3541000000, "ebitdaratio": 0.2836430631, "operatingIncome": 1876000000, "operatingIncomeRatio": 0.1502723486, "totalOtherIncomeExpensesNet": -310000000, "incomeBeforeTax": 1566000000, "incomeBeforeTaxRatio": 0.1254405639, "incomeTaxExpense": 169000000, "netIncome": 1394000000, "netIncomeRatio": 0.1116629285, "eps": 6.77, "epsdiluted": 6.77, "weightedAverageShsOut": 206000000, "weightedAverageShsOutDil": 206000000, "link": "https://www.sec.gov/Archives/edgar/data/936340/000093634024000076/0000936340-24-000076-index.htm", "finalLink": "https://www.sec.gov/Archives/edgar/data/28385/000093634024000076/dte-20231231.htm", "calculatedOtherExpenses": 453000000, "calculatedOperatingExpenses": 462000000, "calculatedNetInterest": -779000000, "calculatedOtherIncome": 469000000, "calculatedIncomeNonControlling": 3000000, "calculatedEbitda": 3541000000}, {"date": "2022-12-31", "symbol": "DTB", "reportedCurrency": "USD", "cik": "0000936340", "fillingDate": "2023-02-23", "acceptedDate": "2023-02-23 15:36:32", "calendarYear": "2022", "period": "FY", "revenue": 19226000000, "costOfRevenue": 16920000000, "grossProfit": 2306000000, "grossProfitRatio": 0.1199417456, "researchAndDevelopmentExpenses": 0, "generalAndAdministrativeExpenses": 0, "sellingAndMarketingExpenses": 0, "sellingGeneralAndAdministrativeExpenses": 1000000, "otherExpenses": -457000000, "operatingExpenses": 457000000, "costAndExpenses": 17377000000, "interestIncome": 46000000, "interestExpense": 717000000, "depreciationAndAmortization": 1510000000, "ebitda": 3359000000, "ebitdaratio": 0.1747113284, "operatingIncome": 1849000000, "operatingIncomeRatio": 0.0961718506, "totalOtherIncomeExpensesNet": -737000000, "incomeBeforeTax": 1112000000, "incomeBeforeTaxRatio": 0.0578383439, "incomeTaxExpense": 29000000, "netIncome": 1080000000, "netIncomeRatio": 0.0561739311, "eps": 5.54, "epsdiluted": 5.51, "weightedAverageShsOut": 195000000, "weightedAverageShsOutDil": 196000000, "link": "https://www.sec.gov/Archives/edgar/data/936340/000093634023000073/0000936340-23-000073-index.htm", "finalLink": "https://www.sec.gov/Archives/edgar/data/28385/000093634023000073/dte-20221231.htm", "calculatedOtherExpenses": 456000000, "calculatedOperatingExpenses": 457000000, "calculatedNetInterest": -671000000, "calculatedOtherIncome": -66000000, "calculatedIncomeNonControlling": 3000000, "calculatedEbitda": 3359000000}, {"date": "2021-12-31", "symbol": "DTB", "reportedCurrency": "USD", "cik": "0000936340", "fillingDate": "2022-02-10", "acceptedDate": "2022-02-10 10:57:57", "calendarYear": "2021", "period": "FY", "revenue": 15059000000, "costOfRevenue": 12916000000, "grossProfit": 2143000000, "grossProfitRatio": 0.1423069261, "researchAndDevelopmentExpenses": 0, "generalAndAdministrativeExpenses": 0, "sellingAndMarketingExpenses": 0, "sellingGeneralAndAdministrativeExpenses": 17000000, "otherExpenses": -431000000, "operatingExpenses": 431000000, "costAndExpenses": 13347000000, "interestIncome": 22000000, "interestExpense": 669000000, "depreciationAndAmortization": 1435000000, "ebitda": 3147000000, "ebitdaratio": 0.2089780198, "operatingIncome": 1712000000, "operatingIncomeRatio": 0.1136861677, "totalOtherIncomeExpensesNet": -1056000000, "incomeBeforeTax": 656000000, "incomeBeforeTaxRatio": 0.0435619895, "incomeTaxExpense": -130000000, "netIncome": 905000000, "netIncomeRatio": 0.060096952, "eps": 4.69, "epsdiluted": 4.66, "weightedAverageShsOut": 193000000, "weightedAverageShsOutDil": 194000000, "link": "https://www.sec.gov/Archives/edgar/data/936340/000093634022000077/0000936340-22-000077-index.htm", "finalLink": "https://www.sec.gov/Archives/edgar/data/28385/000093634022000077/dte-20211231.htm", "calculatedOtherExpenses": 414000000, "calculatedOperatingExpenses": 431000000, "calculatedNetInterest": -647000000, "calculatedOtherIncome": -409000000, "calculatedIncomeNonControlling": -119000000, "calculatedEbitda": 3147000000}, {"date": "2020-12-31", "symbol": "DTB", "reportedCurrency": "USD", "cik": "0000936340", "fillingDate": "2021-02-19", "acceptedDate": "2021-02-19 13:40:44", "calendarYear": "2020", "period": "FY", "revenue": 11526000000, "costOfRevenue": 9456000000, "grossProfit": 2070000000, "grossProfitRatio": 0.1795939615, "researchAndDevelopmentExpenses": 0, "generalAndAdministrativeExpenses": 0, "sellingAndMarketingExpenses": 0, "sellingGeneralAndAdministrativeExpenses": 50000000, "otherExpenses": -395000000, "operatingExpenses": 395000000, "costAndExpenses": 9851000000, "interestIncome": 29000000, "interestExpense": 637000000, "depreciationAndAmortization": 1329000000, "ebitda": 3004000000, "ebitdaratio": 0.2606281451, "operatingIncome": 1675000000, "operatingIncomeRatio": 0.1453236162, "totalOtherIncomeExpensesNet": -593000000, "incomeBeforeTax": 1082000000, "incomeBeforeTaxRatio": 0.093874718, "incomeTaxExpense": 37000000, "netIncome": 1366000000, "netIncomeRatio": 0.1185146625, "eps": 7.08, "epsdiluted": 7.08, "weightedAverageShsOut": 193000000, "weightedAverageShsOutDil": 193000000, "link": "https://www.sec.gov/Archives/edgar/data/936340/000093634021000112/0000936340-21-000112-index.htm", "finalLink": "https://www.sec.gov/Archives/edgar/data/28385/000093634021000112/dte-20201231.htm", "calculatedOtherExpenses": 345000000, "calculatedOperatingExpenses": 395000000, "calculatedNetInterest": -608000000, "calculatedOtherIncome": 15000000, "calculatedIncomeNonControlling": -321000000, "calculatedEbitda": 3004000000}, {"date": "2019-12-31", "symbol": "DTB", "reportedCurrency": "USD", "cik": "0000936340", "fillingDate": "2020-02-05", "acceptedDate": "2020-02-05 15:13:51", "calendarYear": "2019", "period": "FY", "revenue": 12609000000, "costOfRevenue": 10528000000, "grossProfit": 2081000000, "grossProfitRatio": 0.1650408438, "researchAndDevelopmentExpenses": 0, "generalAndAdministrativeExpenses": 0, "sellingAndMarketingExpenses": 0, "sellingGeneralAndAdministrativeExpenses": 39000000, "otherExpenses": -414000000, "operatingExpenses": 414000000, "costAndExpenses": 10942000000, "interestIncome": 17000000, "interestExpense": 680000000, "depreciationAndAmortization": 1323000000, "ebitda": 2990000000, "ebitdaratio": 0.2371322072, "operatingIncome": 1667000000, "operatingIncomeRatio": 0.1322071536, "totalOtherIncomeExpensesNet": -343000000, "incomeBeforeTax": 1324000000, "incomeBeforeTaxRatio": 0.105004362, "incomeTaxExpense": 152000000, "netIncome": 1167000000, "netIncomeRatio": 0.0925529384, "eps": 6.31, "epsdiluted": 6.31, "weightedAverageShsOut": 185000000, "weightedAverageShsOutDil": 185000000, "link": "https://www.sec.gov/Archives/edgar/data/936340/000093634020000127/0000936340-20-000127-index.htm", "finalLink": "https://www.sec.gov/Archives/edgar/data/28385/000093634020000127/dteenergy2019123110k.htm", "calculatedOtherExpenses": 375000000, "calculatedOperatingExpenses": 414000000, "calculatedNetInterest": -663000000, "calculatedOtherIncome": 320000000, "calculatedIncomeNonControlling": 5000000, "calculatedEbitda": 2990000000}, {"date": "2018-12-31", "symbol": "DTB", "reportedCurrency": "USD", "cik": "0000936340", "fillingDate": "2019-02-07", "acceptedDate": "2019-02-07 12:52:11", "calendarYear": "2018", "period": "FY", "revenue": 14199000000, "costOfRevenue": 12092000000, "grossProfit": 2107000000, "grossProfitRatio": 0.1483907317, "researchAndDevelopmentExpenses": 0, "generalAndAdministrativeExpenses": 0, "sellingAndMarketingExpenses": 0, "sellingGeneralAndAdministrativeExpenses": 37000000, "otherExpenses": -405000000, "operatingExpenses": 405000000, "costAndExpenses": 12497000000, "interestIncome": -12000000, "interestExpense": 559000000, "depreciationAndAmortization": 1169000000, "ebitda": 2871000000, "ebitdaratio": 0.2021973378, "operatingIncome": 1702000000, "operatingIncomeRatio": 0.1198675963, "totalOtherIncomeExpensesNet": -486000000, "incomeBeforeTax": 1216000000, "incomeBeforeTaxRatio": 0.0856398338, "incomeTaxExpense": 98000000, "netIncome": 1118000000, "netIncomeRatio": 0.0787379393, "eps": 6.18, "epsdiluted": 6.18, "weightedAverageShsOut": 181000000, "weightedAverageShsOutDil": 181000000, "link": "https://www.sec.gov/Archives/edgar/data/936340/000093634019000086/0000936340-19-000086-index.htm", "finalLink": "https://www.sec.gov/Archives/edgar/data/28385/000093634019000086/dteenergy2018123110k.htm", "calculatedOtherExpenses": 368000000, "calculatedOperatingExpenses": 405000000, "calculatedNetInterest": -571000000, "calculatedOtherIncome": 85000000, "calculatedIncomeNonControlling": 0, "calculatedEbitda": 2871000000}, {"date": "2017-12-31", "symbol": "DTB", "reportedCurrency": "USD", "cik": "0000936340", "fillingDate": "2018-02-16", "acceptedDate": "2018-02-16 11:02:58", "calendarYear": "2017", "period": "FY", "revenue": 12576000000, "costOfRevenue": 10561000000, "grossProfit": 2015000000, "grossProfitRatio": 0.160225827, "researchAndDevelopmentExpenses": 0, "generalAndAdministrativeExpenses": 0, "sellingAndMarketingExpenses": 0, "sellingGeneralAndAdministrativeExpenses": 65000000, "otherExpenses": -391000000, "operatingExpenses": 391000000, "costAndExpenses": 10952000000, "interestIncome": -12000000, "interestExpense": 536000000, "depreciationAndAmortization": 1083000000, "ebitda": 2707000000, "ebitdaratio": 0.2152512723, "operatingIncome": 1624000000, "operatingIncomeRatio": 0.1291348601, "totalOtherIncomeExpensesNet": -337000000, "incomeBeforeTax": 1287000000, "incomeBeforeTaxRatio": 0.1023377863, "incomeTaxExpense": 175000000, "netIncome": 1132000000, "netIncomeRatio": 0.0900127226, "eps": 6.32, "epsdiluted": 6.32, "weightedAverageShsOut": 179000000, "weightedAverageShsOutDil": 179000000, "link": "https://www.sec.gov/Archives/edgar/data/936340/000093634018000082/0000936340-18-000082-index.htm", "finalLink": "https://www.sec.gov/Archives/edgar/data/28385/000093634018000082/dteenergy2017123110k.htm", "calculatedOtherExpenses": 326000000, "calculatedOperatingExpenses": 391000000, "calculatedNetInterest": -548000000, "calculatedOtherIncome": 211000000, "calculatedIncomeNonControlling": -20000000, "calculatedEbitda": 2707000000}, {"date": "2016-12-31", "symbol": "DTB", "reportedCurrency": "USD", "cik": "0000936340", "fillingDate": "2017-02-09", "acceptedDate": "2017-02-09 14:04:11", "calendarYear": "2016", "period": "FY", "revenue": 10737000000, "costOfRevenue": 8806000000, "grossProfit": 1931000000, "grossProfitRatio": 0.1798453944, "researchAndDevelopmentExpenses": 0, "generalAndAdministrativeExpenses": 0, "sellingAndMarketingExpenses": 0, "sellingGeneralAndAdministrativeExpenses": 41000000, "otherExpenses": -370000000, "operatingExpenses": 370000000, "costAndExpenses": 9176000000, "interestIncome": -20000000, "interestExpense": 472000000, "depreciationAndAmortization": 1034000000, "ebitda": 2595000000, "ebitdaratio": 0.2416876222, "operatingIncome": 1561000000, "operatingIncomeRatio": 0.1453851169, "totalOtherIncomeExpensesNet": -456000000, "incomeBeforeTax": 1105000000, "incomeBeforeTaxRatio": 0.1029151532, "incomeTaxExpense": 271000000, "netIncome": 866000000, "netIncomeRatio": 0.0806556766, "eps": 4.84, "epsdiluted": 4.84, "weightedAverageShsOut": 179000000, "weightedAverageShsOutDil": 179000000, "link": "https://www.sec.gov/Archives/edgar/data/936340/000093634017000064/0000936340-17-000064-index.htm", "finalLink": "https://www.sec.gov/Archives/edgar/data/28385/000093634017000064/dteenergy2016123110k.htm", "calculatedOtherExpenses": 329000000, "calculatedOperatingExpenses": 370000000, "calculatedNetInterest": -492000000, "calculatedOtherIncome": 36000000, "calculatedIncomeNonControlling": -32000000, "calculatedEbitda": 2595000000}, {"date": "2015-12-31", "symbol": "DTB", "reportedCurrency": "USD", "cik": "0000936340", "fillingDate": "2016-02-10", "acceptedDate": "2016-02-10 15:39:15", "calendarYear": "2015", "period": "FY", "revenue": 10321000000, "costOfRevenue": 8569000000, "grossProfit": 1752000000, "grossProfitRatio": 0.1697509931, "researchAndDevelopmentExpenses": 0, "generalAndAdministrativeExpenses": 0, "sellingAndMarketingExpenses": 0, "sellingGeneralAndAdministrativeExpenses": 0, "otherExpenses": -364000000, "operatingExpenses": 364000000, "costAndExpenses": 8933000000, "interestIncome": -13000000, "interestExpense": 450000000, "depreciationAndAmortization": 898000000, "ebitda": 2286000000, "ebitdaratio": 0.2214901657, "operatingIncome": 1388000000, "operatingIncomeRatio": 0.1344830927, "totalOtherIncomeExpensesNet": -451000000, "incomeBeforeTax": 950000000, "incomeBeforeTaxRatio": 0.0920453444, "incomeTaxExpense": 230000000, "netIncome": 725000000, "netIncomeRatio": 0.0702451313, "eps": 4.05, "epsdiluted": 4.05, "weightedAverageShsOut": 179000000, "weightedAverageShsOutDil": 179000000, "link": "https://www.sec.gov/Archives/edgar/data/936340/000093634016000243/0000936340-16-000243-index.htm", "finalLink": "https://www.sec.gov/Archives/edgar/data/28385/000093634016000243/dteenergy2015123110k.htm", "calculatedOtherExpenses": 364000000, "calculatedOperatingExpenses": 364000000, "calculatedNetInterest": -463000000, "calculatedOtherIncome": 25000000, "calculatedIncomeNonControlling": -5000000, "calculatedEbitda": 2286000000}, {"date": "2014-12-31", "symbol": "DTB", "reportedCurrency": "USD", "cik": "0000936340", "fillingDate": "2015-02-13", "acceptedDate": "2015-02-13 15:27:38", "calendarYear": "2014", "period": "FY", "revenue": 12301000000, "costOfRevenue": 9226000000, "grossProfit": 3075000000, "grossProfitRatio": 0.2499796764, "researchAndDevelopmentExpenses": 0, "generalAndAdministrativeExpenses": 0, "sellingAndMarketingExpenses": 0, "sellingGeneralAndAdministrativeExpenses": 0, "otherExpenses": 0, "operatingExpenses": 1381000000, "costAndExpenses": 10607000000, "interestIncome": -10000000, "interestExpense": 429000000, "depreciationAndAmortization": 666000000, "ebitda": 2244000000, "ebitdaratio": 0.1824241932, "operatingIncome": 1578000000, "operatingIncomeRatio": 0.1282822535, "totalOtherIncomeExpensesNet": -303000000, "incomeBeforeTax": 1275000000, "incomeBeforeTaxRatio": 0.1036501097, "incomeTaxExpense": 364000000, "netIncome": 904000000, "netIncomeRatio": 0.0734899602, "eps": 5.1, "epsdiluted": 5.11, "weightedAverageShsOut": 177254901, "weightedAverageShsOutDil": 177000000, "link": "https://www.sec.gov/Archives/edgar/data/936340/000093634015000014/0000936340-15-000014-index.htm", "finalLink": "https://www.sec.gov/Archives/edgar/data/936340/000093634015000014/dteenergy2014123110k.htm", "calculatedOtherExpenses": 1497000000, "calculatedOperatingExpenses": 1497000000, "calculatedNetInterest": -439000000, "calculatedOtherIncome": 136000000, "calculatedIncomeNonControlling": 7000000, "calculatedEbitda": 2244000000}, {"date": "2013-12-31", "symbol": "DTB", "reportedCurrency": "USD", "cik": "0000936340", "fillingDate": "2014-02-14", "acceptedDate": "2014-02-14 15:54:03", "calendarYear": "2013", "period": "FY", "revenue": 9661000000, "costOfRevenue": 7033000000, "grossProfit": 2628000000, "grossProfitRatio": 0.2720215299, "researchAndDevelopmentExpenses": 0, "generalAndAdministrativeExpenses": 0, "sellingAndMarketingExpenses": 0, "sellingGeneralAndAdministrativeExpenses": 0, "otherExpenses": 0, "operatingExpenses": 1279000000, "costAndExpenses": 8312000000, "interestIncome": -9000000, "interestExpense": 436000000, "depreciationAndAmortization": 611000000, "ebitda": 1805000000, "ebitdaratio": 0.1868336611, "operatingIncome": 1194000000, "operatingIncomeRatio": 0.1235896905, "totalOtherIncomeExpensesNet": -272000000, "incomeBeforeTax": 922000000, "incomeBeforeTaxRatio": 0.0954352551, "incomeTaxExpense": 254000000, "netIncome": 660000000, "netIncomeRatio": 0.0683159093, "eps": 3.76, "epsdiluted": 3.77, "weightedAverageShsOut": 175531914, "weightedAverageShsOutDil": 175000000, "link": "https://www.sec.gov/Archives/edgar/data/936340/000093634014000014/0000936340-14-000014-index.htm", "finalLink": "https://www.sec.gov/Archives/edgar/data/936340/000093634014000014/dteenergy2013123110k.htm", "calculatedOtherExpenses": 1434000000, "calculatedOperatingExpenses": 1434000000, "calculatedNetInterest": -445000000, "calculatedOtherIncome": 173000000, "calculatedIncomeNonControlling": 8000000, "calculatedEbitda": 1805000000}, {"date": "2012-12-31", "symbol": "DTB", "reportedCurrency": "USD", "cik": "0000936340", "fillingDate": "2013-02-20", "acceptedDate": "2013-02-20 17:30:10", "calendarYear": "2012", "period": "FY", "revenue": 8791000000, "costOfRevenue": 6188000000, "grossProfit": 2603000000, "grossProfitRatio": 0.2960982823, "researchAndDevelopmentExpenses": 0, "generalAndAdministrativeExpenses": 0, "sellingAndMarketingExpenses": 0, "sellingGeneralAndAdministrativeExpenses": 0, "otherExpenses": 0, "operatingExpenses": 1324000000, "costAndExpenses": 7512000000, "interestIncome": -10000000, "interestExpense": 440000000, "depreciationAndAmortization": 995000000, "ebitda": 2331000000, "ebitdaratio": 0.2651575475, "operatingIncome": 1279000000, "operatingIncomeRatio": 0.1454897054, "totalOtherIncomeExpensesNet": -319000000, "incomeBeforeTax": 960000000, "incomeBeforeTaxRatio": 0.1092025936, "incomeTaxExpense": 286000000, "netIncome": 610000000, "netIncomeRatio": 0.069389148, "eps": 3.57, "epsdiluted": 3.55, "weightedAverageShsOut": 171000000, "weightedAverageShsOutDil": 172000000, "link": "https://www.sec.gov/Archives/edgar/data/936340/000093634013000028/0000936340-13-000028-index.htm", "finalLink": "https://www.sec.gov/Archives/edgar/data/936340/000093634013000028/dteenergy2012123110k.htm", "calculatedOtherExpenses": 1324000000, "calculatedOperatingExpenses": 1324000000, "calculatedNetInterest": -450000000, "calculatedOtherIncome": 131000000, "calculatedIncomeNonControlling": 64000000, "calculatedEbitda": 2274000000}, {"date": "2011-12-31", "symbol": "DTB", "reportedCurrency": "USD", "cik": "0000936340", "fillingDate": "2012-02-16", "acceptedDate": "2012-02-16 17:18:05", "calendarYear": "2011", "period": "FY", "revenue": 8897000000, "costOfRevenue": 6165000000, "grossProfit": 2732000000, "grossProfitRatio": 0.3070697988, "researchAndDevelopmentExpenses": 0, "generalAndAdministrativeExpenses": 0, "sellingAndMarketingExpenses": 0, "sellingGeneralAndAdministrativeExpenses": 0, "otherExpenses": 0, "operatingExpenses": 1309000000, "costAndExpenses": 7474000000, "interestIncome": -10000000, "interestExpense": 494000000, "depreciationAndAmortization": 995000000, "ebitda": 2476000000, "ebitdaratio": 0.2782960548, "operatingIncome": 1423000000, "operatingIncomeRatio": 0.1599415533, "totalOtherIncomeExpensesNet": -436000000, "incomeBeforeTax": 987000000, "incomeBeforeTaxRatio": 0.1109362707, "incomeTaxExpense": 267000000, "netIncome": 720000000, "netIncomeRatio": 0.0809261549, "eps": 4.26, "epsdiluted": 4.24, "weightedAverageShsOut": 169000000, "weightedAverageShsOutDil": 170000000, "link": "https://www.sec.gov/Archives/edgar/data/936340/000093634012000004/0000936340-12-000004-index.htm", "finalLink": "https://www.sec.gov/Archives/edgar/data/936340/000093634012000004/dteenergy2011123110k.htm", "calculatedOtherExpenses": 1309000000, "calculatedOperatingExpenses": 1309000000, "calculatedNetInterest": -504000000, "calculatedOtherIncome": 68000000, "calculatedIncomeNonControlling": 0, "calculatedEbitda": 2418000000}, {"date": "2010-12-31", "symbol": "DTB", "reportedCurrency": "USD", "cik": "0000936340", "fillingDate": "2011-02-18", "acceptedDate": "2011-02-18 17:12:00", "calendarYear": "2010", "period": "FY", "revenue": 8557000000, "costOfRevenue": 5768000000, "grossProfit": 2789000000, "grossProfitRatio": 0.3259319855, "researchAndDevelopmentExpenses": 0, "generalAndAdministrativeExpenses": 0, "sellingAndMarketingExpenses": 0, "sellingGeneralAndAdministrativeExpenses": 0, "otherExpenses": 0, "operatingExpenses": 1325000000, "costAndExpenses": 7093000000, "interestIncome": -12000000, "interestExpense": 549000000, "depreciationAndAmortization": 1027000000, "ebitda": 2517000000, "ebitdaratio": 0.2941451443, "operatingIncome": 1464000000, "operatingIncomeRatio": 0.1710879981, "totalOtherIncomeExpensesNet": -514000000, "incomeBeforeTax": 950000000, "incomeBeforeTaxRatio": 0.1110202174, "incomeTaxExpense": 311000000, "netIncome": 630000000, "netIncomeRatio": 0.0736239336, "eps": 3.75, "epsdiluted": 3.73, "weightedAverageShsOut": 168000000, "weightedAverageShsOutDil": 169000000, "link": "https://www.sec.gov/Archives/edgar/data/936340/000095012311015771/0000950123-11-015771-index.htm", "finalLink": "https://www.sec.gov/Archives/edgar/data/936340/000095012311015771/k49859e10vk.htm", "calculatedOtherExpenses": 1325000000, "calculatedOperatingExpenses": 1325000000, "calculatedNetInterest": -561000000, "calculatedOtherIncome": 47000000, "calculatedIncomeNonControlling": 9000000, "calculatedEbitda": 2491000000}, {"date": "2009-12-31", "symbol": "DTB", "reportedCurrency": "USD", "cik": "0000936340", "fillingDate": "2010-02-23", "acceptedDate": "2010-02-23 17:23:23", "calendarYear": "2009", "period": "FY", "revenue": 8014000000, "costOfRevenue": 5490000000, "grossProfit": 2524000000, "grossProfitRatio": 0.3149488395, "researchAndDevelopmentExpenses": 0, "generalAndAdministrativeExpenses": 0, "sellingAndMarketingExpenses": 0, "sellingGeneralAndAdministrativeExpenses": 0, "otherExpenses": 0, "operatingExpenses": 1275000000, "costAndExpenses": 6765000000, "interestIncome": -19000000, "interestExpense": 545000000, "depreciationAndAmortization": 1020000000, "ebitda": 2344000000, "ebitdaratio": 0.2924881457, "operatingIncome": 1249000000, "operatingIncomeRatio": 0.1558522585, "totalOtherIncomeExpensesNet": -467000000, "incomeBeforeTax": 782000000, "incomeBeforeTaxRatio": 0.0975792363, "incomeTaxExpense": 247000000, "netIncome": 532000000, "netIncomeRatio": 0.0663838283, "eps": 3.24, "epsdiluted": 3.24, "weightedAverageShsOut": 164000000, "weightedAverageShsOutDil": 164000000, "link": "https://www.sec.gov/Archives/edgar/data/936340/000095012310015829/0000950123-10-015829-index.htm", "finalLink": "https://www.sec.gov/Archives/edgar/data/936340/000095012310015829/k48696e10vk.htm", "calculatedOtherExpenses": 1275000000, "calculatedOperatingExpenses": 1275000000, "calculatedNetInterest": -564000000, "calculatedOtherIncome": 97000000, "calculatedIncomeNonControlling": 3000000, "calculatedEbitda": 2269000000}, {"date": "2008-12-31", "symbol": "DTB", "reportedCurrency": "USD", "cik": "0000936340", "fillingDate": "2009-02-27", "acceptedDate": "2009-02-27 16:38:46", "calendarYear": "2008", "period": "FY", "revenue": 9329000000, "costOfRevenue": 7000000000, "grossProfit": 2329000000, "grossProfitRatio": 0.249651624, "researchAndDevelopmentExpenses": 0, "generalAndAdministrativeExpenses": 0, "sellingAndMarketingExpenses": 0, "sellingGeneralAndAdministrativeExpenses": 0, "otherExpenses": 0, "operatingExpenses": 1066000000, "costAndExpenses": 8066000000, "interestIncome": -19000000, "interestExpense": 503000000, "depreciationAndAmortization": 901000000, "ebitda": 2238000000, "ebitdaratio": 0.2398970951, "operatingIncome": 1263000000, "operatingIncomeRatio": 0.1353842856, "totalOtherIncomeExpensesNet": -429000000, "incomeBeforeTax": 834000000, "incomeBeforeTaxRatio": 0.0893986494, "incomeTaxExpense": 288000000, "netIncome": 546000000, "netIncomeRatio": 0.0585271733, "eps": 3.37, "epsdiluted": 3.35, "weightedAverageShsOut": 162000000, "weightedAverageShsOutDil": 163000000, "link": "https://www.sec.gov/Archives/edgar/data/936340/000095015209001957/0000950152-09-001957-index.htm", "finalLink": "https://www.sec.gov/Archives/edgar/data/936340/000095015209001957/k47322e10vk.htm", "calculatedOtherExpenses": 1066000000, "calculatedOperatingExpenses": 1066000000, "calculatedNetInterest": -522000000, "calculatedOtherIncome": 93000000, "calculatedIncomeNonControlling": 0, "calculatedEbitda": 2164000000}, {"date": "2007-12-31", "symbol": "DTB", "reportedCurrency": "USD", "cik": "0000936340", "fillingDate": "2008-03-07", "acceptedDate": "2008-03-07 16:47:25", "calendarYear": "2007", "period": "FY", "revenue": 8506000000, "costOfRevenue": 6445000000, "grossProfit": 2061000000, "grossProfitRatio": 0.2422995533, "researchAndDevelopmentExpenses": 0, "generalAndAdministrativeExpenses": 0, "sellingAndMarketingExpenses": 0, "sellingGeneralAndAdministrativeExpenses": 0, "otherExpenses": 0, "operatingExpenses": 426000000, "costAndExpenses": 6871000000, "interestIncome": -25000000, "interestExpense": 533000000, "depreciationAndAmortization": 932000000, "ebitda": 2800000000, "ebitdaratio": 0.3291794028, "operatingIncome": 1635000000, "operatingIncomeRatio": 0.1922172584, "totalOtherIncomeExpensesNet": -300000000, "incomeBeforeTax": 1335000000, "incomeBeforeTaxRatio": 0.1569480367, "incomeTaxExpense": 364000000, "netIncome": 971000000, "netIncomeRatio": 0.1141547143, "eps": 5.75, "epsdiluted": 5.71, "weightedAverageShsOut": 169000000, "weightedAverageShsOutDil": 170000000, "link": "https://www.sec.gov/Archives/edgar/data/936340/000095012408001093/0000950124-08-001093-index.htm", "finalLink": "https://www.sec.gov/Archives/edgar/data/936340/000095012408001093/k23278e10vk.htm", "calculatedOtherExpenses": 426000000, "calculatedOperatingExpenses": 426000000, "calculatedNetInterest": -558000000, "calculatedOtherIncome": 258000000, "calculatedIncomeNonControlling": 0, "calculatedEbitda": 2567000000}, {"date": "2006-12-31", "symbol": "DTB", "reportedCurrency": "USD", "cik": "0000936340", "fillingDate": "2007-03-01", "acceptedDate": "2007-03-01 17:20:45", "calendarYear": "2006", "period": "FY", "revenue": 9022000000, "costOfRevenue": 6752000000, "grossProfit": 2270000000, "grossProfitRatio": 0.2516071824, "researchAndDevelopmentExpenses": 0, "generalAndAdministrativeExpenses": 0, "sellingAndMarketingExpenses": 0, "sellingGeneralAndAdministrativeExpenses": 0, "otherExpenses": 0, "operatingExpenses": 1442000000, "costAndExpenses": 8194000000, "interestIncome": -47000000, "interestExpense": 526000000, "depreciationAndAmortization": 1014000000, "ebitda": 2110000000, "ebitdaratio": 0.2338727555, "operatingIncome": 828000000, "operatingIncomeRatio": 0.0917756595, "totalOtherIncomeExpensesNet": -258000000, "incomeBeforeTax": 570000000, "incomeBeforeTaxRatio": 0.063178896, "incomeTaxExpense": 137000000, "netIncome": 433000000, "netIncomeRatio": 0.047993793, "eps": 2.45, "epsdiluted": 2.43, "weightedAverageShsOut": 177000000, "weightedAverageShsOutDil": 178000000, "link": "https://www.sec.gov/Archives/edgar/data/936340/000095012407001240/0000950124-07-001240-index.htm", "finalLink": "https://www.sec.gov/Archives/edgar/data/936340/000095012407001240/k12582e10vk.htm", "calculatedOtherExpenses": 1442000000, "calculatedOperatingExpenses": 1442000000, "calculatedNetInterest": -573000000, "calculatedOtherIncome": 315000000, "calculatedIncomeNonControlling": 0, "calculatedEbitda": 1842000000}, {"date": "2005-12-31", "symbol": "DTB", "reportedCurrency": "USD", "cik": "0000936340", "fillingDate": "2006-03-08", "acceptedDate": "2006-03-08 09:20:35", "calendarYear": "2005", "period": "FY", "revenue": 9022000000, "costOfRevenue": 7323000000, "grossProfit": 1699000000, "grossProfitRatio": 0.1883174462, "researchAndDevelopmentExpenses": 0, "generalAndAdministrativeExpenses": 0, "sellingAndMarketingExpenses": 0, "sellingGeneralAndAdministrativeExpenses": 0, "otherExpenses": 0, "operatingExpenses": 753000000, "costAndExpenses": 8076000000, "interestIncome": -57000000, "interestExpense": 519000000, "depreciationAndAmortization": 869000000, "ebitda": 2127000000, "ebitdaratio": 0.2357570384, "operatingIncome": 946000000, "operatingIncomeRatio": 0.1048547994, "totalOtherIncomeExpensesNet": -207000000, "incomeBeforeTax": 739000000, "incomeBeforeTaxRatio": 0.0819108845, "incomeTaxExpense": 202000000, "netIncome": 537000000, "netIncomeRatio": 0.0595211705, "eps": 3.07, "epsdiluted": 3.05, "weightedAverageShsOut": 175000000, "weightedAverageShsOutDil": 176000000, "link": "https://www.sec.gov/Archives/edgar/data/936340/000095012406001039/0000950124-06-001039-index.htm", "finalLink": "https://www.sec.gov/Archives/edgar/data/936340/000095012406001039/k01978e10vk.htm", "calculatedOtherExpenses": 753000000, "calculatedOperatingExpenses": 753000000, "calculatedNetInterest": -576000000, "calculatedOtherIncome": 369000000, "calculatedIncomeNonControlling": 0, "calculatedEbitda": 1815000000}, {"date": "2004-12-31", "symbol": "DTB", "reportedCurrency": "USD", "cik": "0000936340", "fillingDate": "2005-03-15", "acceptedDate": "2005-03-15 17:27:54", "calendarYear": "2004", "period": "FY", "revenue": 7114000000, "costOfRevenue": 5427000000, "grossProfit": 1687000000, "grossProfitRatio": 0.2371380377, "researchAndDevelopmentExpenses": 0, "generalAndAdministrativeExpenses": 0, "sellingAndMarketingExpenses": 0, "sellingGeneralAndAdministrativeExpenses": 0, "otherExpenses": 0, "operatingExpenses": 841000000, "costAndExpenses": 6268000000, "interestIncome": -55000000, "interestExpense": 518000000, "depreciationAndAmortization": 744000000, "ebitda": 1858000000, "ebitdaratio": 0.2611751476, "operatingIncome": 846000000, "operatingIncomeRatio": 0.1189204386, "totalOtherIncomeExpensesNet": -250000000, "incomeBeforeTax": 596000000, "incomeBeforeTaxRatio": 0.083778465, "incomeTaxExpense": 165000000, "netIncome": 431000000, "netIncomeRatio": 0.0605847624, "eps": 2.49, "epsdiluted": 2.49, "weightedAverageShsOut": 173000000, "weightedAverageShsOutDil": 173000000, "link": "https://www.sec.gov/Archives/edgar/data/936340/000095012405001542/0000950124-05-001542-index.htm", "finalLink": "https://www.sec.gov/Archives/edgar/data/936340/000095012405001542/k91838e10vk.htm", "calculatedOtherExpenses": 841000000, "calculatedOperatingExpenses": 841000000, "calculatedNetInterest": -573000000, "calculatedOtherIncome": 323000000, "calculatedIncomeNonControlling": 0, "calculatedEbitda": 1590000000}, {"date": "2003-12-31", "symbol": "DTB", "reportedCurrency": "USD", "cik": "0000936340", "fillingDate": "2004-03-03", "acceptedDate": "2004-03-02 21:46:08", "calendarYear": "2003", "period": "FY", "revenue": 7041000000, "costOfRevenue": 5273000000, "grossProfit": 1768000000, "grossProfitRatio": 0.2511006959, "researchAndDevelopmentExpenses": 0, "generalAndAdministrativeExpenses": 0, "sellingAndMarketingExpenses": 0, "sellingGeneralAndAdministrativeExpenses": 0, "otherExpenses": 0, "operatingExpenses": 1021000000, "costAndExpenses": 6294000000, "interestIncome": -37000000, "interestExpense": 546000000, "depreciationAndAmortization": 687000000, "ebitda": 1590000000, "ebitdaratio": 0.225820196, "operatingIncome": 747000000, "operatingIncomeRatio": 0.1060928845, "totalOtherIncomeExpensesNet": -390000000, "incomeBeforeTax": 357000000, "incomeBeforeTaxRatio": 0.0507030251, "incomeTaxExpense": -164000000, "netIncome": 521000000, "netIncomeRatio": 0.0739951711, "eps": 3.1, "epsdiluted": 3.1, "weightedAverageShsOut": 168000000, "weightedAverageShsOutDil": 168000000, "link": "https://www.sec.gov/Archives/edgar/data/936340/000095012404000639/0000950124-04-000639-index.htm", "finalLink": "https://www.sec.gov/Archives/edgar/data/936340/000095012404000639/k81862e10vk.htm", "calculatedOtherExpenses": 1021000000, "calculatedOperatingExpenses": 1021000000, "calculatedNetInterest": -583000000, "calculatedOtherIncome": 193000000, "calculatedIncomeNonControlling": 0, "calculatedEbitda": 1434000000}, {"date": "2002-12-31", "symbol": "DTB", "reportedCurrency": "USD", "cik": "0000936340", "fillingDate": "2003-03-24", "acceptedDate": "2003-03-24 15:48:08", "calendarYear": "2002", "period": "FY", "revenue": 6749000000, "costOfRevenue": 4515000000, "grossProfit": 2234000000, "grossProfitRatio": 0.3310120018, "researchAndDevelopmentExpenses": 0, "generalAndAdministrativeExpenses": 0, "sellingAndMarketingExpenses": 0, "sellingGeneralAndAdministrativeExpenses": 0, "otherExpenses": 0, "operatingExpenses": 1129000000, "costAndExpenses": 5644000000, "interestIncome": -29000000, "interestExpense": 548000000, "depreciationAndAmortization": 759000000, "ebitda": 1880000000, "ebitdaratio": 0.2785597866, "operatingIncome": 1105000000, "operatingIncomeRatio": 0.1637279597, "totalOtherIncomeExpensesNet": -532000000, "incomeBeforeTax": 573000000, "incomeBeforeTaxRatio": 0.0849014669, "incomeTaxExpense": -59000000, "netIncome": 632000000, "netIncomeRatio": 0.0936435027, "eps": 3.85, "epsdiluted": 3.83, "weightedAverageShsOut": 164000000, "weightedAverageShsOutDil": 165000000, "link": "https://www.sec.gov/Archives/edgar/data/936340/000095012403000824/0000950124-03-000824-index.htm", "finalLink": "https://www.sec.gov/Archives/edgar/data/936340/000095012403000824/k74326e10vk.htm", "calculatedOtherExpenses": 1129000000, "calculatedOperatingExpenses": 1129000000, "calculatedNetInterest": -577000000, "calculatedOtherIncome": 45000000, "calculatedIncomeNonControlling": 0, "calculatedEbitda": 1864000000}, {"date": "2001-12-31", "symbol": "DTB", "reportedCurrency": "USD", "cik": "0000936340", "fillingDate": "2002-03-29", "acceptedDate": "2002-03-29 00:00:00", "calendarYear": "2001", "period": "FY", "revenue": 6792000000, "costOfRevenue": 5028000000, "grossProfit": 1764000000, "grossProfitRatio": 0.2597173145, "researchAndDevelopmentExpenses": 0, "generalAndAdministrativeExpenses": 0, "sellingAndMarketingExpenses": 0, "sellingGeneralAndAdministrativeExpenses": 0, "otherExpenses": 6188000000, "operatingExpenses": 6188000000, "costAndExpenses": 11216000000, "interestIncome": 0, "interestExpense": 335000000, "depreciationAndAmortization": 691000000, "ebitda": 1285000000, "ebitdaratio": 0.1891931684, "operatingIncome": 604000000, "operatingIncomeRatio": 0.0889281508, "totalOtherIncomeExpensesNet": -345000000, "incomeBeforeTax": 259000000, "incomeBeforeTaxRatio": 0.0381330978, "incomeTaxExpense": -102000000, "netIncome": 361000000, "netIncomeRatio": 0.0531507656, "eps": 0, "epsdiluted": 0, "weightedAverageShsOut": 0, "weightedAverageShsOutDil": 0, "link": "https://www.sec.gov/Archives/edgar/data/936340/000095012402001121/0000950124-02-001121-index.htm", "finalLink": "https://www.sec.gov/Archives/edgar/data/936340/000095012402001121/k68272e10-k405.htm", "calculatedOtherExpenses": 1160000000, "calculatedOperatingExpenses": 1160000000, "calculatedNetInterest": -335000000, "calculatedOtherIncome": -10000000, "calculatedIncomeNonControlling": 0, "calculatedEbitda": 1295000000}]}