{"originalCurrency": "USD", "convertedCurrency": "USD", "report": [{"date": "2023-12-31", "symbol": "DTE", "reportedCurrency": "USD", "cik": "0000936340", "fillingDate": "2024-02-08", "acceptedDate": "2024-02-08 10:49:21", "calendarYear": "2023", "period": "FY", "revenue": 12745000000, "costOfRevenue": 8418000000, "grossProfit": 4327000000, "grossProfitRatio": 0.3395056885, "researchAndDevelopmentExpenses": 0, "generalAndAdministrativeExpenses": 9000000, "sellingAndMarketingExpenses": 0, "sellingGeneralAndAdministrativeExpenses": 9000000, "otherExpenses": -5000000, "operatingExpenses": 2026000000, "costAndExpenses": 10444000000, "interestIncome": 57000000, "interestExpense": 791000000, "depreciationAndAmortization": 1606000000, "ebitda": 3962000000, "ebitdaratio": 0.3108670067, "operatingIncome": 2243000000, "operatingIncomeRatio": 0.1759905845, "totalOtherIncomeExpensesNet": -1000000, "incomeBeforeTax": 1566000000, "incomeBeforeTaxRatio": 0.1228717144, "incomeTaxExpense": 169000000, "netIncome": 1397000000, "netIncomeRatio": 0.1096116124, "eps": 6.76, "epsdiluted": 6.76, "weightedAverageShsOut": 206000000, "weightedAverageShsOutDil": 206000000, "link": "https://www.sec.gov/Archives/edgar/data/936340/000093634024000076/0000936340-24-000076-index.htm", "finalLink": "https://www.sec.gov/Archives/edgar/data/28385/000093634024000076/dte-20231231.htm", "calculatedOtherExpenses": 2075000000, "calculatedOperatingExpenses": 2084000000, "calculatedNetInterest": -734000000, "calculatedOtherIncome": 57000000, "calculatedIncomeNonControlling": 0, "calculatedEbitda": 3849000000}, {"date": "2022-12-31", "symbol": "DTE", "reportedCurrency": "USD", "cik": "0000936340", "fillingDate": "2023-02-23", "acceptedDate": "2023-02-23 15:36:32", "calendarYear": "2022", "period": "FY", "revenue": 19228000000, "costOfRevenue": 15560000000, "grossProfit": 3668000000, "grossProfitRatio": 0.1907634699, "researchAndDevelopmentExpenses": 0, "generalAndAdministrativeExpenses": -1000000, "sellingAndMarketingExpenses": 2000000, "sellingGeneralAndAdministrativeExpenses": 1000000, "otherExpenses": 1896000000, "operatingExpenses": 1896000000, "costAndExpenses": 17456000000, "interestIncome": 46000000, "interestExpense": 675000000, "depreciationAndAmortization": 1499000000, "ebitda": 3247000000, "ebitdaratio": 0.168868317, "operatingIncome": 1748000000, "operatingIncomeRatio": 0.0909090909, "totalOtherIncomeExpensesNet": -636000000, "incomeBeforeTax": 1112000000, "incomeBeforeTaxRatio": 0.0578323279, "incomeTaxExpense": 29000000, "netIncome": 1083000000, "netIncomeRatio": 0.0563241107, "eps": 5.55, "epsdiluted": 5.53, "weightedAverageShsOut": 195000000, "weightedAverageShsOutDil": 196000000, "link": "https://www.sec.gov/Archives/edgar/data/936340/000093634023000073/0000936340-23-000073-index.htm", "finalLink": "https://www.sec.gov/Archives/edgar/data/28385/000093634023000073/dte-20221231.htm", "calculatedOtherExpenses": 1919000000, "calculatedOperatingExpenses": 1920000000, "calculatedNetInterest": -629000000, "calculatedOtherIncome": -7000000, "calculatedIncomeNonControlling": 0, "calculatedEbitda": 3247000000}, {"date": "2021-12-31", "symbol": "DTE", "reportedCurrency": "USD", "cik": "0000936340", "fillingDate": "2022-02-10", "acceptedDate": "2022-02-10 10:57:57", "calendarYear": "2021", "period": "FY", "revenue": 14964000000, "costOfRevenue": 11628000000, "grossProfit": 3336000000, "grossProfitRatio": 0.2229350441, "researchAndDevelopmentExpenses": 0, "generalAndAdministrativeExpenses": 17000000, "sellingAndMarketingExpenses": 0, "sellingGeneralAndAdministrativeExpenses": 17000000, "otherExpenses": 1781000000, "operatingExpenses": 1781000000, "costAndExpenses": 13409000000, "interestIncome": 22000000, "interestExpense": 630000000, "depreciationAndAmortization": 1527000000, "ebitda": 3022000000, "ebitdaratio": 0.2019513499, "operatingIncome": 1495000000, "operatingIncomeRatio": 0.0999064421, "totalOtherIncomeExpensesNet": -839000000, "incomeBeforeTax": 656000000, "incomeBeforeTaxRatio": 0.0438385458, "incomeTaxExpense": -130000000, "netIncome": 907000000, "netIncomeRatio": 0.0606121358, "eps": 4.68, "epsdiluted": 4.67, "weightedAverageShsOut": 193000000, "weightedAverageShsOutDil": 194000000, "link": "https://www.sec.gov/Archives/edgar/data/936340/000093634022000077/0000936340-22-000077-index.htm", "finalLink": "https://www.sec.gov/Archives/edgar/data/28385/000093634022000077/dte-20211231.htm", "calculatedOtherExpenses": 1824000000, "calculatedOperatingExpenses": 1841000000, "calculatedNetInterest": -608000000, "calculatedOtherIncome": -231000000, "calculatedIncomeNonControlling": -121000000, "calculatedEbitda": 3022000000}, {"date": "2020-12-31", "symbol": "DTE", "reportedCurrency": "USD", "cik": "0000936340", "fillingDate": "2021-02-19", "acceptedDate": "2021-02-19 13:40:44", "calendarYear": "2020", "period": "FY", "revenue": 12177000000, "costOfRevenue": 8303000000, "grossProfit": 3874000000, "grossProfitRatio": 0.3181407572, "researchAndDevelopmentExpenses": 0, "generalAndAdministrativeExpenses": 50000000, "sellingAndMarketingExpenses": 0, "sellingGeneralAndAdministrativeExpenses": 50000000, "otherExpenses": 1853000000, "operatingExpenses": 1853000000, "costAndExpenses": 10156000000, "interestIncome": 38000000, "interestExpense": 720000000, "depreciationAndAmortization": 1558000000, "ebitda": 3544000000, "ebitdaratio": 0.2910404862, "operatingIncome": 1986000000, "operatingIncomeRatio": 0.1630943582, "totalOtherIncomeExpensesNet": -448000000, "incomeBeforeTax": 1538000000, "incomeBeforeTaxRatio": 0.1263036873, "incomeTaxExpense": 167000000, "netIncome": 1368000000, "netIncomeRatio": 0.1123429416, "eps": 7.09, "epsdiluted": 7.08, "weightedAverageShsOut": 193000000, "weightedAverageShsOutDil": 193000000, "link": "https://www.sec.gov/Archives/edgar/data/936340/000093634021000112/0000936340-21-000112-index.htm", "finalLink": "https://www.sec.gov/Archives/edgar/data/28385/000093634021000112/dte-20201231.htm", "calculatedOtherExpenses": 1838000000, "calculatedOperatingExpenses": 1888000000, "calculatedNetInterest": -682000000, "calculatedOtherIncome": 234000000, "calculatedIncomeNonControlling": 3000000, "calculatedEbitda": 3544000000}, {"date": "2019-12-31", "symbol": "DTE", "reportedCurrency": "USD", "cik": "0000936340", "fillingDate": "2020-02-05", "acceptedDate": "2020-02-05 15:13:51", "calendarYear": "2019", "period": "FY", "revenue": 12669000000, "costOfRevenue": 9270000000, "grossProfit": 3399000000, "grossProfitRatio": 0.2682926829, "researchAndDevelopmentExpenses": 0, "generalAndAdministrativeExpenses": 0, "sellingAndMarketingExpenses": 0, "sellingGeneralAndAdministrativeExpenses": 39000000, "otherExpenses": 1677000000, "operatingExpenses": 1677000000, "costAndExpenses": 10947000000, "interestIncome": 17000000, "interestExpense": 641000000, "depreciationAndAmortization": 1345000000, "ebitda": 3052000000, "ebitdaratio": 0.2409029916, "operatingIncome": 1707000000, "operatingIncomeRatio": 0.1347383377, "totalOtherIncomeExpensesNet": -383000000, "incomeBeforeTax": 1324000000, "incomeBeforeTaxRatio": 0.1045070645, "incomeTaxExpense": 152000000, "netIncome": 1169000000, "netIncomeRatio": 0.0922724761, "eps": 6.32, "epsdiluted": 6.32, "weightedAverageShsOut": 185000000, "weightedAverageShsOutDil": 185000000, "link": "https://www.sec.gov/Archives/edgar/data/936340/000093634020000127/0000936340-20-000127-index.htm", "finalLink": "https://www.sec.gov/Archives/edgar/data/28385/000093634020000127/dteenergy2019123110k.htm", "calculatedOtherExpenses": 1653000000, "calculatedOperatingExpenses": 1692000000, "calculatedNetInterest": -624000000, "calculatedOtherIncome": 241000000, "calculatedIncomeNonControlling": 3000000, "calculatedEbitda": 3052000000}, {"date": "2018-12-31", "symbol": "DTE", "reportedCurrency": "USD", "cik": "0000936340", "fillingDate": "2019-02-07", "acceptedDate": "2019-02-07 12:52:11", "calendarYear": "2018", "period": "FY", "revenue": 14212000000, "costOfRevenue": 11062000000, "grossProfit": 3150000000, "grossProfitRatio": 0.2216436814, "researchAndDevelopmentExpenses": 0, "generalAndAdministrativeExpenses": 0, "sellingAndMarketingExpenses": 0, "sellingGeneralAndAdministrativeExpenses": 37000000, "otherExpenses": -95000000, "operatingExpenses": 1529000000, "costAndExpenses": 12591000000, "interestIncome": 12000000, "interestExpense": 559000000, "depreciationAndAmortization": 1124000000, "ebitda": 2794000000, "ebitdaratio": 0.1965944272, "operatingIncome": 1594000000, "operatingIncomeRatio": 0.1121587391, "totalOtherIncomeExpensesNet": 142000000, "incomeBeforeTax": 1216000000, "incomeBeforeTaxRatio": 0.0855614973, "incomeTaxExpense": 98000000, "netIncome": 1120000000, "netIncomeRatio": 0.0788066423, "eps": 6.19, "epsdiluted": 6.19, "weightedAverageShsOut": 181000000, "weightedAverageShsOutDil": 181000000, "link": "https://www.sec.gov/Archives/edgar/data/936340/000093634019000086/0000936340-19-000086-index.htm", "finalLink": "https://www.sec.gov/Archives/edgar/data/28385/000093634019000086/dteenergy2018123110k.htm", "calculatedOtherExpenses": 1519000000, "calculatedOperatingExpenses": 1556000000, "calculatedNetInterest": -547000000, "calculatedOtherIncome": 169000000, "calculatedIncomeNonControlling": -2000000, "calculatedEbitda": 2718000000}, {"date": "2017-12-31", "symbol": "DTE", "reportedCurrency": "USD", "cik": "0000936340", "fillingDate": "2018-02-16", "acceptedDate": "2018-02-16 11:02:58", "calendarYear": "2017", "period": "FY", "revenue": 12607000000, "costOfRevenue": 9499000000, "grossProfit": 3108000000, "grossProfitRatio": 0.2465297057, "researchAndDevelopmentExpenses": 0, "generalAndAdministrativeExpenses": 0, "sellingAndMarketingExpenses": 0, "sellingGeneralAndAdministrativeExpenses": 65000000, "otherExpenses": -63000000, "operatingExpenses": 1421000000, "costAndExpenses": 10920000000, "interestIncome": 12000000, "interestExpense": 536000000, "depreciationAndAmortization": 1030000000, "ebitda": 2768000000, "ebitdaratio": 0.2195605616, "operatingIncome": 1646000000, "operatingIncomeRatio": 0.130562386, "totalOtherIncomeExpensesNet": 124000000, "incomeBeforeTax": 1287000000, "incomeBeforeTaxRatio": 0.1020861426, "incomeTaxExpense": 175000000, "netIncome": 1134000000, "netIncomeRatio": 0.0899500278, "eps": 6.32, "epsdiluted": 6.32, "weightedAverageShsOut": 179000000, "weightedAverageShsOutDil": 179000000, "link": "https://www.sec.gov/Archives/edgar/data/936340/000093634018000082/0000936340-18-000082-index.htm", "finalLink": "https://www.sec.gov/Archives/edgar/data/28385/000093634018000082/dteenergy2017123110k.htm", "calculatedOtherExpenses": 1397000000, "calculatedOperatingExpenses": 1462000000, "calculatedNetInterest": -524000000, "calculatedOtherIncome": 165000000, "calculatedIncomeNonControlling": -22000000, "calculatedEbitda": 2676000000}, {"date": "2016-12-31", "symbol": "DTE", "reportedCurrency": "USD", "cik": "0000936340", "fillingDate": "2017-02-09", "acceptedDate": "2017-02-09 14:04:11", "calendarYear": "2016", "period": "FY", "revenue": 10630000000, "costOfRevenue": 7832000000, "grossProfit": 2798000000, "grossProfitRatio": 0.2632173095, "researchAndDevelopmentExpenses": 0, "generalAndAdministrativeExpenses": 0, "sellingAndMarketingExpenses": 0, "sellingGeneralAndAdministrativeExpenses": 41000000, "otherExpenses": 112000000, "operatingExpenses": 1346000000, "costAndExpenses": 9178000000, "interestIncome": 20000000, "interestExpense": 472000000, "depreciationAndAmortization": 976000000, "ebitda": 2560000000, "ebitdaratio": 0.2408278457, "operatingIncome": 1445000000, "operatingIncomeRatio": 0.1359360301, "totalOtherIncomeExpensesNet": 105000000, "incomeBeforeTax": 1105000000, "incomeBeforeTaxRatio": 0.1039510818, "incomeTaxExpense": 271000000, "netIncome": 868000000, "netIncomeRatio": 0.0816556914, "eps": 4.84, "epsdiluted": 4.83, "weightedAverageShsOut": 179000000, "weightedAverageShsOutDil": 179000000, "link": "https://www.sec.gov/Archives/edgar/data/936340/000093634017000064/0000936340-17-000064-index.htm", "finalLink": "https://www.sec.gov/Archives/edgar/data/28385/000093634017000064/dteenergy2016123110k.htm", "calculatedOtherExpenses": 1312000000, "calculatedOperatingExpenses": 1353000000, "calculatedNetInterest": -452000000, "calculatedOtherIncome": 112000000, "calculatedIncomeNonControlling": -34000000, "calculatedEbitda": 2421000000}, {"date": "2015-12-31", "symbol": "DTE", "reportedCurrency": "USD", "cik": "0000936340", "fillingDate": "2016-02-10", "acceptedDate": "2016-02-10 15:39:15", "calendarYear": "2015", "period": "FY", "revenue": 10337000000, "costOfRevenue": 7776000000, "grossProfit": 2561000000, "grossProfitRatio": 0.2477507981, "researchAndDevelopmentExpenses": 0, "generalAndAdministrativeExpenses": 0, "sellingAndMarketingExpenses": 0, "sellingGeneralAndAdministrativeExpenses": 0, "otherExpenses": 148000000, "operatingExpenses": 1216000000, "costAndExpenses": 8992000000, "interestIncome": 13000000, "interestExpense": 450000000, "depreciationAndAmortization": 852000000, "ebitda": 2358000000, "ebitdaratio": 0.2281126052, "operatingIncome": 1239000000, "operatingIncomeRatio": 0.1198606946, "totalOtherIncomeExpensesNet": 42000000, "incomeBeforeTax": 950000000, "incomeBeforeTaxRatio": 0.0919028732, "incomeTaxExpense": 230000000, "netIncome": 727000000, "netIncomeRatio": 0.0703298829, "eps": 4.05, "epsdiluted": 4.05, "weightedAverageShsOut": 179000000, "weightedAverageShsOutDil": 179000000, "link": "https://www.sec.gov/Archives/edgar/data/936340/000093634016000243/0000936340-16-000243-index.htm", "finalLink": "https://www.sec.gov/Archives/edgar/data/28385/000093634016000243/dteenergy2015123110k.htm", "calculatedOtherExpenses": 1322000000, "calculatedOperatingExpenses": 1322000000, "calculatedNetInterest": -437000000, "calculatedOtherIncome": 148000000, "calculatedIncomeNonControlling": -7000000, "calculatedEbitda": 2091000000}, {"date": "2014-12-31", "symbol": "DTE", "reportedCurrency": "USD", "cik": "0000936340", "fillingDate": "2015-02-13", "acceptedDate": "2015-02-13 15:27:38", "calendarYear": "2014", "period": "FY", "revenue": 12301000000, "costOfRevenue": 9226000000, "grossProfit": 3075000000, "grossProfitRatio": 0.2499796764, "researchAndDevelopmentExpenses": 0, "generalAndAdministrativeExpenses": 0, "sellingAndMarketingExpenses": 0, "sellingGeneralAndAdministrativeExpenses": 0, "otherExpenses": 104000000, "operatingExpenses": 1497000000, "costAndExpenses": 10723000000, "interestIncome": 10000000, "interestExpense": 429000000, "depreciationAndAmortization": 1145000000, "ebitda": 2837000000, "ebitdaratio": 0.230631656, "operatingIncome": 1590000000, "operatingIncomeRatio": 0.1292577839, "totalOtherIncomeExpensesNet": 116000000, "incomeBeforeTax": 1275000000, "incomeBeforeTaxRatio": 0.1036501097, "incomeTaxExpense": 364000000, "netIncome": 905000000, "netIncomeRatio": 0.0735712544, "eps": 5.11, "epsdiluted": 5.1, "weightedAverageShsOut": 177000000, "weightedAverageShsOutDil": 177000000, "link": "https://www.sec.gov/Archives/edgar/data/936340/000093634015000014/0000936340-15-000014-index.htm", "finalLink": "https://www.sec.gov/Archives/edgar/data/936340/000093634015000014/dteenergy2014123110k.htm", "calculatedOtherExpenses": 1485000000, "calculatedOperatingExpenses": 1485000000, "calculatedNetInterest": -419000000, "calculatedOtherIncome": 104000000, "calculatedIncomeNonControlling": 6000000, "calculatedEbitda": 2735000000}, {"date": "2013-12-31", "symbol": "DTE", "reportedCurrency": "USD", "cik": "0000936340", "fillingDate": "2014-02-14", "acceptedDate": "2014-02-14 15:54:03", "calendarYear": "2013", "period": "FY", "revenue": 9661000000, "costOfRevenue": 7033000000, "grossProfit": 2628000000, "grossProfitRatio": 0.2720215299, "researchAndDevelopmentExpenses": 0, "generalAndAdministrativeExpenses": 0, "sellingAndMarketingExpenses": 0, "sellingGeneralAndAdministrativeExpenses": 0, "otherExpenses": 146000000, "operatingExpenses": 1425000000, "costAndExpenses": 8458000000, "interestIncome": 9000000, "interestExpense": 436000000, "depreciationAndAmortization": 1094000000, "ebitda": 2452000000, "ebitdaratio": 0.253803954, "operatingIncome": 1203000000, "operatingIncomeRatio": 0.1245212711, "totalOtherIncomeExpensesNet": 146000000, "incomeBeforeTax": 922000000, "incomeBeforeTaxRatio": 0.0954352551, "incomeTaxExpense": 254000000, "netIncome": 661000000, "netIncomeRatio": 0.0684194183, "eps": 3.76, "epsdiluted": 3.76, "weightedAverageShsOut": 175000000, "weightedAverageShsOutDil": 175000000, "link": "https://www.sec.gov/Archives/edgar/data/936340/000093634014000014/0000936340-14-000014-index.htm", "finalLink": "https://www.sec.gov/Archives/edgar/data/936340/000093634014000014/dteenergy2013123110k.htm", "calculatedOtherExpenses": 1425000000, "calculatedOperatingExpenses": 1425000000, "calculatedNetInterest": -427000000, "calculatedOtherIncome": 146000000, "calculatedIncomeNonControlling": 7000000, "calculatedEbitda": 2297000000}, {"date": "2012-12-31", "symbol": "DTE", "reportedCurrency": "USD", "cik": "0000936340", "fillingDate": "2013-02-20", "acceptedDate": "2013-02-20 17:30:10", "calendarYear": "2012", "period": "FY", "revenue": 8791000000, "costOfRevenue": 6188000000, "grossProfit": 2603000000, "grossProfitRatio": 0.2960982823, "researchAndDevelopmentExpenses": 0, "generalAndAdministrativeExpenses": 0, "sellingAndMarketingExpenses": 0, "sellingGeneralAndAdministrativeExpenses": 0, "otherExpenses": 111000000, "operatingExpenses": 1324000000, "costAndExpenses": 7512000000, "interestIncome": 10000000, "interestExpense": 440000000, "depreciationAndAmortization": 1018000000, "ebitda": 2418000000, "ebitdaratio": 0.2750540325, "operatingIncome": 1279000000, "operatingIncomeRatio": 0.1454897054, "totalOtherIncomeExpensesNet": 111000000, "incomeBeforeTax": 960000000, "incomeBeforeTaxRatio": 0.1092025936, "incomeTaxExpense": 286000000, "netIncome": 610000000, "netIncomeRatio": 0.069389148, "eps": 3.56, "epsdiluted": 3.55, "weightedAverageShsOut": 171000000, "weightedAverageShsOutDil": 172000000, "link": "https://www.sec.gov/Archives/edgar/data/936340/000093634013000028/0000936340-13-000028-index.htm", "finalLink": "https://www.sec.gov/Archives/edgar/data/936340/000093634013000028/dteenergy2012123110k.htm", "calculatedOtherExpenses": 1324000000, "calculatedOperatingExpenses": 1324000000, "calculatedNetInterest": -430000000, "calculatedOtherIncome": 111000000, "calculatedIncomeNonControlling": 64000000, "calculatedEbitda": 2297000000}, {"date": "2011-12-31", "symbol": "DTE", "reportedCurrency": "USD", "cik": "0000936340", "fillingDate": "2012-02-16", "acceptedDate": "2012-02-16 17:18:05", "calendarYear": "2011", "period": "FY", "revenue": 8897000000, "costOfRevenue": 3537000000, "grossProfit": 5360000000, "grossProfitRatio": 0.6024502641, "researchAndDevelopmentExpenses": 0, "generalAndAdministrativeExpenses": 0, "sellingAndMarketingExpenses": 0, "sellingGeneralAndAdministrativeExpenses": 0, "otherExpenses": 3937000000, "operatingExpenses": 3937000000, "costAndExpenses": 7474000000, "interestIncome": 10000000, "interestExpense": 494000000, "depreciationAndAmortization": 995000000, "ebitda": 2428000000, "ebitdaratio": 0.2729009779, "operatingIncome": 1423000000, "operatingIncomeRatio": 0.1599415533, "totalOtherIncomeExpensesNet": 48000000, "incomeBeforeTax": 987000000, "incomeBeforeTaxRatio": 0.1109362707, "incomeTaxExpense": 267000000, "netIncome": 711000000, "netIncomeRatio": 0.0799145779, "eps": 4.19, "epsdiluted": 4.18, "weightedAverageShsOut": 169000000, "weightedAverageShsOutDil": 170000000, "link": "https://www.sec.gov/Archives/edgar/data/936340/000093634012000004/0000936340-12-000004-index.htm", "finalLink": "https://www.sec.gov/Archives/edgar/data/936340/000093634012000004/dteenergy2011123110k.htm", "calculatedOtherExpenses": 3937000000, "calculatedOperatingExpenses": 3937000000, "calculatedNetInterest": -484000000, "calculatedOtherIncome": 48000000, "calculatedIncomeNonControlling": 9000000, "calculatedEbitda": 2418000000}, {"date": "2010-12-31", "symbol": "DTE", "reportedCurrency": "USD", "cik": "0000936340", "fillingDate": "2011-02-18", "acceptedDate": "2011-02-18 17:12:00", "calendarYear": "2010", "period": "FY", "revenue": 8557000000, "costOfRevenue": 3190000000, "grossProfit": 5367000000, "grossProfitRatio": 0.6272057964, "researchAndDevelopmentExpenses": 0, "generalAndAdministrativeExpenses": 0, "sellingAndMarketingExpenses": 0, "sellingGeneralAndAdministrativeExpenses": 0, "otherExpenses": 3913000000, "operatingExpenses": 3913000000, "costAndExpenses": 7103000000, "interestIncome": 12000000, "interestExpense": 549000000, "depreciationAndAmortization": 1027000000, "ebitda": 2493000000, "ebitdaratio": 0.291340423, "operatingIncome": 1464000000, "operatingIncomeRatio": 0.1710879981, "totalOtherIncomeExpensesNet": 33000000, "incomeBeforeTax": 950000000, "incomeBeforeTaxRatio": 0.1110202174, "incomeTaxExpense": 311000000, "netIncome": 630000000, "netIncomeRatio": 0.0736239336, "eps": 3.75, "epsdiluted": 3.74, "weightedAverageShsOut": 168000000, "weightedAverageShsOutDil": 169000000, "link": "https://www.sec.gov/Archives/edgar/data/936340/000095012311015771/0000950123-11-015771-index.htm", "finalLink": "https://www.sec.gov/Archives/edgar/data/936340/000095012311015771/k49859e10vk.htm", "calculatedOtherExpenses": 3903000000, "calculatedOperatingExpenses": 3903000000, "calculatedNetInterest": -537000000, "calculatedOtherIncome": 23000000, "calculatedIncomeNonControlling": 9000000, "calculatedEbitda": 2491000000}, {"date": "2009-12-31", "symbol": "DTE", "reportedCurrency": "USD", "cik": "0000936340", "fillingDate": "2010-02-23", "acceptedDate": "2010-02-23 17:23:23", "calendarYear": "2009", "period": "FY", "revenue": 8014000000, "costOfRevenue": 3118000000, "grossProfit": 4896000000, "grossProfitRatio": 0.610930871, "researchAndDevelopmentExpenses": 0, "generalAndAdministrativeExpenses": 0, "sellingAndMarketingExpenses": 0, "sellingGeneralAndAdministrativeExpenses": 0, "otherExpenses": 3647000000, "operatingExpenses": 3647000000, "costAndExpenses": 6765000000, "interestIncome": 19000000, "interestExpense": 545000000, "depreciationAndAmortization": 1020000000, "ebitda": 2288000000, "ebitdaratio": 0.2855003743, "operatingIncome": 1249000000, "operatingIncomeRatio": 0.1558522585, "totalOtherIncomeExpensesNet": 59000000, "incomeBeforeTax": 782000000, "incomeBeforeTaxRatio": 0.0975792363, "incomeTaxExpense": 247000000, "netIncome": 532000000, "netIncomeRatio": 0.0663838283, "eps": 3.24, "epsdiluted": 3.24, "weightedAverageShsOut": 164000000, "weightedAverageShsOutDil": 164000000, "link": "https://www.sec.gov/Archives/edgar/data/936340/000095012310015829/0000950123-10-015829-index.htm", "finalLink": "https://www.sec.gov/Archives/edgar/data/936340/000095012310015829/k48696e10vk.htm", "calculatedOtherExpenses": 3647000000, "calculatedOperatingExpenses": 3647000000, "calculatedNetInterest": -526000000, "calculatedOtherIncome": 59000000, "calculatedIncomeNonControlling": 3000000, "calculatedEbitda": 2269000000}, {"date": "2008-12-31", "symbol": "DTE", "reportedCurrency": "USD", "cik": "0000936340", "fillingDate": "2009-02-27", "acceptedDate": "2009-02-27 16:38:46", "calendarYear": "2008", "period": "FY", "revenue": 9329000000, "costOfRevenue": 4306000000, "grossProfit": 5023000000, "grossProfitRatio": 0.5384285561, "researchAndDevelopmentExpenses": 0, "generalAndAdministrativeExpenses": 0, "sellingAndMarketingExpenses": 0, "sellingGeneralAndAdministrativeExpenses": 0, "otherExpenses": 3760000000, "operatingExpenses": 3760000000, "costAndExpenses": 8066000000, "interestIncome": -19000000, "interestExpense": 503000000, "depreciationAndAmortization": 899000000, "ebitda": 2124000000, "ebitdaratio": 0.2276771358, "operatingIncome": 1263000000, "operatingIncomeRatio": 0.1353842856, "totalOtherIncomeExpensesNet": 40000000, "incomeBeforeTax": 814000000, "incomeBeforeTaxRatio": 0.0872547969, "incomeTaxExpense": 288000000, "netIncome": 546000000, "netIncomeRatio": 0.0585271733, "eps": 3.34, "epsdiluted": 3.34, "weightedAverageShsOut": 163000000, "weightedAverageShsOutDil": 163000000, "link": "https://www.sec.gov/Archives/edgar/data/936340/000095015209001957/0000950152-09-001957-index.htm", "finalLink": "https://www.sec.gov/Archives/edgar/data/936340/000095015209001957/k47322e10vk.htm", "calculatedOtherExpenses": 3760000000, "calculatedOperatingExpenses": 3760000000, "calculatedNetInterest": -522000000, "calculatedOtherIncome": 73000000, "calculatedIncomeNonControlling": -20000000, "calculatedEbitda": 2162000000}, {"date": "2007-12-31", "symbol": "DTE", "reportedCurrency": "USD", "cik": "0000936340", "fillingDate": "2008-03-07", "acceptedDate": "2008-03-07 16:47:25", "calendarYear": "2007", "period": "FY", "revenue": 8506000000, "costOfRevenue": 3553000000, "grossProfit": 4953000000, "grossProfitRatio": 0.5822948507, "researchAndDevelopmentExpenses": 0, "generalAndAdministrativeExpenses": 0, "sellingAndMarketingExpenses": 0, "sellingGeneralAndAdministrativeExpenses": 0, "otherExpenses": 3318000000, "operatingExpenses": 3318000000, "costAndExpenses": 6871000000, "interestIncome": -25000000, "interestExpense": 533000000, "depreciationAndAmortization": 926000000, "ebitda": 2539000000, "ebitdaratio": 0.2984951799, "operatingIncome": 1635000000, "operatingIncomeRatio": 0.1922172584, "totalOtherIncomeExpensesNet": 28000000, "incomeBeforeTax": 1151000000, "incomeBeforeTaxRatio": 0.1353162474, "incomeTaxExpense": 364000000, "netIncome": 971000000, "netIncomeRatio": 0.1141547143, "eps": 5.73, "epsdiluted": 5.7, "weightedAverageShsOut": 169000000, "weightedAverageShsOutDil": 170000000, "link": "https://www.sec.gov/Archives/edgar/data/936340/000095012408001093/0000950124-08-001093-index.htm", "finalLink": "https://www.sec.gov/Archives/edgar/data/936340/000095012408001093/k23278e10vk.htm", "calculatedOtherExpenses": 3318000000, "calculatedOperatingExpenses": 3318000000, "calculatedNetInterest": -558000000, "calculatedOtherIncome": 74000000, "calculatedIncomeNonControlling": -184000000, "calculatedEbitda": 2561000000}, {"date": "2006-12-31", "symbol": "DTE", "reportedCurrency": "USD", "cik": "0000936340", "fillingDate": "2007-03-01", "acceptedDate": "2007-03-01 17:20:45", "calendarYear": "2006", "period": "FY", "revenue": 9022000000, "costOfRevenue": 3056000000, "grossProfit": 5966000000, "grossProfitRatio": 0.6612724451, "researchAndDevelopmentExpenses": 0, "generalAndAdministrativeExpenses": 0, "sellingAndMarketingExpenses": 0, "sellingGeneralAndAdministrativeExpenses": 0, "otherExpenses": 5138000000, "operatingExpenses": 5138000000, "costAndExpenses": 8194000000, "interestIncome": -47000000, "interestExpense": 526000000, "depreciationAndAmortization": 1014000000, "ebitda": 1867000000, "ebitdaratio": 0.2069385945, "operatingIncome": 828000000, "operatingIncomeRatio": 0.0917756595, "totalOtherIncomeExpensesNet": -25000000, "incomeBeforeTax": 574000000, "incomeBeforeTaxRatio": 0.0636222567, "incomeTaxExpense": 137000000, "netIncome": 433000000, "netIncomeRatio": 0.047993793, "eps": 2.44, "epsdiluted": 2.43, "weightedAverageShsOut": 177000000, "weightedAverageShsOutDil": 178000000, "link": "https://www.sec.gov/Archives/edgar/data/936340/000095012407001240/0000950124-07-001240-index.htm", "finalLink": "https://www.sec.gov/Archives/edgar/data/936340/000095012407001240/k12582e10vk.htm", "calculatedOtherExpenses": 5138000000, "calculatedOperatingExpenses": 5138000000, "calculatedNetInterest": -573000000, "calculatedOtherIncome": 319000000, "calculatedIncomeNonControlling": 4000000, "calculatedEbitda": 1842000000}, {"date": "2005-12-31", "symbol": "DTE", "reportedCurrency": "USD", "cik": "0000936340", "fillingDate": "2006-03-08", "acceptedDate": "2006-03-08 09:20:35", "calendarYear": "2005", "period": "FY", "revenue": 9022000000, "costOfRevenue": 3530000000, "grossProfit": 5492000000, "grossProfitRatio": 0.6087342053, "researchAndDevelopmentExpenses": 0, "generalAndAdministrativeExpenses": 0, "sellingAndMarketingExpenses": 0, "sellingGeneralAndAdministrativeExpenses": 0, "otherExpenses": 4936000000, "operatingExpenses": 4936000000, "costAndExpenses": 8466000000, "interestIncome": -57000000, "interestExpense": 519000000, "depreciationAndAmortization": 872000000, "ebitda": 1025000000, "ebitdaratio": 0.1136111727, "operatingIncome": 556000000, "operatingIncomeRatio": 0.0616271337, "totalOtherIncomeExpensesNet": 403000000, "incomeBeforeTax": 778000000, "incomeBeforeTaxRatio": 0.0862336511, "incomeTaxExpense": 202000000, "netIncome": 537000000, "netIncomeRatio": 0.0595211705, "eps": 3.07, "epsdiluted": 3.05, "weightedAverageShsOut": 175000000, "weightedAverageShsOutDil": 176000000, "link": "https://www.sec.gov/Archives/edgar/data/936340/000095012406001039/0000950124-06-001039-index.htm", "finalLink": "https://www.sec.gov/Archives/edgar/data/936340/000095012406001039/k01978e10vk.htm", "calculatedOtherExpenses": 4936000000, "calculatedOperatingExpenses": 4936000000, "calculatedNetInterest": -576000000, "calculatedOtherIncome": 798000000, "calculatedIncomeNonControlling": 39000000, "calculatedEbitda": 1428000000}, {"date": "2004-12-31", "symbol": "DTE", "reportedCurrency": "USD", "cik": "0000936340", "fillingDate": "2005-03-15", "acceptedDate": "2005-03-15 17:27:54", "calendarYear": "2004", "period": "FY", "revenue": 7114000000, "costOfRevenue": 2007000000, "grossProfit": 5107000000, "grossProfitRatio": 0.7178802362, "researchAndDevelopmentExpenses": 0, "generalAndAdministrativeExpenses": 0, "sellingAndMarketingExpenses": 0, "sellingGeneralAndAdministrativeExpenses": 0, "otherExpenses": 4261000000, "operatingExpenses": 4261000000, "costAndExpenses": 6268000000, "interestIncome": -55000000, "interestExpense": 518000000, "depreciationAndAmortization": 744000000, "ebitda": 1577000000, "ebitdaratio": 0.2216755693, "operatingIncome": 846000000, "operatingIncomeRatio": 0.1189204386, "totalOtherIncomeExpensesNet": 13000000, "incomeBeforeTax": 608000000, "incomeBeforeTaxRatio": 0.0854652797, "incomeTaxExpense": 165000000, "netIncome": 431000000, "netIncomeRatio": 0.0605847624, "eps": 2.49, "epsdiluted": 2.49, "weightedAverageShsOut": 172000000, "weightedAverageShsOutDil": 174297189, "link": "https://www.sec.gov/Archives/edgar/data/936340/000095012405001542/0000950124-05-001542-index.htm", "finalLink": "https://www.sec.gov/Archives/edgar/data/936340/000095012405001542/k91838e10vk.htm", "calculatedOtherExpenses": 4261000000, "calculatedOperatingExpenses": 4261000000, "calculatedNetInterest": -573000000, "calculatedOtherIncome": 335000000, "calculatedIncomeNonControlling": 12000000, "calculatedEbitda": 1590000000}, {"date": "2003-12-31", "symbol": "DTE", "reportedCurrency": "USD", "cik": "0000936340", "fillingDate": "2004-03-03", "acceptedDate": "2004-03-02 21:46:08", "calendarYear": "2003", "period": "FY", "revenue": 7041000000, "costOfRevenue": 2241000000, "grossProfit": 4800000000, "grossProfitRatio": 0.6817213464, "researchAndDevelopmentExpenses": 0, "generalAndAdministrativeExpenses": 0, "sellingAndMarketingExpenses": 0, "sellingGeneralAndAdministrativeExpenses": 0, "otherExpenses": 4053000000, "operatingExpenses": 4053000000, "costAndExpenses": 6294000000, "interestIncome": -37000000, "interestExpense": 546000000, "depreciationAndAmortization": 691000000, "ebitda": 1410000000, "ebitdaratio": 0.2002556455, "operatingIncome": 747000000, "operatingIncomeRatio": 0.1060928845, "totalOtherIncomeExpensesNet": 28000000, "incomeBeforeTax": 357000000, "incomeBeforeTaxRatio": 0.0507030251, "incomeTaxExpense": -123000000, "netIncome": 521000000, "netIncomeRatio": 0.0739951711, "eps": 2.5, "epsdiluted": 2.5, "weightedAverageShsOut": 168000000, "weightedAverageShsOutDil": 168000000, "link": "https://www.sec.gov/Archives/edgar/data/936340/000095012404000639/0000950124-04-000639-index.htm", "finalLink": "https://www.sec.gov/Archives/edgar/data/936340/000095012404000639/k81862e10vk.htm", "calculatedOtherExpenses": 4053000000, "calculatedOperatingExpenses": 4053000000, "calculatedNetInterest": -583000000, "calculatedOtherIncome": 193000000, "calculatedIncomeNonControlling": -41000000, "calculatedEbitda": 1438000000}, {"date": "2002-12-31", "symbol": "DTE", "reportedCurrency": "USD", "cik": "0000936340", "fillingDate": "2003-03-24", "acceptedDate": "2003-03-24 15:48:08", "calendarYear": "2002", "period": "FY", "revenue": 6749000000, "costOfRevenue": 2099000000, "grossProfit": 4650000000, "grossProfitRatio": 0.6889909616, "researchAndDevelopmentExpenses": 0, "generalAndAdministrativeExpenses": 0, "sellingAndMarketingExpenses": 0, "sellingGeneralAndAdministrativeExpenses": 0, "otherExpenses": 3545000000, "operatingExpenses": 3545000000, "costAndExpenses": 5644000000, "interestIncome": -29000000, "interestExpense": 548000000, "depreciationAndAmortization": 759000000, "ebitda": 1877000000, "ebitdaratio": 0.2781152763, "operatingIncome": 1105000000, "operatingIncomeRatio": 0.1637279597, "totalOtherIncomeExpensesNet": -13000000, "incomeBeforeTax": 573000000, "incomeBeforeTaxRatio": 0.0849014669, "incomeTaxExpense": -59000000, "netIncome": 632000000, "netIncomeRatio": 0.0936435027, "eps": 3.18, "epsdiluted": 3.18, "weightedAverageShsOut": 163000000, "weightedAverageShsOutDil": 163000000, "link": "https://www.sec.gov/Archives/edgar/data/936340/000095012403000824/0000950124-03-000824-index.htm", "finalLink": "https://www.sec.gov/Archives/edgar/data/936340/000095012403000824/k74326e10vk.htm", "calculatedOtherExpenses": 3545000000, "calculatedOperatingExpenses": 3545000000, "calculatedNetInterest": -577000000, "calculatedOtherIncome": 45000000, "calculatedIncomeNonControlling": 0, "calculatedEbitda": 1864000000}, {"date": "2001-12-31", "symbol": "DTE", "reportedCurrency": "USD", "cik": "0000936340", "fillingDate": "2002-03-29", "acceptedDate": "2002-03-29 00:00:00", "calendarYear": "2001", "period": "FY", "revenue": 7849000000, "costOfRevenue": 3950000000, "grossProfit": 3899000000, "grossProfitRatio": 0.4967511785, "researchAndDevelopmentExpenses": 0, "generalAndAdministrativeExpenses": 0, "sellingAndMarketingExpenses": 0, "sellingGeneralAndAdministrativeExpenses": 0, "otherExpenses": 3203000000, "operatingExpenses": 3203000000, "costAndExpenses": 7153000000, "interestIncome": 0, "interestExpense": 335000000, "depreciationAndAmortization": 795000000, "ebitda": 1500000000, "ebitdaratio": 0.1911071474, "operatingIncome": 696000000, "operatingIncomeRatio": 0.0886737164, "totalOtherIncomeExpensesNet": -9000000, "incomeBeforeTax": 219000000, "incomeBeforeTaxRatio": 0.0279016435, "incomeTaxExpense": -110000000, "netIncome": 332000000, "netIncomeRatio": 0.042298382, "eps": 1.44, "epsdiluted": 1.44, "weightedAverageShsOut": 150000000, "weightedAverageShsOutDil": 151000000, "link": "https://www.sec.gov/Archives/edgar/data/936340/000095012402001121/0000950124-02-001121-index.htm", "finalLink": "https://www.sec.gov/Archives/edgar/data/936340/000095012402001121/k68272e10-k405.htm", "calculatedOtherExpenses": 3203000000, "calculatedOperatingExpenses": 3203000000, "calculatedNetInterest": -335000000, "calculatedOtherIncome": -142000000, "calculatedIncomeNonControlling": -3000000, "calculatedEbitda": 1491000000}, {"date": "2000-12-31", "symbol": "DTE", "reportedCurrency": "USD", "cik": "0000936340", "fillingDate": "2001-03-01", "acceptedDate": "2001-03-01 00:00:00", "calendarYear": "2000", "period": "FY", "revenue": 5597000000, "costOfRevenue": 2233000000, "grossProfit": 3364000000, "grossProfitRatio": 0.6010362694, "researchAndDevelopmentExpenses": 0, "generalAndAdministrativeExpenses": 0, "sellingAndMarketingExpenses": 0, "sellingGeneralAndAdministrativeExpenses": 0, "otherExpenses": 2534000000, "operatingExpenses": 2534000000, "costAndExpenses": 4767000000, "interestIncome": 0, "interestExpense": 0, "depreciationAndAmortization": 719000000, "ebitda": 1605000000, "ebitdaratio": 0.2867607647, "operatingIncome": 830000000, "operatingIncomeRatio": 0.1482937288, "totalOtherIncomeExpensesNet": -17000000, "incomeBeforeTax": 477000000, "incomeBeforeTaxRatio": 0.0852242273, "incomeTaxExpense": 9000000, "netIncome": 468000000, "netIncomeRatio": 0.083616223, "eps": 3.28, "epsdiluted": 3.27, "weightedAverageShsOut": 143043478, "weightedAverageShsOutDil": 143119266, "link": "https://www.sec.gov/Archives/edgar/data/936340/000095012401001134/0000950124-01-001134-index.htm", "finalLink": "https://www.sec.gov/Archives/edgar/data/28385/000095012401001134/k60357e10-k405.htm", "calculatedOtherExpenses": 2534000000, "calculatedOperatingExpenses": 2534000000, "calculatedNetInterest": 0, "calculatedOtherIncome": -353000000, "calculatedIncomeNonControlling": 0, "calculatedEbitda": 1549000000}, {"date": "1999-12-31", "symbol": "DTE", "reportedCurrency": "USD", "cik": "0000936340", "fillingDate": "2000-02-23", "acceptedDate": "2000-02-23 00:00:00", "calendarYear": "1999", "period": "FY", "revenue": 4728000000, "costOfRevenue": 1335000000, "grossProfit": 3393000000, "grossProfitRatio": 0.7176395939, "researchAndDevelopmentExpenses": 0, "generalAndAdministrativeExpenses": 0, "sellingAndMarketingExpenses": 0, "sellingGeneralAndAdministrativeExpenses": 0, "otherExpenses": 2492000000, "operatingExpenses": 2492000000, "costAndExpenses": 3827000000, "interestIncome": 0, "interestExpense": 0, "depreciationAndAmortization": 735000000, "ebitda": 1654000000, "ebitdaratio": 0.3498307953, "operatingIncome": 901000000, "operatingIncomeRatio": 0.1905668359, "totalOtherIncomeExpensesNet": -18000000, "incomeBeforeTax": 543000000, "incomeBeforeTaxRatio": 0.1148477157, "incomeTaxExpense": 60000000, "netIncome": 483000000, "netIncomeRatio": 0.1021573604, "eps": 3.33, "epsdiluted": 3.33, "weightedAverageShsOut": 145000000, "weightedAverageShsOutDil": 145045045, "link": "https://www.sec.gov/Archives/edgar/data/936340/000095012400000882/0000950124-00-000882-index.html", "finalLink": "https://www.sec.gov/Archives/edgar/data/28385/000095012400000882/0000950124-00-000882-d1.html", "calculatedOtherExpenses": 2492000000, "calculatedOperatingExpenses": 2492000000, "calculatedNetInterest": 0, "calculatedOtherIncome": -358000000, "calculatedIncomeNonControlling": 0, "calculatedEbitda": 1636000000}, {"date": "1998-12-31", "symbol": "DTE", "reportedCurrency": "USD", "cik": "0000936340", "fillingDate": "1999-02-25", "acceptedDate": "1999-02-25 00:00:00", "calendarYear": "1998", "period": "FY", "revenue": 4221000000, "costOfRevenue": 1063000000, "grossProfit": 3158000000, "grossProfitRatio": 0.7481639422, "researchAndDevelopmentExpenses": 0, "generalAndAdministrativeExpenses": 0, "sellingAndMarketingExpenses": 0, "sellingGeneralAndAdministrativeExpenses": 0, "otherExpenses": 2221000000, "operatingExpenses": 2221000000, "costAndExpenses": 3284000000, "interestIncome": 0, "interestExpense": 0, "depreciationAndAmortization": 676000000, "ebitda": 1613000000, "ebitdaratio": 0.3821369344, "operatingIncome": 937000000, "operatingIncomeRatio": 0.2219853115, "totalOtherIncomeExpensesNet": -15000000, "incomeBeforeTax": 597000000, "incomeBeforeTaxRatio": 0.1414356787, "incomeTaxExpense": 154000000, "netIncome": 443000000, "netIncomeRatio": 0.1049514333, "eps": 3.05, "epsdiluted": 3.05, "weightedAverageShsOut": 145258621, "weightedAverageShsOutDil": 145258621, "link": "https://www.sec.gov/Archives/edgar/data/936340/000095012499001483/0000950124-99-001483-index.html", "finalLink": "https://www.sec.gov/Archives/edgar/data/28385/", "calculatedOtherExpenses": 2221000000, "calculatedOperatingExpenses": 2221000000, "calculatedNetInterest": 0, "calculatedOtherIncome": -340000000, "calculatedIncomeNonControlling": 0, "calculatedEbitda": 1613000000}, {"date": "1997-12-31", "symbol": "DTE", "reportedCurrency": "USD", "cik": "0000936340", "fillingDate": "1998-02-24", "acceptedDate": "1998-02-24 00:00:00", "calendarYear": "1997", "period": "FY", "revenue": 3764000000, "costOfRevenue": 837000000, "grossProfit": 2927000000, "grossProfitRatio": 0.7776301807, "researchAndDevelopmentExpenses": 0, "generalAndAdministrativeExpenses": 0, "sellingAndMarketingExpenses": 0, "sellingGeneralAndAdministrativeExpenses": 0, "otherExpenses": 1926000000, "operatingExpenses": 1926000000, "costAndExpenses": 2763000000, "interestIncome": 0, "interestExpense": 0, "depreciationAndAmortization": 678000000, "ebitda": 1679000000, "ebitdaratio": 0.4460680128, "operatingIncome": 1001000000, "operatingIncomeRatio": 0.2659404888, "totalOtherIncomeExpensesNet": -18000000, "incomeBeforeTax": 674000000, "incomeBeforeTaxRatio": 0.1790648247, "incomeTaxExpense": 257000000, "netIncome": 417000000, "netIncomeRatio": 0.1107863974, "eps": 2.88, "epsdiluted": 2.88, "weightedAverageShsOut": 144791667, "weightedAverageShsOutDil": 144791667, "link": "https://www.sec.gov/Archives/edgar/data/936340/000095012498000894/0000950124-98-000894-index.html", "finalLink": "https://www.sec.gov/Archives/edgar/data/28385/", "calculatedOtherExpenses": 1926000000, "calculatedOperatingExpenses": 1926000000, "calculatedNetInterest": 0, "calculatedOtherIncome": -327000000, "calculatedIncomeNonControlling": 0, "calculatedEbitda": 1679000000}, {"date": "1996-12-31", "symbol": "DTE", "reportedCurrency": "USD", "cik": "0000936340", "fillingDate": "1997-03-25", "acceptedDate": "1997-03-25 00:00:00", "calendarYear": "1996", "period": "FY", "revenue": 3645300000, "costOfRevenue": 845700000, "grossProfit": 2799600000, "grossProfitRatio": 0.7680026335, "researchAndDevelopmentExpenses": 0, "generalAndAdministrativeExpenses": 0, "sellingAndMarketingExpenses": 0, "sellingGeneralAndAdministrativeExpenses": 0, "otherExpenses": 1963100000, "operatingExpenses": 1963100000, "costAndExpenses": 2808800000, "interestIncome": 0, "interestExpense": 0, "depreciationAndAmortization": 624600000, "ebitda": 1461100000, "ebitdaratio": 0.400817491, "operatingIncome": 836500000, "operatingIncomeRatio": 0.2294735687, "totalOtherIncomeExpensesNet": -400000, "incomeBeforeTax": 531900000, "incomeBeforeTaxRatio": 0.1459139166, "incomeTaxExpense": 222600000, "netIncome": 309300000, "netIncomeRatio": 0.0848489836, "eps": 2.13, "epsdiluted": 2.13, "weightedAverageShsOut": 145211268, "weightedAverageShsOutDil": 145211268, "link": "https://www.sec.gov/Archives/edgar/data/936340/000095012497001779/0000950124-97-001779-index.html", "finalLink": "https://www.sec.gov/Archives/edgar/data/28385/", "calculatedOtherExpenses": 1963100000, "calculatedOperatingExpenses": 1963100000, "calculatedNetInterest": 0, "calculatedOtherIncome": -304600000, "calculatedIncomeNonControlling": 0, "calculatedEbitda": 1461100000}, {"date": "1995-12-31", "symbol": "DTE", "reportedCurrency": "USD", "cik": "0000936340", "fillingDate": "1996-03-26", "acceptedDate": "1996-03-26 00:00:00", "calendarYear": "1995", "period": "FY", "revenue": 3635600000, "costOfRevenue": 849600000, "grossProfit": 2786000000, "grossProfitRatio": 0.7663109253, "researchAndDevelopmentExpenses": 0, "generalAndAdministrativeExpenses": 0, "sellingAndMarketingExpenses": 0, "sellingGeneralAndAdministrativeExpenses": 0, "otherExpenses": 1756900000, "operatingExpenses": 1756900000, "costAndExpenses": 2606500000, "interestIncome": 0, "interestExpense": 0, "depreciationAndAmortization": 599000000, "ebitda": 1628100000, "ebitdaratio": 0.4478215425, "operatingIncome": 1029100000, "operatingIncomeRatio": 0.283061943, "totalOtherIncomeExpensesNet": -11400000, "incomeBeforeTax": 695600000, "incomeBeforeTaxRatio": 0.1913301793, "incomeTaxExpense": 289700000, "netIncome": 405900000, "netIncomeRatio": 0.1116459456, "eps": 2.8, "epsdiluted": 2.8, "weightedAverageShsOut": 137321429, "weightedAverageShsOutDil": 137321429, "link": "https://www.sec.gov/Archives/edgar/data/936340/000095012496001320/0000950124-96-001320-index.html", "finalLink": "https://www.sec.gov/Archives/edgar/data/28385/", "calculatedOtherExpenses": 1756900000, "calculatedOperatingExpenses": 1756900000, "calculatedNetInterest": 0, "calculatedOtherIncome": -333500000, "calculatedIncomeNonControlling": 0, "calculatedEbitda": 1628100000}, {"date": "1994-12-31", "symbol": "DTE", "reportedCurrency": "USD", "cik": "0000936340", "fillingDate": "1994-12-31", "acceptedDate": "1994-12-30 19:00:00", "calendarYear": "1994", "period": "FY", "revenue": 3519300000, "costOfRevenue": 0, "grossProfit": 3519300000, "grossProfitRatio": 1, "researchAndDevelopmentExpenses": 0, "generalAndAdministrativeExpenses": 0, "sellingAndMarketingExpenses": 0, "sellingGeneralAndAdministrativeExpenses": 0, "otherExpenses": 0, "operatingExpenses": 0, "costAndExpenses": 0, "interestIncome": 0, "interestExpense": 0, "depreciationAndAmortization": 0, "ebitda": 3519300000, "ebitdaratio": 1, "operatingIncome": 3519300000, "operatingIncomeRatio": 1, "totalOtherIncomeExpensesNet": 0, "incomeBeforeTax": 0, "incomeBeforeTaxRatio": 0, "incomeTaxExpense": -390200000, "netIncome": 390200000, "netIncomeRatio": 0.1108743216, "eps": 2.67, "epsdiluted": 2.67, "weightedAverageShsOut": 146142322, "weightedAverageShsOutDil": 146142322, "link": "", "finalLink": "", "calculatedOtherExpenses": 0, "calculatedOperatingExpenses": 0, "calculatedNetInterest": 0, "calculatedOtherIncome": -3519300000, "calculatedIncomeNonControlling": 0, "calculatedEbitda": 3519300000}, {"date": "1993-12-31", "symbol": "DTE", "reportedCurrency": "USD", "cik": "0000936340", "fillingDate": "1993-12-31", "acceptedDate": "1993-12-30 19:00:00", "calendarYear": "1993", "period": "FY", "revenue": 3555200000, "costOfRevenue": 0, "grossProfit": 3555200000, "grossProfitRatio": 1, "researchAndDevelopmentExpenses": 0, "generalAndAdministrativeExpenses": 0, "sellingAndMarketingExpenses": 0, "sellingGeneralAndAdministrativeExpenses": 0, "otherExpenses": 0, "operatingExpenses": 0, "costAndExpenses": 0, "interestIncome": 0, "interestExpense": 0, "depreciationAndAmortization": 0, "ebitda": 3555200000, "ebitdaratio": 1, "operatingIncome": 3555200000, "operatingIncomeRatio": 1, "totalOtherIncomeExpensesNet": 0, "incomeBeforeTax": 0, "incomeBeforeTaxRatio": 0, "incomeTaxExpense": -491100000, "netIncome": 491100000, "netIncomeRatio": 0.1381356886, "eps": 3.34, "epsdiluted": 3.34, "weightedAverageShsOut": 147035928, "weightedAverageShsOutDil": 147035928, "link": "", "finalLink": "", "calculatedOtherExpenses": 0, "calculatedOperatingExpenses": 0, "calculatedNetInterest": 0, "calculatedOtherIncome": -3555200000, "calculatedIncomeNonControlling": 0, "calculatedEbitda": 3555200000}, {"date": "1992-12-31", "symbol": "DTE", "reportedCurrency": "USD", "cik": "0000936340", "fillingDate": "1992-12-31", "acceptedDate": "1992-12-30 19:00:00", "calendarYear": "1992", "period": "FY", "revenue": 3558100000, "costOfRevenue": 0, "grossProfit": 3558100000, "grossProfitRatio": 1, "researchAndDevelopmentExpenses": 0, "generalAndAdministrativeExpenses": 0, "sellingAndMarketingExpenses": 0, "sellingGeneralAndAdministrativeExpenses": 0, "otherExpenses": 0, "operatingExpenses": 0, "costAndExpenses": 0, "interestIncome": 0, "interestExpense": 0, "depreciationAndAmortization": 0, "ebitda": 3558100000, "ebitdaratio": 1, "operatingIncome": 3558100000, "operatingIncomeRatio": 1, "totalOtherIncomeExpensesNet": 0, "incomeBeforeTax": 0, "incomeBeforeTaxRatio": 0, "incomeTaxExpense": -557500000, "netIncome": 557500000, "netIncomeRatio": 0.1566847475, "eps": 3.79, "epsdiluted": 3.79, "weightedAverageShsOut": 147097625, "weightedAverageShsOutDil": 147097625, "link": "", "finalLink": "", "calculatedOtherExpenses": 0, "calculatedOperatingExpenses": 0, "calculatedNetInterest": 0, "calculatedOtherIncome": -3558100000, "calculatedIncomeNonControlling": 0, "calculatedEbitda": 3558100000}, {"date": "1991-12-31", "symbol": "DTE", "reportedCurrency": "USD", "cik": "0000936340", "fillingDate": "1991-12-31", "acceptedDate": "1991-12-30 19:00:00", "calendarYear": "1991", "period": "FY", "revenue": 3591500000, "costOfRevenue": 0, "grossProfit": 3591500000, "grossProfitRatio": 1, "researchAndDevelopmentExpenses": 0, "generalAndAdministrativeExpenses": 0, "sellingAndMarketingExpenses": 0, "sellingGeneralAndAdministrativeExpenses": 0, "otherExpenses": 0, "operatingExpenses": 0, "costAndExpenses": 0, "interestIncome": 0, "interestExpense": 0, "depreciationAndAmortization": 0, "ebitda": 3591500000, "ebitdaratio": 1, "operatingIncome": 3591500000, "operatingIncomeRatio": 1, "totalOtherIncomeExpensesNet": 0, "incomeBeforeTax": 0, "incomeBeforeTaxRatio": 0, "incomeTaxExpense": -535200000, "netIncome": 535200000, "netIncomeRatio": 0.1490185159, "eps": 3.64, "epsdiluted": 3.64, "weightedAverageShsOut": 147032967, "weightedAverageShsOutDil": 147032967, "link": "", "finalLink": "", "calculatedOtherExpenses": 0, "calculatedOperatingExpenses": 0, "calculatedNetInterest": 0, "calculatedOtherIncome": -3591500000, "calculatedIncomeNonControlling": 0, "calculatedEbitda": 3591500000}, {"date": "1990-12-31", "symbol": "DTE", "reportedCurrency": "USD", "cik": "0000936340", "fillingDate": "1990-12-31", "acceptedDate": "1990-12-30 19:00:00", "calendarYear": "1990", "period": "FY", "revenue": 3306700000, "costOfRevenue": 0, "grossProfit": 3306700000, "grossProfitRatio": 1, "researchAndDevelopmentExpenses": 0, "generalAndAdministrativeExpenses": 0, "sellingAndMarketingExpenses": 0, "sellingGeneralAndAdministrativeExpenses": 0, "otherExpenses": 0, "operatingExpenses": 0, "costAndExpenses": 0, "interestIncome": 0, "interestExpense": 0, "depreciationAndAmortization": 0, "ebitda": 3306700000, "ebitdaratio": 1, "operatingIncome": 3306700000, "operatingIncomeRatio": 1, "totalOtherIncomeExpensesNet": 0, "incomeBeforeTax": 0, "incomeBeforeTaxRatio": 0, "incomeTaxExpense": -514500000, "netIncome": 514500000, "netIncomeRatio": 0.1555931896, "eps": 3.26, "epsdiluted": 3.26, "weightedAverageShsOut": 147024540, "weightedAverageShsOutDil": 147024540, "link": "", "finalLink": "", "calculatedOtherExpenses": 0, "calculatedOperatingExpenses": 0, "calculatedNetInterest": 0, "calculatedOtherIncome": -3306700000, "calculatedIncomeNonControlling": 0, "calculatedEbitda": 3306700000}, {"date": "1989-12-31", "symbol": "DTE", "reportedCurrency": "USD", "cik": "0000936340", "fillingDate": "1989-12-31", "acceptedDate": "1989-12-30 19:00:00", "calendarYear": "1989", "period": "FY", "revenue": 3203000000, "costOfRevenue": 0, "grossProfit": 3203000000, "grossProfitRatio": 1, "researchAndDevelopmentExpenses": 0, "generalAndAdministrativeExpenses": 0, "sellingAndMarketingExpenses": 0, "sellingGeneralAndAdministrativeExpenses": 0, "otherExpenses": 0, "operatingExpenses": 0, "costAndExpenses": 0, "interestIncome": 0, "interestExpense": 0, "depreciationAndAmortization": 0, "ebitda": 3203000000, "ebitdaratio": 1, "operatingIncome": 3203000000, "operatingIncomeRatio": 1, "totalOtherIncomeExpensesNet": 0, "incomeBeforeTax": 0, "incomeBeforeTaxRatio": 0, "incomeTaxExpense": -426000000, "netIncome": 426000000, "netIncomeRatio": 0.1330003122, "eps": 2.65, "epsdiluted": 2.65, "weightedAverageShsOut": 146792453, "weightedAverageShsOutDil": 146792453, "link": "", "finalLink": "", "calculatedOtherExpenses": 0, "calculatedOperatingExpenses": 0, "calculatedNetInterest": 0, "calculatedOtherIncome": -3203000000, "calculatedIncomeNonControlling": 0, "calculatedEbitda": 3203000000}, {"date": "1988-12-31", "symbol": "DTE", "reportedCurrency": "USD", "cik": "0000936340", "fillingDate": "1988-12-31", "acceptedDate": "1988-12-30 19:00:00", "calendarYear": "1988", "period": "FY", "revenue": 3102200000, "costOfRevenue": 0, "grossProfit": 3102200000, "grossProfitRatio": 1, "researchAndDevelopmentExpenses": 0, "generalAndAdministrativeExpenses": 0, "sellingAndMarketingExpenses": 0, "sellingGeneralAndAdministrativeExpenses": 0, "otherExpenses": 0, "operatingExpenses": 0, "costAndExpenses": 0, "interestIncome": 0, "interestExpense": 0, "depreciationAndAmortization": 0, "ebitda": 3102200000, "ebitdaratio": 1, "operatingIncome": 3102200000, "operatingIncomeRatio": 1, "totalOtherIncomeExpensesNet": 0, "incomeBeforeTax": 0, "incomeBeforeTaxRatio": 0, "incomeTaxExpense": 235300000, "netIncome": -235300000, "netIncomeRatio": -0.0758493972, "eps": -1.61, "epsdiluted": -1.61, "weightedAverageShsOut": 146205128, "weightedAverageShsOutDil": 146205128, "link": "", "finalLink": "", "calculatedOtherExpenses": 0, "calculatedOperatingExpenses": 0, "calculatedNetInterest": 0, "calculatedOtherIncome": -3102200000, "calculatedIncomeNonControlling": 0, "calculatedEbitda": 3102200000}, {"date": "1987-12-31", "symbol": "DTE", "reportedCurrency": "USD", "cik": "0000936340", "fillingDate": "1987-12-31", "acceptedDate": "1987-12-30 19:00:00", "calendarYear": "1987", "period": "FY", "revenue": 2856700000, "costOfRevenue": 0, "grossProfit": 2856700000, "grossProfitRatio": 1, "researchAndDevelopmentExpenses": 0, "generalAndAdministrativeExpenses": 0, "sellingAndMarketingExpenses": 0, "sellingGeneralAndAdministrativeExpenses": 0, "otherExpenses": 0, "operatingExpenses": 0, "costAndExpenses": 0, "interestIncome": 0, "interestExpense": 0, "depreciationAndAmortization": 0, "ebitda": 2856700000, "ebitdaratio": 1, "operatingIncome": 2856700000, "operatingIncomeRatio": 1, "totalOtherIncomeExpensesNet": 0, "incomeBeforeTax": 0, "incomeBeforeTaxRatio": 0, "incomeTaxExpense": -555000000, "netIncome": 555000000, "netIncomeRatio": 0.1942801134, "eps": 3.25, "epsdiluted": 3.25, "weightedAverageShsOut": 146707692, "weightedAverageShsOutDil": 146707692, "link": "", "finalLink": "", "calculatedOtherExpenses": 0, "calculatedOperatingExpenses": 0, "calculatedNetInterest": 0, "calculatedOtherIncome": -2856700000, "calculatedIncomeNonControlling": 0, "calculatedEbitda": 2856700000}, {"date": "1986-12-31", "symbol": "DTE", "reportedCurrency": "USD", "cik": "0000936340", "fillingDate": "1986-12-31", "acceptedDate": "1986-12-30 19:00:00", "calendarYear": "1986", "period": "FY", "revenue": 2869300000, "costOfRevenue": 0, "grossProfit": 2869300000, "grossProfitRatio": 1, "researchAndDevelopmentExpenses": 0, "generalAndAdministrativeExpenses": 0, "sellingAndMarketingExpenses": 0, "sellingGeneralAndAdministrativeExpenses": 0, "otherExpenses": 0, "operatingExpenses": 0, "costAndExpenses": 0, "interestIncome": 0, "interestExpense": 0, "depreciationAndAmortization": 0, "ebitda": 2869300000, "ebitdaratio": 1, "operatingIncome": 2869300000, "operatingIncomeRatio": 1, "totalOtherIncomeExpensesNet": 0, "incomeBeforeTax": 0, "incomeBeforeTaxRatio": 0, "incomeTaxExpense": -477100000, "netIncome": 477100000, "netIncomeRatio": 0.1662774893, "eps": 2.58, "epsdiluted": 2.58, "weightedAverageShsOut": 146627907, "weightedAverageShsOutDil": 146627907, "link": "", "finalLink": "", "calculatedOtherExpenses": 0, "calculatedOperatingExpenses": 0, "calculatedNetInterest": 0, "calculatedOtherIncome": -2869300000, "calculatedIncomeNonControlling": 0, "calculatedEbitda": 2869300000}, {"date": "1985-12-31", "symbol": "DTE", "reportedCurrency": "USD", "cik": "0000936340", "fillingDate": "1985-12-31", "acceptedDate": "1985-12-30 19:00:00", "calendarYear": "1985", "period": "FY", "revenue": 2788200000, "costOfRevenue": 0, "grossProfit": 2788200000, "grossProfitRatio": 1, "researchAndDevelopmentExpenses": 0, "generalAndAdministrativeExpenses": 0, "sellingAndMarketingExpenses": 0, "sellingGeneralAndAdministrativeExpenses": 0, "otherExpenses": 0, "operatingExpenses": 0, "costAndExpenses": 0, "interestIncome": 0, "interestExpense": 0, "depreciationAndAmortization": 0, "ebitda": 2788200000, "ebitdaratio": 1, "operatingIncome": 2788200000, "operatingIncomeRatio": 1, "totalOtherIncomeExpensesNet": 0, "incomeBeforeTax": 0, "incomeBeforeTaxRatio": 0, "incomeTaxExpense": -437500000, "netIncome": 437500000, "netIncomeRatio": 0.1569112689, "eps": 2.33, "epsdiluted": 2.33, "weightedAverageShsOut": 143433476, "weightedAverageShsOutDil": 143433476, "link": "", "finalLink": "", "calculatedOtherExpenses": 0, "calculatedOperatingExpenses": 0, "calculatedNetInterest": 0, "calculatedOtherIncome": -2788200000, "calculatedIncomeNonControlling": 0, "calculatedEbitda": 2788200000}]}