{"originalCurrency": "USD", "convertedCurrency": "USD", "report": [{"date": "2023-12-31", "symbol": "DUK", "reportedCurrency": "USD", "cik": "0001326160", "fillingDate": "2024-02-23", "acceptedDate": "2024-02-23 13:27:16", "calendarYear": "2023", "period": "FY", "revenue": 29060000000, "costOfRevenue": 20557000000, "grossProfit": 8503000000, "grossProfitRatio": 0.2926015141, "researchAndDevelopmentExpenses": 0, "generalAndAdministrativeExpenses": 0, "sellingAndMarketingExpenses": 0, "sellingGeneralAndAdministrativeExpenses": 0, "otherExpenses": -1400000000, "operatingExpenses": 1400000000, "costAndExpenses": 21957000000, "interestIncome": 29000000, "interestExpense": 3014000000, "depreciationAndAmortization": 5253000000, "ebitda": 12356000000, "ebitdaratio": 0.4251892636, "operatingIncome": 7103000000, "operatingIncomeRatio": 0.2444253269, "totalOtherIncomeExpensesNet": -2336000000, "incomeBeforeTax": 4767000000, "incomeBeforeTaxRatio": 0.1640399174, "incomeTaxExpense": 438000000, "netIncome": 4296000000, "netIncomeRatio": 0.1478320716, "eps": 5.57, "epsdiluted": 5.57, "weightedAverageShsOut": 771000000, "weightedAverageShsOutDil": 771000000, "link": "https://www.sec.gov/Archives/edgar/data/1326160/000132616024000037/0001326160-24-000037-index.htm", "finalLink": "https://www.sec.gov/Archives/edgar/data/17797/000132616024000037/duk-20231231.htm", "calculatedOtherExpenses": 1400000000, "calculatedOperatingExpenses": 1400000000, "calculatedNetInterest": -2985000000, "calculatedOtherIncome": 649000000, "calculatedIncomeNonControlling": 33000000, "calculatedEbitda": 12356000000}, {"date": "2022-12-31", "symbol": "DUK", "reportedCurrency": "USD", "cik": "0001326160", "fillingDate": "2023-02-27", "acceptedDate": "2023-02-27 06:12:41", "calendarYear": "2022", "period": "FY", "revenue": 28768000000, "costOfRevenue": 15792000000, "grossProfit": 12976000000, "grossProfitRatio": 0.4510567297, "researchAndDevelopmentExpenses": 0, "generalAndAdministrativeExpenses": 0, "sellingAndMarketingExpenses": 0, "sellingGeneralAndAdministrativeExpenses": 0, "otherExpenses": 6552000000, "operatingExpenses": 6552000000, "costAndExpenses": 22344000000, "interestIncome": 27000000, "interestExpense": 2439000000, "depreciationAndAmortization": 5828000000, "ebitda": 12015000000, "ebitdaratio": 0.4176515573, "operatingIncome": 6187000000, "operatingIncomeRatio": 0.2150653504, "totalOtherIncomeExpensesNet": -1934000000, "incomeBeforeTax": 4253000000, "incomeBeforeTaxRatio": 0.1478378754, "incomeTaxExpense": 342000000, "netIncome": 3911000000, "netIncomeRatio": 0.1359496663, "eps": 5.08, "epsdiluted": 5.08, "weightedAverageShsOut": 770000000, "weightedAverageShsOutDil": 770000000, "link": "https://www.sec.gov/Archives/edgar/data/1326160/000132616023000073/0001326160-23-000073-index.htm", "finalLink": "https://www.sec.gov/Archives/edgar/data/17797/000132616023000073/duk-20221231.htm", "calculatedOtherExpenses": 6789000000, "calculatedOperatingExpenses": 6789000000, "calculatedNetInterest": -2412000000, "calculatedOtherIncome": 478000000, "calculatedIncomeNonControlling": 0, "calculatedEbitda": 12015000000}, {"date": "2021-12-31", "symbol": "DUK", "reportedCurrency": "USD", "cik": "0001326160", "fillingDate": "2022-02-24", "acceptedDate": "2022-02-24 13:35:41", "calendarYear": "2021", "period": "FY", "revenue": 25097000000, "costOfRevenue": 13002000000, "grossProfit": 12095000000, "grossProfitRatio": 0.4819301112, "researchAndDevelopmentExpenses": 0, "generalAndAdministrativeExpenses": 0, "sellingAndMarketingExpenses": 0, "sellingGeneralAndAdministrativeExpenses": 0, "otherExpenses": 6379000000, "operatingExpenses": 6379000000, "costAndExpenses": 19381000000, "interestIncome": 16000000, "interestExpense": 2280000000, "depreciationAndAmortization": 6004000000, "ebitda": 11377000000, "ebitdaratio": 0.4533211141, "operatingIncome": 5373000000, "operatingIncomeRatio": 0.2140893334, "totalOtherIncomeExpensesNet": -1609000000, "incomeBeforeTax": 3764000000, "incomeBeforeTaxRatio": 0.149978085, "incomeTaxExpense": 192000000, "netIncome": 3908000000, "netIncomeRatio": 0.1557158226, "eps": 4.94, "epsdiluted": 4.94, "weightedAverageShsOut": 769000000, "weightedAverageShsOutDil": 769000000, "link": "https://www.sec.gov/Archives/edgar/data/1326160/000132616022000072/0001326160-22-000072-index.htm", "finalLink": "https://www.sec.gov/Archives/edgar/data/17797/000132616022000072/duk-20211231.htm", "calculatedOtherExpenses": 6722000000, "calculatedOperatingExpenses": 6722000000, "calculatedNetInterest": -2264000000, "calculatedOtherIncome": 655000000, "calculatedIncomeNonControlling": -336000000, "calculatedEbitda": 11377000000}, {"date": "2020-12-31", "symbol": "DUK", "reportedCurrency": "USD", "cik": "0001326160", "fillingDate": "2021-02-25", "acceptedDate": "2021-02-25 14:46:09", "calendarYear": "2020", "period": "FY", "revenue": 23868000000, "costOfRevenue": 12299000000, "grossProfit": 11569000000, "grossProfitRatio": 0.4847075582, "researchAndDevelopmentExpenses": 0, "generalAndAdministrativeExpenses": 0, "sellingAndMarketingExpenses": 0, "sellingGeneralAndAdministrativeExpenses": 0, "otherExpenses": 6042000000, "operatingExpenses": 6042000000, "costAndExpenses": 18341000000, "interestIncome": 32000000, "interestExpense": 2162000000, "depreciationAndAmortization": 4127000000, "ebitda": 8680000000, "ebitdaratio": 0.3636668343, "operatingIncome": 4553000000, "operatingIncomeRatio": 0.1907574996, "totalOtherIncomeExpensesNet": -3714000000, "incomeBeforeTax": 839000000, "incomeBeforeTaxRatio": 0.0351516675, "incomeTaxExpense": -236000000, "netIncome": 1377000000, "netIncomeRatio": 0.0576923077, "eps": 1.72, "epsdiluted": 1.72, "weightedAverageShsOut": 737000000, "weightedAverageShsOutDil": 738000000, "link": "https://www.sec.gov/Archives/edgar/data/1326160/000132616021000063/0001326160-21-000063-index.htm", "finalLink": "https://www.sec.gov/Archives/edgar/data/17797/000132616021000063/duk-20201231.htm", "calculatedOtherExpenses": 7016000000, "calculatedOperatingExpenses": 7016000000, "calculatedNetInterest": -2130000000, "calculatedOtherIncome": -1584000000, "calculatedIncomeNonControlling": -302000000, "calculatedEbitda": 8680000000}, {"date": "2019-12-31", "symbol": "DUK", "reportedCurrency": "USD", "cik": "0001326160", "fillingDate": "2020-02-20", "acceptedDate": "2020-02-20 14:37:25", "calendarYear": "2019", "period": "FY", "revenue": 25079000000, "costOfRevenue": 13519000000, "grossProfit": 11560000000, "grossProfitRatio": 0.4609434188, "researchAndDevelopmentExpenses": 0, "generalAndAdministrativeExpenses": 0, "sellingAndMarketingExpenses": 0, "sellingGeneralAndAdministrativeExpenses": 0, "otherExpenses": 5855000000, "operatingExpenses": 5855000000, "costAndExpenses": 19374000000, "interestIncome": 31000000, "interestExpense": 2204000000, "depreciationAndAmortization": 5136000000, "ebitda": 10845000000, "ebitdaratio": 0.4324335101, "operatingIncome": 5709000000, "operatingIncomeRatio": 0.2276406555, "totalOtherIncomeExpensesNet": -1612000000, "incomeBeforeTax": 4097000000, "incomeBeforeTaxRatio": 0.1633637705, "incomeTaxExpense": 519000000, "netIncome": 3748000000, "netIncomeRatio": 0.1494477451, "eps": 5.09, "epsdiluted": 5.09, "weightedAverageShsOut": 729000000, "weightedAverageShsOutDil": 729000000, "link": "https://www.sec.gov/Archives/edgar/data/1326160/000132616020000034/0001326160-20-000034-index.htm", "finalLink": "https://www.sec.gov/Archives/edgar/data/17797/000132616020000034/duk-20191231x10k.htm", "calculatedOtherExpenses": 5851000000, "calculatedOperatingExpenses": 5851000000, "calculatedNetInterest": -2173000000, "calculatedOtherIncome": 561000000, "calculatedIncomeNonControlling": -170000000, "calculatedEbitda": 10845000000}, {"date": "2018-12-31", "symbol": "DUK", "reportedCurrency": "USD", "cik": "0001326160", "fillingDate": "2019-02-28", "acceptedDate": "2019-02-28 15:36:52", "calendarYear": "2018", "period": "FY", "revenue": 24521000000, "costOfRevenue": 13991000000, "grossProfit": 10530000000, "grossProfitRatio": 0.4294278374, "researchAndDevelopmentExpenses": 0, "generalAndAdministrativeExpenses": 0, "sellingAndMarketingExpenses": 0, "sellingGeneralAndAdministrativeExpenses": 0, "otherExpenses": 399000000, "operatingExpenses": 5354000000, "costAndExpenses": 19345000000, "interestIncome": 20000000, "interestExpense": 2094000000, "depreciationAndAmortization": 4074000000, "ebitda": 9732000000, "ebitdaratio": 0.3968843033, "operatingIncome": 4685000000, "operatingIncomeRatio": 0.1910607235, "totalOtherIncomeExpensesNet": -9000000, "incomeBeforeTax": 3073000000, "incomeBeforeTaxRatio": 0.1253211533, "incomeTaxExpense": 448000000, "netIncome": 2666000000, "netIncomeRatio": 0.1087231353, "eps": 3.77, "epsdiluted": 3.77, "weightedAverageShsOut": 708000000, "weightedAverageShsOutDil": 708000000, "link": "https://www.sec.gov/Archives/edgar/data/1326160/000132616019000057/0001326160-19-000057-index.htm", "finalLink": "https://www.sec.gov/Archives/edgar/data/17797/000132616019000057/duk-20181231x10k.htm", "calculatedOtherExpenses": 5845000000, "calculatedOperatingExpenses": 5845000000, "calculatedNetInterest": -2074000000, "calculatedOtherIncome": 462000000, "calculatedIncomeNonControlling": -41000000, "calculatedEbitda": 8759000000}, {"date": "2017-12-31", "symbol": "DUK", "reportedCurrency": "USD", "cik": "0001326160", "fillingDate": "2018-02-21", "acceptedDate": "2018-02-21 16:28:38", "calendarYear": "2017", "period": "FY", "revenue": 23565000000, "costOfRevenue": 12770000000, "grossProfit": 10795000000, "grossProfitRatio": 0.4580946319, "researchAndDevelopmentExpenses": 0, "generalAndAdministrativeExpenses": 0, "sellingAndMarketingExpenses": 0, "sellingGeneralAndAdministrativeExpenses": 0, "otherExpenses": 352000000, "operatingExpenses": 4760000000, "costAndExpenses": 17530000000, "interestIncome": 13000000, "interestExpense": 1986000000, "depreciationAndAmortization": 3527000000, "ebitda": 10033000000, "ebitdaratio": 0.4257585402, "operatingIncome": 5781000000, "operatingIncomeRatio": 0.2453214513, "totalOtherIncomeExpensesNet": 217000000, "incomeBeforeTax": 4266000000, "incomeBeforeTaxRatio": 0.1810311903, "incomeTaxExpense": 1196000000, "netIncome": 3059000000, "netIncomeRatio": 0.1298111606, "eps": 4.37, "epsdiluted": 4.37, "weightedAverageShsOut": 700000000, "weightedAverageShsOutDil": 700000000, "link": "https://www.sec.gov/Archives/edgar/data/1326160/000132616018000034/0001326160-18-000034-index.htm", "finalLink": "https://www.sec.gov/Archives/edgar/data/17797/000132616018000034/duk-20171231x10k.htm", "calculatedOtherExpenses": 5014000000, "calculatedOperatingExpenses": 5014000000, "calculatedNetInterest": -1973000000, "calculatedOtherIncome": 458000000, "calculatedIncomeNonControlling": 11000000, "calculatedEbitda": 9308000000}, {"date": "2016-12-31", "symbol": "DUK", "reportedCurrency": "USD", "cik": "0001326160", "fillingDate": "2017-02-24", "acceptedDate": "2017-02-24 16:22:25", "calendarYear": "2016", "period": "FY", "revenue": 22743000000, "costOfRevenue": 12975000000, "grossProfit": 9768000000, "grossProfitRatio": 0.4294947896, "researchAndDevelopmentExpenses": 0, "generalAndAdministrativeExpenses": 0, "sellingAndMarketingExpenses": 0, "sellingGeneralAndAdministrativeExpenses": 0, "otherExpenses": 324000000, "operatingExpenses": 4436000000, "costAndExpenses": 17411000000, "interestIncome": 21000000, "interestExpense": 1916000000, "depreciationAndAmortization": 3294000000, "ebitda": 8935000000, "ebitdaratio": 0.3928681353, "operatingIncome": 5341000000, "operatingIncomeRatio": 0.2348414897, "totalOtherIncomeExpensesNet": 318000000, "incomeBeforeTax": 3734000000, "incomeBeforeTaxRatio": 0.1641823858, "incomeTaxExpense": 1156000000, "netIncome": 2152000000, "netIncomeRatio": 0.0946225212, "eps": 3.11, "epsdiluted": 3.11, "weightedAverageShsOut": 691000000, "weightedAverageShsOutDil": 691000000, "link": "https://www.sec.gov/Archives/edgar/data/1326160/000132616017000016/0001326160-17-000016-index.htm", "finalLink": "https://www.sec.gov/Archives/edgar/data/17797/000132616017000016/duk-20161231x10k.htm", "calculatedOtherExpenses": 4427000000, "calculatedOperatingExpenses": 4427000000, "calculatedNetInterest": -1895000000, "calculatedOtherIncome": 288000000, "calculatedIncomeNonControlling": 426000000, "calculatedEbitda": 8635000000}, {"date": "2015-12-31", "symbol": "DUK", "reportedCurrency": "USD", "cik": "0001326160", "fillingDate": "2016-02-25", "acceptedDate": "2016-02-25 17:07:24", "calendarYear": "2015", "period": "FY", "revenue": 23459000000, "costOfRevenue": 13728000000, "grossProfit": 9731000000, "grossProfitRatio": 0.4148088154, "researchAndDevelopmentExpenses": 0, "generalAndAdministrativeExpenses": 0, "sellingAndMarketingExpenses": 0, "sellingGeneralAndAdministrativeExpenses": 313000000, "otherExpenses": 307000000, "operatingExpenses": 4279000000, "costAndExpenses": 18007000000, "interestIncome": 38000000, "interestExpense": 1613000000, "depreciationAndAmortization": 3144000000, "ebitda": 8972000000, "ebitdaratio": 0.3824544951, "operatingIncome": 5367000000, "operatingIncomeRatio": 0.2287821305, "totalOtherIncomeExpensesNet": 298000000, "incomeBeforeTax": 4137000000, "incomeBeforeTaxRatio": 0.1763502281, "incomeTaxExpense": 1326000000, "netIncome": 2816000000, "netIncomeRatio": 0.1200392174, "eps": 4.06, "epsdiluted": 4.06, "weightedAverageShsOut": 694000000, "weightedAverageShsOutDil": 694000000, "link": "https://www.sec.gov/Archives/edgar/data/1326160/000132616016000221/0001326160-16-000221-index.htm", "finalLink": "https://www.sec.gov/Archives/edgar/data/17797/000132616016000221/duk-20151231x10k.htm", "calculatedOtherExpenses": 4051000000, "calculatedOperatingExpenses": 4364000000, "calculatedNetInterest": -1575000000, "calculatedOtherIncome": 345000000, "calculatedIncomeNonControlling": -5000000, "calculatedEbitda": 8511000000}, {"date": "2014-12-31", "symbol": "DUK", "reportedCurrency": "USD", "cik": "0001326160", "fillingDate": "2015-03-02", "acceptedDate": "2015-02-27 19:04:35", "calendarYear": "2014", "period": "FY", "revenue": 23925000000, "costOfRevenue": 14323000000, "grossProfit": 9602000000, "grossProfitRatio": 0.4013375131, "researchAndDevelopmentExpenses": 0, "generalAndAdministrativeExpenses": 0, "sellingAndMarketingExpenses": 0, "sellingGeneralAndAdministrativeExpenses": 350000000, "otherExpenses": 351000000, "operatingExpenses": 4279000000, "costAndExpenses": 18602000000, "interestIncome": 57000000, "interestExpense": 1622000000, "depreciationAndAmortization": 3066000000, "ebitda": 8870000000, "ebitdaratio": 0.3707419018, "operatingIncome": 5258000000, "operatingIncomeRatio": 0.2197701149, "totalOtherIncomeExpensesNet": 433000000, "incomeBeforeTax": 4134000000, "incomeBeforeTaxRatio": 0.1727899687, "incomeTaxExpense": 1669000000, "netIncome": 1883000000, "netIncomeRatio": 0.0787042842, "eps": 2.66, "epsdiluted": 2.66, "weightedAverageShsOut": 707000000, "weightedAverageShsOutDil": 707000000, "link": "https://www.sec.gov/Archives/edgar/data/1326160/000132616015000008/0001326160-15-000008-index.htm", "finalLink": "https://www.sec.gov/Archives/edgar/data/17797/000132616015000008/duk-20141231x10k.htm", "calculatedOtherExpenses": 3994000000, "calculatedOperatingExpenses": 4344000000, "calculatedNetInterest": -1565000000, "calculatedOtherIncome": 441000000, "calculatedIncomeNonControlling": 582000000, "calculatedEbitda": 8324000000}, {"date": "2013-12-31", "symbol": "DUK", "reportedCurrency": "USD", "cik": "0001326160", "fillingDate": "2014-02-28", "acceptedDate": "2014-02-28 15:50:25", "calendarYear": "2013", "period": "FY", "revenue": 24598000000, "costOfRevenue": 15094000000, "grossProfit": 9504000000, "grossProfitRatio": 0.3863728758, "researchAndDevelopmentExpenses": 0, "generalAndAdministrativeExpenses": 0, "sellingAndMarketingExpenses": 0, "sellingGeneralAndAdministrativeExpenses": 321000000, "otherExpenses": 262000000, "operatingExpenses": 4107000000, "costAndExpenses": 19201000000, "interestIncome": 26000000, "interestExpense": 1546000000, "depreciationAndAmortization": 2808000000, "ebitda": 8589000000, "ebitdaratio": 0.3491747297, "operatingIncome": 4982000000, "operatingIncomeRatio": 0.2025367916, "totalOtherIncomeExpensesNet": 69000000, "incomeBeforeTax": 3920000000, "incomeBeforeTaxRatio": 0.1593625498, "incomeTaxExpense": 1261000000, "netIncome": 2665000000, "netIncomeRatio": 0.1083421416, "eps": 3.77, "epsdiluted": 3.77, "weightedAverageShsOut": 706000000, "weightedAverageShsOutDil": 706000000, "link": "https://www.sec.gov/Archives/edgar/data/1326160/000132616014000003/0001326160-14-000003-index.htm", "finalLink": "https://www.sec.gov/Archives/edgar/data/17797/000132616014000003/form10k.htm", "calculatedOtherExpenses": 4201000000, "calculatedOperatingExpenses": 4522000000, "calculatedNetInterest": -1520000000, "calculatedOtherIncome": 458000000, "calculatedIncomeNonControlling": -6000000, "calculatedEbitda": 7790000000}, {"date": "2012-12-31", "symbol": "DUK", "reportedCurrency": "USD", "cik": "0001326160", "fillingDate": "2013-03-01", "acceptedDate": "2013-03-01 09:24:17", "calendarYear": "2012", "period": "FY", "revenue": 19624000000, "costOfRevenue": 12574000000, "grossProfit": 7050000000, "grossProfitRatio": 0.3592539747, "researchAndDevelopmentExpenses": 0, "generalAndAdministrativeExpenses": 0, "sellingAndMarketingExpenses": 0, "sellingGeneralAndAdministrativeExpenses": 232000000, "otherExpenses": 397000000, "operatingExpenses": 3274000000, "costAndExpenses": 15848000000, "interestIncome": 50000000, "interestExpense": 1242000000, "depreciationAndAmortization": 2289000000, "ebitda": 6610000000, "ebitdaratio": 0.3368324501, "operatingIncome": 3126000000, "operatingIncomeRatio": 0.1592947411, "totalOtherIncomeExpensesNet": -83000000, "incomeBeforeTax": 2451000000, "incomeBeforeTaxRatio": 0.124898084, "incomeTaxExpense": 705000000, "netIncome": 1768000000, "netIncomeRatio": 0.0900937627, "eps": 3.08, "epsdiluted": 3.07, "weightedAverageShsOut": 574000000, "weightedAverageShsOutDil": 575000000, "link": "https://www.sec.gov/Archives/edgar/data/1326160/000132616013000009/0001326160-13-000009-index.htm", "finalLink": "https://www.sec.gov/Archives/edgar/data/17797/000132616013000009/form10k.htm", "calculatedOtherExpenses": 3692000000, "calculatedOperatingExpenses": 3924000000, "calculatedNetInterest": -1192000000, "calculatedOtherIncome": 517000000, "calculatedIncomeNonControlling": -22000000, "calculatedEbitda": 5415000000}, {"date": "2011-12-31", "symbol": "DUK", "reportedCurrency": "USD", "cik": "0001326160", "fillingDate": "2012-02-28", "acceptedDate": "2012-02-28 16:47:30", "calendarYear": "2011", "period": "FY", "revenue": 14529000000, "costOfRevenue": 5145000000, "grossProfit": 9384000000, "grossProfitRatio": 0.6458806525, "researchAndDevelopmentExpenses": 0, "generalAndAdministrativeExpenses": 0, "sellingAndMarketingExpenses": 0, "sellingGeneralAndAdministrativeExpenses": 0, "otherExpenses": 6280000000, "operatingExpenses": 6280000000, "costAndExpenses": 11425000000, "interestIncome": 0, "interestExpense": 859000000, "depreciationAndAmortization": 1806000000, "ebitda": 5078000000, "ebitdaratio": 0.3495078808, "operatingIncome": 2777000000, "operatingIncomeRatio": 0.1911349714, "totalOtherIncomeExpensesNet": 212000000, "incomeBeforeTax": 2465000000, "incomeBeforeTaxRatio": 0.1696606786, "incomeTaxExpense": 752000000, "netIncome": 1706000000, "netIncomeRatio": 0.1174203318, "eps": 3.84, "epsdiluted": 3.84, "weightedAverageShsOut": 444000000, "weightedAverageShsOutDil": 444000000, "link": "https://www.sec.gov/Archives/edgar/data/1326160/000119312512085533/0001193125-12-085533-index.htm", "finalLink": "https://www.sec.gov/Archives/edgar/data/20290/000119312512085533/d265218d10k.htm", "calculatedOtherExpenses": 6607000000, "calculatedOperatingExpenses": 6607000000, "calculatedNetInterest": -859000000, "calculatedOtherIncome": 547000000, "calculatedIncomeNonControlling": 7000000, "calculatedEbitda": 4583000000}, {"date": "2010-12-31", "symbol": "DUK", "reportedCurrency": "USD", "cik": "0001326160", "fillingDate": "2011-02-25", "acceptedDate": "2011-02-25 14:57:55", "calendarYear": "2010", "period": "FY", "revenue": 14272000000, "costOfRevenue": 4925000000, "grossProfit": 9347000000, "grossProfitRatio": 0.654918722, "researchAndDevelopmentExpenses": 0, "generalAndAdministrativeExpenses": 0, "sellingAndMarketingExpenses": 0, "sellingGeneralAndAdministrativeExpenses": 0, "otherExpenses": 6160000000, "operatingExpenses": 11811000000, "costAndExpenses": 11811000000, "interestIncome": 0, "interestExpense": 840000000, "depreciationAndAmortization": 1994000000, "ebitda": 2461000000, "ebitdaratio": 0.1724355381, "operatingIncome": 2461000000, "operatingIncomeRatio": 0.1724355381, "totalOtherIncomeExpensesNet": 589000000, "incomeBeforeTax": 2210000000, "incomeBeforeTaxRatio": 0.1548486547, "incomeTaxExpense": 890000000, "netIncome": 1320000000, "netIncomeRatio": 0.0924887892, "eps": 3.01, "epsdiluted": 3, "weightedAverageShsOut": 439000000, "weightedAverageShsOutDil": 440000000, "link": "https://www.sec.gov/Archives/edgar/data/1326160/000119312511047229/0001193125-11-047229-index.htm", "finalLink": "https://www.sec.gov/Archives/edgar/data/20290/000119312511047229/d10k.htm", "calculatedOtherExpenses": 6886000000, "calculatedOperatingExpenses": 6886000000, "calculatedNetInterest": -840000000, "calculatedOtherIncome": 589000000, "calculatedIncomeNonControlling": 0, "calculatedEbitda": 4455000000}, {"date": "2009-12-31", "symbol": "DUK", "reportedCurrency": "USD", "cik": "0001326160", "fillingDate": "2010-02-26", "acceptedDate": "2010-02-26 16:59:55", "calendarYear": "2009", "period": "FY", "revenue": 12731000000, "costOfRevenue": 4444000000, "grossProfit": 8287000000, "grossProfitRatio": 0.6509307988, "researchAndDevelopmentExpenses": 0, "generalAndAdministrativeExpenses": 0, "sellingAndMarketingExpenses": 0, "sellingGeneralAndAdministrativeExpenses": 0, "otherExpenses": 5654000000, "operatingExpenses": 10518000000, "costAndExpenses": 10518000000, "interestIncome": 77000000, "interestExpense": 751000000, "depreciationAndAmortization": 1846000000, "ebitda": 2249000000, "ebitdaratio": 0.1766554081, "operatingIncome": 2249000000, "operatingIncomeRatio": 0.1766554081, "totalOtherIncomeExpensesNet": 333000000, "incomeBeforeTax": 1831000000, "incomeBeforeTaxRatio": 0.1438221664, "incomeTaxExpense": 758000000, "netIncome": 1075000000, "netIncomeRatio": 0.084439557, "eps": 2.49, "epsdiluted": 2.49, "weightedAverageShsOut": 430999569, "weightedAverageShsOutDil": 431332902, "link": "https://www.sec.gov/Archives/edgar/data/1326160/000119312510043083/0001193125-10-043083-index.htm", "finalLink": "https://www.sec.gov/Archives/edgar/data/1326160/000119312510043083/d10k.htm", "calculatedOtherExpenses": 6038000000, "calculatedOperatingExpenses": 6038000000, "calculatedNetInterest": -674000000, "calculatedOtherIncome": 256000000, "calculatedIncomeNonControlling": -2000000, "calculatedEbitda": 4095000000}, {"date": "2008-12-31", "symbol": "DUK", "reportedCurrency": "USD", "cik": "0001326160", "fillingDate": "2009-02-27", "acceptedDate": "2009-02-27 16:48:05", "calendarYear": "2008", "period": "FY", "revenue": 13207000000, "costOfRevenue": 5020000000, "grossProfit": 8187000000, "grossProfitRatio": 0.6198985387, "researchAndDevelopmentExpenses": 0, "generalAndAdministrativeExpenses": 0, "sellingAndMarketingExpenses": 0, "sellingGeneralAndAdministrativeExpenses": 0, "otherExpenses": 5754000000, "operatingExpenses": 5754000000, "costAndExpenses": 10774000000, "interestIncome": 0, "interestExpense": 741000000, "depreciationAndAmortization": 1834000000, "ebitda": 4068000000, "ebitdaratio": 0.3080184751, "operatingIncome": 2433000000, "operatingIncomeRatio": 0.1842204891, "totalOtherIncomeExpensesNet": 199000000, "incomeBeforeTax": 1895000000, "incomeBeforeTaxRatio": 0.1434845158, "incomeTaxExpense": 616000000, "netIncome": 1362000000, "netIncomeRatio": 0.1031271296, "eps": 3.23, "epsdiluted": 3.22, "weightedAverageShsOut": 421666245, "weightedAverageShsOutDil": 422332911, "link": "https://www.sec.gov/Archives/edgar/data/1326160/000119312509041096/0001193125-09-041096-index.htm", "finalLink": "https://www.sec.gov/Archives/edgar/data/1326160/000119312509041096/d10k.htm", "calculatedOtherExpenses": 5754000000, "calculatedOperatingExpenses": 5754000000, "calculatedNetInterest": -741000000, "calculatedOtherIncome": 203000000, "calculatedIncomeNonControlling": -83000000, "calculatedEbitda": 4267000000}, {"date": "2007-12-31", "symbol": "DUK", "reportedCurrency": "USD", "cik": "0001326160", "fillingDate": "2008-02-29", "acceptedDate": "2008-02-29 17:09:31", "calendarYear": "2007", "period": "FY", "revenue": 12720000000, "costOfRevenue": 4503000000, "grossProfit": 8217000000, "grossProfitRatio": 0.645990566, "researchAndDevelopmentExpenses": 0, "generalAndAdministrativeExpenses": 218920000000, "sellingAndMarketingExpenses": 0, "sellingGeneralAndAdministrativeExpenses": 218920000000, "otherExpenses": 5719000000, "operatingExpenses": 5719000000, "costAndExpenses": 10222000000, "interestIncome": 0, "interestExpense": -81861000000, "depreciationAndAmortization": 1888000000, "ebitda": 3963000000, "ebitdaratio": 0.3115566038, "operatingIncome": 2498000000, "operatingIncomeRatio": 0.1963836478, "totalOtherIncomeExpensesNet": 423000000, "incomeBeforeTax": 2234000000, "incomeBeforeTaxRatio": 0.1756289308, "incomeTaxExpense": 712000000, "netIncome": 1500000000, "netIncomeRatio": 0.1179245283, "eps": 3.57, "epsdiluted": 3.55, "weightedAverageShsOut": 419999580, "weightedAverageShsOutDil": 421999578, "link": "https://www.sec.gov/Archives/edgar/data/1326160/000119312508043884/0001193125-08-043884-index.htm", "finalLink": "https://www.sec.gov/Archives/edgar/data/1326160/000119312508043884/d10k.htm", "calculatedOtherExpenses": -213201000000, "calculatedOperatingExpenses": 5719000000, "calculatedNetInterest": 81861000000, "calculatedOtherIncome": -82125000000, "calculatedIncomeNonControlling": 22000000, "calculatedEbitda": 4386000000}, {"date": "2006-12-31", "symbol": "DUK", "reportedCurrency": "USD", "cik": "0001326160", "fillingDate": "2007-03-01", "acceptedDate": "2007-03-01 17:26:53", "calendarYear": "2006", "period": "FY", "revenue": 15184000000, "costOfRevenue": 5232000000, "grossProfit": 9952000000, "grossProfitRatio": 0.655426765, "researchAndDevelopmentExpenses": 0, "generalAndAdministrativeExpenses": 0, "sellingAndMarketingExpenses": 0, "sellingGeneralAndAdministrativeExpenses": 0, "otherExpenses": 7261000000, "operatingExpenses": 7261000000, "costAndExpenses": 12493000000, "interestIncome": 0, "interestExpense": 1253000000, "depreciationAndAmortization": 2215000000, "ebitda": 3421000000, "ebitdaratio": 0.2253029505, "operatingIncome": 2691000000, "operatingIncomeRatio": 0.1772260274, "totalOtherIncomeExpensesNet": 1485000000, "incomeBeforeTax": 2862000000, "incomeBeforeTaxRatio": 0.188487882, "incomeTaxExpense": 843000000, "netIncome": 1863000000, "netIncomeRatio": 0.122694942, "eps": 4.78, "epsdiluted": 4.7, "weightedAverageShsOut": 389999610, "weightedAverageShsOutDil": 395999604, "link": "https://www.sec.gov/Archives/edgar/data/1326160/000119312507044568/0001193125-07-044568-index.htm", "finalLink": "https://www.sec.gov/Archives/edgar/data/1326160/000119312507044568/d10k.htm", "calculatedOtherExpenses": 7261000000, "calculatedOperatingExpenses": 7261000000, "calculatedNetInterest": -1253000000, "calculatedOtherIncome": 1424000000, "calculatedIncomeNonControlling": 156000000, "calculatedEbitda": 4906000000}, {"date": "2005-12-31", "symbol": "DUK", "reportedCurrency": "USD", "cik": "0001326160", "fillingDate": "2005-12-31", "acceptedDate": "2005-12-30 19:00:00", "calendarYear": "2005", "period": "FY", "revenue": 16746000000, "costOfRevenue": 7863000000, "grossProfit": 8883000000, "grossProfitRatio": 0.530455034, "researchAndDevelopmentExpenses": 0, "generalAndAdministrativeExpenses": 0, "sellingAndMarketingExpenses": 0, "sellingGeneralAndAdministrativeExpenses": 0, "otherExpenses": 5992000000, "operatingExpenses": 5992000000, "costAndExpenses": 13855000000, "interestIncome": 0, "interestExpense": 0, "depreciationAndAmortization": 1884000000, "ebitda": 2250000000, "ebitdaratio": 0.1343604443, "operatingIncome": 2891000000, "operatingIncomeRatio": 0.172638242, "totalOtherIncomeExpensesNet": 2525000000, "incomeBeforeTax": 3816000000, "incomeBeforeTaxRatio": 0.2278753135, "incomeTaxExpense": 1283000000, "netIncome": 1824000000, "netIncomeRatio": 0.1089215335, "eps": 5.85, "epsdiluted": 5.62, "weightedAverageShsOut": 311999688, "weightedAverageShsOutDil": 324333009, "link": "", "finalLink": "", "calculatedOtherExpenses": 5992000000, "calculatedOperatingExpenses": 5992000000, "calculatedNetInterest": 0, "calculatedOtherIncome": 925000000, "calculatedIncomeNonControlling": 709000000, "calculatedEbitda": 4775000000}, {"date": "2004-12-31", "symbol": "DUK", "reportedCurrency": "USD", "cik": "0001326160", "fillingDate": "2004-12-31", "acceptedDate": "2004-12-30 19:00:00", "calendarYear": "2004", "period": "FY", "revenue": 22503000000, "costOfRevenue": 13433000000, "grossProfit": 9070000000, "grossProfitRatio": 0.4030573701, "researchAndDevelopmentExpenses": 0, "generalAndAdministrativeExpenses": 0, "sellingAndMarketingExpenses": 0, "sellingGeneralAndAdministrativeExpenses": 0, "otherExpenses": 6023000000, "operatingExpenses": 6023000000, "costAndExpenses": 19456000000, "interestIncome": 0, "interestExpense": 0, "depreciationAndAmortization": 2037000000, "ebitda": 4815000000, "ebitdaratio": 0.2139714705, "operatingIncome": 3047000000, "operatingIncomeRatio": 0.1354041683, "totalOtherIncomeExpensesNet": 269000000, "incomeBeforeTax": 1772000000, "incomeBeforeTaxRatio": 0.0787450562, "incomeTaxExpense": 540000000, "netIncome": 1490000000, "netIncomeRatio": 0.0662133938, "eps": 4.8, "epsdiluted": 4.65, "weightedAverageShsOut": 310481870, "weightedAverageShsOutDil": 320562450, "link": "", "finalLink": "", "calculatedOtherExpenses": 6023000000, "calculatedOperatingExpenses": 6023000000, "calculatedNetInterest": 0, "calculatedOtherIncome": -1275000000, "calculatedIncomeNonControlling": -258000000, "calculatedEbitda": 5084000000}, {"date": "2003-12-31", "symbol": "DUK", "reportedCurrency": "USD", "cik": "0001326160", "fillingDate": "2003-12-31", "acceptedDate": "2003-12-30 19:00:00", "calendarYear": "2003", "period": "FY", "revenue": 22529000000, "costOfRevenue": 13655000000, "grossProfit": 8874000000, "grossProfitRatio": 0.3938923166, "researchAndDevelopmentExpenses": 0, "generalAndAdministrativeExpenses": 0, "sellingAndMarketingExpenses": 0, "sellingGeneralAndAdministrativeExpenses": 0, "otherExpenses": 9499000000, "operatingExpenses": 9499000000, "costAndExpenses": 23154000000, "interestIncome": 0, "interestExpense": 0, "depreciationAndAmortization": 1987000000, "ebitda": 1005000000, "ebitdaratio": 0.0446091704, "operatingIncome": -625000000, "operatingIncomeRatio": -0.0277420214, "totalOtherIncomeExpensesNet": 357000000, "incomeBeforeTax": -1712000000, "incomeBeforeTaxRatio": -0.075990945, "incomeTaxExpense": -707000000, "netIncome": -1323000000, "netIncomeRatio": -0.0587243109, "eps": -4.4, "epsdiluted": -4.39, "weightedAverageShsOut": 300999699, "weightedAverageShsOutDil": 301333032, "link": "", "finalLink": "", "calculatedOtherExpenses": 9499000000, "calculatedOperatingExpenses": 9499000000, "calculatedNetInterest": 0, "calculatedOtherIncome": -1087000000, "calculatedIncomeNonControlling": 318000000, "calculatedEbitda": 1362000000}, {"date": "2002-12-31", "symbol": "DUK", "reportedCurrency": "USD", "cik": "0001326160", "fillingDate": "2002-12-31", "acceptedDate": "2002-12-30 19:00:00", "calendarYear": "2002", "period": "FY", "revenue": 15663000000, "costOfRevenue": 6954000000, "grossProfit": 8709000000, "grossProfitRatio": 0.5560237502, "researchAndDevelopmentExpenses": 0, "generalAndAdministrativeExpenses": 0, "sellingAndMarketingExpenses": 0, "sellingGeneralAndAdministrativeExpenses": 0, "otherExpenses": 6258000000, "operatingExpenses": 6258000000, "costAndExpenses": 13212000000, "interestIncome": 0, "interestExpense": 0, "depreciationAndAmortization": 1692000000, "ebitda": 3725000000, "ebitdaratio": 0.2378216178, "operatingIncome": 2451000000, "operatingIncomeRatio": 0.1564834323, "totalOtherIncomeExpensesNet": 418000000, "incomeBeforeTax": 1652000000, "incomeBeforeTaxRatio": 0.1054714933, "incomeTaxExpense": 618000000, "netIncome": 1034000000, "netIncomeRatio": 0.0660154504, "eps": 3.71, "epsdiluted": 3.71, "weightedAverageShsOut": 278961470, "weightedAverageShsOutDil": 278961470, "link": "", "finalLink": "", "calculatedOtherExpenses": 6258000000, "calculatedOperatingExpenses": 6258000000, "calculatedNetInterest": 0, "calculatedOtherIncome": -799000000, "calculatedIncomeNonControlling": 0, "calculatedEbitda": 4143000000}, {"date": "2001-12-31", "symbol": "DUK", "reportedCurrency": "USD", "cik": "0001326160", "fillingDate": "2001-12-31", "acceptedDate": "2001-12-30 19:00:00", "calendarYear": "2001", "period": "FY", "revenue": 59503000000, "costOfRevenue": 49501000000, "grossProfit": 10002000000, "grossProfitRatio": 0.1680923651, "researchAndDevelopmentExpenses": 0, "generalAndAdministrativeExpenses": 0, "sellingAndMarketingExpenses": 0, "sellingGeneralAndAdministrativeExpenses": 0, "otherExpenses": 5902000000, "operatingExpenses": 5902000000, "costAndExpenses": 55403000000, "interestIncome": 0, "interestExpense": 0, "depreciationAndAmortization": 1450000000, "ebitda": 5394000000, "ebitdaratio": 0.0906508916, "operatingIncome": 4100000000, "operatingIncomeRatio": 0.0689040889, "totalOtherIncomeExpensesNet": 156000000, "incomeBeforeTax": 3144000000, "incomeBeforeTaxRatio": 0.0528376721, "incomeTaxExpense": 1150000000, "netIncome": 1898000000, "netIncomeRatio": 0.0318975514, "eps": 7.42, "epsdiluted": 7.37, "weightedAverageShsOut": 255666411, "weightedAverageShsOutDil": 257376792, "link": "", "finalLink": "", "calculatedOtherExpenses": 5902000000, "calculatedOperatingExpenses": 5902000000, "calculatedNetInterest": 0, "calculatedOtherIncome": -956000000, "calculatedIncomeNonControlling": 96000000, "calculatedEbitda": 5550000000}, {"date": "2000-12-31", "symbol": "DUK", "reportedCurrency": "USD", "cik": "0001326160", "fillingDate": "2000-12-31", "acceptedDate": "2000-12-30 19:00:00", "calendarYear": "2000", "period": "FY", "revenue": 49318000000, "costOfRevenue": 40451000000, "grossProfit": 8867000000, "grossProfitRatio": 0.1797923679, "researchAndDevelopmentExpenses": 0, "generalAndAdministrativeExpenses": 0, "sellingAndMarketingExpenses": 0, "sellingGeneralAndAdministrativeExpenses": 0, "otherExpenses": 5054000000, "operatingExpenses": 5054000000, "costAndExpenses": 45505000000, "interestIncome": 0, "interestExpense": 0, "depreciationAndAmortization": 1348000000, "ebitda": 4960000000, "ebitdaratio": 0.1005717993, "operatingIncome": 3813000000, "operatingIncomeRatio": 0.0773145707, "totalOtherIncomeExpensesNet": 201000000, "incomeBeforeTax": 2796000000, "incomeBeforeTaxRatio": 0.0566932966, "incomeTaxExpense": 1020000000, "netIncome": 1776000000, "netIncomeRatio": 0.0360111927, "eps": 7.24, "epsdiluted": 7.22, "weightedAverageShsOut": 245333088, "weightedAverageShsOutDil": 246078185, "link": "", "finalLink": "", "calculatedOtherExpenses": 5054000000, "calculatedOperatingExpenses": 5054000000, "calculatedNetInterest": 0, "calculatedOtherIncome": -1017000000, "calculatedIncomeNonControlling": 0, "calculatedEbitda": 5161000000}, {"date": "1999-12-31", "symbol": "DUK", "reportedCurrency": "USD", "cik": "0001326160", "fillingDate": "1999-12-31", "acceptedDate": "1999-12-30 19:00:00", "calendarYear": "1999", "period": "FY", "revenue": 21742000000, "costOfRevenue": 14907000000, "grossProfit": 6835000000, "grossProfitRatio": 0.3143685034, "researchAndDevelopmentExpenses": 0, "generalAndAdministrativeExpenses": 0, "sellingAndMarketingExpenses": 0, "sellingGeneralAndAdministrativeExpenses": 0, "otherExpenses": 5040000000, "operatingExpenses": 5040000000, "costAndExpenses": 19947000000, "interestIncome": 0, "interestExpense": 0, "depreciationAndAmortization": 903000000, "ebitda": 2698000000, "ebitdaratio": 0.1240916199, "operatingIncome": 1795000000, "operatingIncomeRatio": 0.0825591022, "totalOtherIncomeExpensesNet": 248000000, "incomeBeforeTax": 1300000000, "incomeBeforeTaxRatio": 0.0597921074, "incomeTaxExpense": 453000000, "netIncome": 1507000000, "netIncomeRatio": 0.0693128507, "eps": 6.2, "epsdiluted": 6.17, "weightedAverageShsOut": 242999757, "weightedAverageShsOutDil": 244170528, "link": "", "finalLink": "", "calculatedOtherExpenses": 5040000000, "calculatedOperatingExpenses": 5040000000, "calculatedNetInterest": 0, "calculatedOtherIncome": -495000000, "calculatedIncomeNonControlling": -660000000, "calculatedEbitda": 2698000000}, {"date": "1998-12-31", "symbol": "DUK", "reportedCurrency": "USD", "cik": "0001326160", "fillingDate": "1998-12-31", "acceptedDate": "1998-12-30 19:00:00", "calendarYear": "1998", "period": "FY", "revenue": 17610000000, "costOfRevenue": 11180000000, "grossProfit": 6430000000, "grossProfitRatio": 0.3651334469, "researchAndDevelopmentExpenses": 0, "generalAndAdministrativeExpenses": 0, "sellingAndMarketingExpenses": 0, "sellingGeneralAndAdministrativeExpenses": 0, "otherExpenses": 3997000000, "operatingExpenses": 3997000000, "costAndExpenses": 15177000000, "interestIncome": 0, "interestExpense": 0, "depreciationAndAmortization": 841000000, "ebitda": 3274000000, "ebitdaratio": 0.1859170926, "operatingIncome": 2433000000, "operatingIncomeRatio": 0.1381601363, "totalOtherIncomeExpensesNet": 214000000, "incomeBeforeTax": 2037000000, "incomeBeforeTaxRatio": 0.1156729131, "incomeTaxExpense": 777000000, "netIncome": 1252000000, "netIncomeRatio": 0.0710959682, "eps": 5.2, "epsdiluted": 5.19, "weightedAverageShsOut": 240666426, "weightedAverageShsOutDil": 241372308, "link": "", "finalLink": "", "calculatedOtherExpenses": 3997000000, "calculatedOperatingExpenses": 3997000000, "calculatedNetInterest": 0, "calculatedOtherIncome": -396000000, "calculatedIncomeNonControlling": 8000000, "calculatedEbitda": 3274000000}, {"date": "1997-12-31", "symbol": "DUK", "reportedCurrency": "USD", "cik": "0001326160", "fillingDate": "1997-12-31", "acceptedDate": "1997-12-30 19:00:00", "calendarYear": "1997", "period": "FY", "revenue": 16308900000, "costOfRevenue": 10408200000, "grossProfit": 5900700000, "grossProfitRatio": 0.361808583, "researchAndDevelopmentExpenses": 0, "generalAndAdministrativeExpenses": 0, "sellingAndMarketingExpenses": 0, "sellingGeneralAndAdministrativeExpenses": 0, "otherExpenses": 3930700000, "operatingExpenses": 3930700000, "costAndExpenses": 14338900000, "interestIncome": 0, "interestExpense": 0, "depreciationAndAmortization": 844400000, "ebitda": 2814400000, "ebitdaratio": 0.1725683522, "operatingIncome": 1970000000, "operatingIncomeRatio": 0.1207929413, "totalOtherIncomeExpensesNet": 138100000, "incomeBeforeTax": 1613300000, "incomeBeforeTaxRatio": 0.0989214478, "incomeTaxExpense": 638900000, "netIncome": 974400000, "netIncomeRatio": 0.0597465188, "eps": 4.06, "epsdiluted": 4.05, "weightedAverageShsOut": 239999760, "weightedAverageShsOutDil": 240426426, "link": "", "finalLink": "", "calculatedOtherExpenses": 3930700000, "calculatedOperatingExpenses": 3930700000, "calculatedNetInterest": 0, "calculatedOtherIncome": -356700000, "calculatedIncomeNonControlling": 0, "calculatedEbitda": 2814400000}, {"date": "1996-12-31", "symbol": "DUK", "reportedCurrency": "USD", "cik": "0001326160", "fillingDate": "1996-12-31", "acceptedDate": "1996-12-30 19:00:00", "calendarYear": "1996", "period": "FY", "revenue": 4758000000, "costOfRevenue": 1137200000, "grossProfit": 3620800000, "grossProfitRatio": 0.7609920135, "researchAndDevelopmentExpenses": 0, "generalAndAdministrativeExpenses": 0, "sellingAndMarketingExpenses": 0, "sellingGeneralAndAdministrativeExpenses": 0, "otherExpenses": 2258500000, "operatingExpenses": 2258500000, "costAndExpenses": 3395700000, "interestIncome": 0, "interestExpense": 0, "depreciationAndAmortization": 541200000, "ebitda": 1903500000, "ebitdaratio": 0.4000630517, "operatingIncome": 1362300000, "operatingIncomeRatio": 0.2863177806, "totalOtherIncomeExpensesNet": 126500000, "incomeBeforeTax": 1205700000, "incomeBeforeTaxRatio": 0.2534047919, "incomeTaxExpense": 475700000, "netIncome": 730000000, "netIncomeRatio": 0.1534258092, "eps": 3.03, "epsdiluted": 3.03, "weightedAverageShsOut": 240799759, "weightedAverageShsOutDil": 240799759, "link": "", "finalLink": "", "calculatedOtherExpenses": 2258500000, "calculatedOperatingExpenses": 2258500000, "calculatedNetInterest": 0, "calculatedOtherIncome": -156600000, "calculatedIncomeNonControlling": 0, "calculatedEbitda": 1903500000}, {"date": "1995-12-31", "symbol": "DUK", "reportedCurrency": "USD", "cik": "0001326160", "fillingDate": "1995-12-31", "acceptedDate": "1995-12-30 19:00:00", "calendarYear": "1995", "period": "FY", "revenue": 4676700000, "costOfRevenue": 1212500000, "grossProfit": 3464200000, "grossProfitRatio": 0.7407359891, "researchAndDevelopmentExpenses": 0, "generalAndAdministrativeExpenses": 0, "sellingAndMarketingExpenses": 0, "sellingGeneralAndAdministrativeExpenses": 0, "otherExpenses": 2115000000, "operatingExpenses": 2115000000, "costAndExpenses": 3327500000, "interestIncome": 0, "interestExpense": 0, "depreciationAndAmortization": 553600000, "ebitda": 1902800000, "ebitdaratio": 0.4068680907, "operatingIncome": 1349200000, "operatingIncomeRatio": 0.2884940236, "totalOtherIncomeExpensesNet": 121200000, "incomeBeforeTax": 1180900000, "incomeBeforeTaxRatio": 0.2525071097, "incomeTaxExpense": 466400000, "netIncome": 714500000, "netIncomeRatio": 0.1527786687, "eps": 5.23, "epsdiluted": 5.23, "weightedAverageShsOut": 136572530, "weightedAverageShsOutDil": 136643220, "link": "", "finalLink": "", "calculatedOtherExpenses": 2115000000, "calculatedOperatingExpenses": 2115000000, "calculatedNetInterest": 0, "calculatedOtherIncome": -168300000, "calculatedIncomeNonControlling": 0, "calculatedEbitda": 1902800000}, {"date": "1994-12-31", "symbol": "DUK", "reportedCurrency": "USD", "cik": "0001326160", "fillingDate": "1994-12-31", "acceptedDate": "1994-12-30 19:00:00", "calendarYear": "1994", "period": "FY", "revenue": 4488900000, "costOfRevenue": 1258400000, "grossProfit": 3230500000, "grossProfitRatio": 0.7196640602, "researchAndDevelopmentExpenses": 0, "generalAndAdministrativeExpenses": 0, "sellingAndMarketingExpenses": 0, "sellingGeneralAndAdministrativeExpenses": 0, "otherExpenses": 2050800000, "operatingExpenses": 2050800000, "costAndExpenses": 3309200000, "interestIncome": 0, "interestExpense": 0, "depreciationAndAmortization": 521200000, "ebitda": 1700900000, "ebitdaratio": 0.3789124284, "operatingIncome": 1179700000, "operatingIncomeRatio": 0.2628038049, "totalOtherIncomeExpensesNet": 126300000, "incomeBeforeTax": 1035900000, "incomeBeforeTaxRatio": 0.2307692308, "incomeTaxExpense": 397000000, "netIncome": 638900000, "netIncomeRatio": 0.1423288556, "eps": 4.68, "epsdiluted": 4.68, "weightedAverageShsOut": 136572530, "weightedAverageShsOutDil": 136585885, "link": "", "finalLink": "", "calculatedOtherExpenses": 2050800000, "calculatedOperatingExpenses": 2050800000, "calculatedNetInterest": 0, "calculatedOtherIncome": -143800000, "calculatedIncomeNonControlling": 0, "calculatedEbitda": 1700900000}, {"date": "1993-12-31", "symbol": "DUK", "reportedCurrency": "USD", "cik": "0001326160", "fillingDate": "1993-12-31", "acceptedDate": "1993-12-30 19:00:00", "calendarYear": "1993", "period": "FY", "revenue": 4281900000, "costOfRevenue": 0, "grossProfit": 4281900000, "grossProfitRatio": 1, "researchAndDevelopmentExpenses": 0, "generalAndAdministrativeExpenses": 0, "sellingAndMarketingExpenses": 0, "sellingGeneralAndAdministrativeExpenses": 0, "otherExpenses": 0, "operatingExpenses": 0, "costAndExpenses": 0, "interestIncome": 0, "interestExpense": 0, "depreciationAndAmortization": 0, "ebitda": 4281900000, "ebitdaratio": 1, "operatingIncome": 4281900000, "operatingIncomeRatio": 1, "totalOtherIncomeExpensesNet": 0, "incomeBeforeTax": 0, "incomeBeforeTaxRatio": 0, "incomeTaxExpense": -626400000, "netIncome": 626400000, "netIncomeRatio": 0.1462901983, "eps": 4.6, "epsdiluted": 4.6, "weightedAverageShsOut": 136286413, "weightedAverageShsOutDil": 136286413, "link": "", "finalLink": "", "calculatedOtherExpenses": 0, "calculatedOperatingExpenses": 0, "calculatedNetInterest": 0, "calculatedOtherIncome": -4281900000, "calculatedIncomeNonControlling": 0, "calculatedEbitda": 4281900000}, {"date": "1992-12-31", "symbol": "DUK", "reportedCurrency": "USD", "cik": "0001326160", "fillingDate": "1992-12-31", "acceptedDate": "1992-12-30 19:00:00", "calendarYear": "1992", "period": "FY", "revenue": 3961500000, "costOfRevenue": 0, "grossProfit": 3961500000, "grossProfitRatio": 1, "researchAndDevelopmentExpenses": 0, "generalAndAdministrativeExpenses": 0, "sellingAndMarketingExpenses": 0, "sellingGeneralAndAdministrativeExpenses": 0, "otherExpenses": 0, "operatingExpenses": 0, "costAndExpenses": 0, "interestIncome": 0, "interestExpense": 0, "depreciationAndAmortization": 0, "ebitda": 3961500000, "ebitdaratio": 1, "operatingIncome": 3961500000, "operatingIncomeRatio": 1, "totalOtherIncomeExpensesNet": 0, "incomeBeforeTax": 0, "incomeBeforeTaxRatio": 0, "incomeTaxExpense": -508100000, "netIncome": 508100000, "netIncomeRatio": 0.1282594977, "eps": 3.75, "epsdiluted": 3.75, "weightedAverageShsOut": 135645510, "weightedAverageShsOutDil": 135645510, "link": "", "finalLink": "", "calculatedOtherExpenses": 0, "calculatedOperatingExpenses": 0, "calculatedNetInterest": 0, "calculatedOtherIncome": -3961500000, "calculatedIncomeNonControlling": 0, "calculatedEbitda": 3961500000}, {"date": "1991-12-31", "symbol": "DUK", "reportedCurrency": "USD", "cik": "0001326160", "fillingDate": "1991-12-31", "acceptedDate": "1991-12-30 19:00:00", "calendarYear": "1991", "period": "FY", "revenue": 3817000000, "costOfRevenue": 0, "grossProfit": 3817000000, "grossProfitRatio": 1, "researchAndDevelopmentExpenses": 0, "generalAndAdministrativeExpenses": 0, "sellingAndMarketingExpenses": 0, "sellingGeneralAndAdministrativeExpenses": 0, "otherExpenses": 0, "operatingExpenses": 0, "costAndExpenses": 0, "interestIncome": 0, "interestExpense": 0, "depreciationAndAmortization": 0, "ebitda": 3817000000, "ebitdaratio": 1, "operatingIncome": 3817000000, "operatingIncomeRatio": 1, "totalOtherIncomeExpensesNet": 0, "incomeBeforeTax": 0, "incomeBeforeTaxRatio": 0, "incomeTaxExpense": -583600000, "netIncome": 583600000, "netIncomeRatio": 0.1528949437, "eps": 4.3, "epsdiluted": 4.3, "weightedAverageShsOut": 135615249, "weightedAverageShsOutDil": 135615249, "link": "", "finalLink": "", "calculatedOtherExpenses": 0, "calculatedOperatingExpenses": 0, "calculatedNetInterest": 0, "calculatedOtherIncome": -3817000000, "calculatedIncomeNonControlling": 0, "calculatedEbitda": 3817000000}, {"date": "1990-12-31", "symbol": "DUK", "reportedCurrency": "USD", "cik": "0001326160", "fillingDate": "1990-12-31", "acceptedDate": "1990-12-30 19:00:00", "calendarYear": "1990", "period": "FY", "revenue": 3681500000, "costOfRevenue": 0, "grossProfit": 3681500000, "grossProfitRatio": 1, "researchAndDevelopmentExpenses": 0, "generalAndAdministrativeExpenses": 0, "sellingAndMarketingExpenses": 0, "sellingGeneralAndAdministrativeExpenses": 0, "otherExpenses": 0, "operatingExpenses": 0, "costAndExpenses": 0, "interestIncome": 0, "interestExpense": 0, "depreciationAndAmortization": 0, "ebitda": 3681500000, "ebitdaratio": 1, "operatingIncome": 3681500000, "operatingIncomeRatio": 1, "totalOtherIncomeExpensesNet": 0, "incomeBeforeTax": 0, "incomeBeforeTaxRatio": 0, "incomeTaxExpense": -538200000, "netIncome": 538200000, "netIncomeRatio": 0.1461904115, "eps": 3.99, "epsdiluted": 3.99, "weightedAverageShsOut": 134888754, "weightedAverageShsOutDil": 134888754, "link": "", "finalLink": "", "calculatedOtherExpenses": 0, "calculatedOperatingExpenses": 0, "calculatedNetInterest": 0, "calculatedOtherIncome": -3681500000, "calculatedIncomeNonControlling": 0, "calculatedEbitda": 3681500000}, {"date": "1989-12-31", "symbol": "DUK", "reportedCurrency": "USD", "cik": "0001326160", "fillingDate": "1989-12-31", "acceptedDate": "1989-12-30 19:00:00", "calendarYear": "1989", "period": "FY", "revenue": 3639300000, "costOfRevenue": 0, "grossProfit": 3639300000, "grossProfitRatio": 1, "researchAndDevelopmentExpenses": 0, "generalAndAdministrativeExpenses": 0, "sellingAndMarketingExpenses": 0, "sellingGeneralAndAdministrativeExpenses": 0, "otherExpenses": 0, "operatingExpenses": 0, "costAndExpenses": 0, "interestIncome": 0, "interestExpense": 0, "depreciationAndAmortization": 0, "ebitda": 3639300000, "ebitdaratio": 1, "operatingIncome": 3639300000, "operatingIncomeRatio": 1, "totalOtherIncomeExpensesNet": 0, "incomeBeforeTax": 0, "incomeBeforeTaxRatio": 0, "incomeTaxExpense": -571600000, "netIncome": 571600000, "netIncomeRatio": 0.1570631715, "eps": 4.26, "epsdiluted": 4.26, "weightedAverageShsOut": 134134233, "weightedAverageShsOutDil": 134134233, "link": "", "finalLink": "", "calculatedOtherExpenses": 0, "calculatedOperatingExpenses": 0, "calculatedNetInterest": 0, "calculatedOtherIncome": -3639300000, "calculatedIncomeNonControlling": 0, "calculatedEbitda": 3639300000}, {"date": "1988-12-31", "symbol": "DUK", "reportedCurrency": "USD", "cik": "0001326160", "fillingDate": "1988-12-31", "acceptedDate": "1988-12-30 19:00:00", "calendarYear": "1988", "period": "FY", "revenue": 3627000000, "costOfRevenue": 0, "grossProfit": 3627000000, "grossProfitRatio": 1, "researchAndDevelopmentExpenses": 0, "generalAndAdministrativeExpenses": 0, "sellingAndMarketingExpenses": 0, "sellingGeneralAndAdministrativeExpenses": 0, "otherExpenses": 0, "operatingExpenses": 0, "costAndExpenses": 0, "interestIncome": 0, "interestExpense": 0, "depreciationAndAmortization": 0, "ebitda": 3627000000, "ebitdaratio": 1, "operatingIncome": 3627000000, "operatingIncomeRatio": 1, "totalOtherIncomeExpensesNet": 0, "incomeBeforeTax": 0, "incomeBeforeTaxRatio": 0, "incomeTaxExpense": -448100000, "netIncome": 448100000, "netIncomeRatio": 0.12354563, "eps": 3.34, "epsdiluted": 3.34, "weightedAverageShsOut": 134285580, "weightedAverageShsOutDil": 134285580, "link": "", "finalLink": "", "calculatedOtherExpenses": 0, "calculatedOperatingExpenses": 0, "calculatedNetInterest": 0, "calculatedOtherIncome": -3627000000, "calculatedIncomeNonControlling": 0, "calculatedEbitda": 3627000000}, {"date": "1987-12-31", "symbol": "DUK", "reportedCurrency": "USD", "cik": "0001326160", "fillingDate": "1987-12-31", "acceptedDate": "1987-12-30 19:00:00", "calendarYear": "1987", "period": "FY", "revenue": 3705800000, "costOfRevenue": 0, "grossProfit": 3705800000, "grossProfitRatio": 1, "researchAndDevelopmentExpenses": 0, "generalAndAdministrativeExpenses": 0, "sellingAndMarketingExpenses": 0, "sellingGeneralAndAdministrativeExpenses": 0, "otherExpenses": 0, "operatingExpenses": 0, "costAndExpenses": 0, "interestIncome": 0, "interestExpense": 0, "depreciationAndAmortization": 0, "ebitda": 3705800000, "ebitdaratio": 1, "operatingIncome": 3705800000, "operatingIncomeRatio": 1, "totalOtherIncomeExpensesNet": 0, "incomeBeforeTax": 0, "incomeBeforeTaxRatio": 0, "incomeTaxExpense": -500200000, "netIncome": 500200000, "netIncomeRatio": 0.1349776027, "eps": 3.7, "epsdiluted": 3.7, "weightedAverageShsOut": 135121077, "weightedAverageShsOutDil": 135121077, "link": "", "finalLink": "", "calculatedOtherExpenses": 0, "calculatedOperatingExpenses": 0, "calculatedNetInterest": 0, "calculatedOtherIncome": -3705800000, "calculatedIncomeNonControlling": 0, "calculatedEbitda": 3705800000}, {"date": "1986-12-31", "symbol": "DUK", "reportedCurrency": "USD", "cik": "0001326160", "fillingDate": "1986-12-31", "acceptedDate": "1986-12-30 19:00:00", "calendarYear": "1986", "period": "FY", "revenue": 3400900000, "costOfRevenue": 0, "grossProfit": 3400900000, "grossProfitRatio": 1, "researchAndDevelopmentExpenses": 0, "generalAndAdministrativeExpenses": 0, "sellingAndMarketingExpenses": 0, "sellingGeneralAndAdministrativeExpenses": 0, "otherExpenses": 0, "operatingExpenses": 0, "costAndExpenses": 0, "interestIncome": 0, "interestExpense": 0, "depreciationAndAmortization": 0, "ebitda": 3400900000, "ebitdaratio": 1, "operatingIncome": 3400900000, "operatingIncomeRatio": 1, "totalOtherIncomeExpensesNet": 0, "incomeBeforeTax": 0, "incomeBeforeTaxRatio": 0, "incomeTaxExpense": -467800000, "netIncome": 467800000, "netIncomeRatio": 0.1375518245, "eps": 3.47, "epsdiluted": 3.47, "weightedAverageShsOut": 134983363, "weightedAverageShsOutDil": 134983363, "link": "", "finalLink": "", "calculatedOtherExpenses": 0, "calculatedOperatingExpenses": 0, "calculatedNetInterest": 0, "calculatedOtherIncome": -3400900000, "calculatedIncomeNonControlling": 0, "calculatedEbitda": 3400900000}, {"date": "1985-12-31", "symbol": "DUK", "reportedCurrency": "USD", "cik": "0001326160", "fillingDate": "1985-12-31", "acceptedDate": "1985-12-30 19:00:00", "calendarYear": "1985", "period": "FY", "revenue": 2898900000, "costOfRevenue": 0, "grossProfit": 2898900000, "grossProfitRatio": 1, "researchAndDevelopmentExpenses": 0, "generalAndAdministrativeExpenses": 0, "sellingAndMarketingExpenses": 0, "sellingGeneralAndAdministrativeExpenses": 0, "otherExpenses": 0, "operatingExpenses": 0, "costAndExpenses": 0, "interestIncome": 0, "interestExpense": 0, "depreciationAndAmortization": 0, "ebitda": 2898900000, "ebitdaratio": 1, "operatingIncome": 2898900000, "operatingIncomeRatio": 1, "totalOtherIncomeExpensesNet": 0, "incomeBeforeTax": 0, "incomeBeforeTaxRatio": 0, "incomeTaxExpense": -437600000, "netIncome": 437600000, "netIncomeRatio": 0.1509538101, "eps": 3.24, "epsdiluted": 3.24, "weightedAverageShsOut": 135017786, "weightedAverageShsOutDil": 135017786, "link": "", "finalLink": "", "calculatedOtherExpenses": 0, "calculatedOperatingExpenses": 0, "calculatedNetInterest": 0, "calculatedOtherIncome": -2898900000, "calculatedIncomeNonControlling": 0, "calculatedEbitda": 2898900000}]}