{"originalCurrency": "USD", "convertedCurrency": "USD", "report": [{"date": "2023-12-31", "symbol": "DVA", "reportedCurrency": "USD", "cik": "0000927066", "fillingDate": "2024-02-14", "acceptedDate": "2024-02-14 17:01:00", "calendarYear": "2023", "period": "FY", "revenue": 12140147000, "costOfRevenue": 9065160000, "grossProfit": 3074987000, "grossProfitRatio": 0.253290755, "researchAndDevelopmentExpenses": 0, "generalAndAdministrativeExpenses": 1473984000, "sellingAndMarketingExpenses": 0, "sellingGeneralAndAdministrativeExpenses": 1473984000, "otherExpenses": -19177000, "operatingExpenses": 1473984000, "costAndExpenses": 10539144000, "interestIncome": 0, "interestExpense": 304162000, "depreciationAndAmortization": 745443000, "ebitda": 2346446000, "ebitdaratio": 0.1932798672, "operatingIncome": 1601003000, "operatingIncomeRatio": 0.1318767392, "totalOtherIncomeExpensesNet": -423909000, "incomeBeforeTax": 1177094000, "incomeBeforeTaxRatio": 0.096958793, "incomeTaxExpense": 220116000, "netIncome": 691535000, "netIncomeRatio": 0.0569626546, "eps": 7.62, "epsdiluted": 7.42, "weightedAverageShsOut": 90790000, "weightedAverageShsOutDil": 93182000, "link": "https://www.sec.gov/Archives/edgar/data/927066/000092706624000013/0000927066-24-000013-index.htm", "finalLink": "https://www.sec.gov/Archives/edgar/data/927066/000092706624000013/dva-20231231.htm", "calculatedOtherExpenses": 0, "calculatedOperatingExpenses": 1473984000, "calculatedNetInterest": -304162000, "calculatedOtherIncome": -119747000, "calculatedIncomeNonControlling": 265443000, "calculatedEbitda": 2346446000}, {"date": "2022-12-31", "symbol": "DVA", "reportedCurrency": "USD", "cik": "0000927066", "fillingDate": "2023-02-22", "acceptedDate": "2023-02-22 17:19:41", "calendarYear": "2022", "period": "FY", "revenue": 11609894000, "costOfRevenue": 8209553000, "grossProfit": 3400341000, "grossProfitRatio": 0.2928830358, "researchAndDevelopmentExpenses": 0, "generalAndAdministrativeExpenses": 1355197000, "sellingAndMarketingExpenses": 0, "sellingGeneralAndAdministrativeExpenses": 1355197000, "otherExpenses": 732602000, "operatingExpenses": 2087799000, "costAndExpenses": 10297352000, "interestIncome": 368751000, "interestExpense": 357019000, "depreciationAndAmortization": 716837000, "ebitda": 2055899000, "ebitdaratio": 0.177081634, "operatingIncome": 1339062000, "operatingIncomeRatio": 0.1153380039, "totalOtherIncomeExpensesNet": -372784000, "incomeBeforeTax": 966278000, "incomeBeforeTaxRatio": 0.0832288391, "incomeTaxExpense": 198087000, "netIncome": 768191000, "netIncomeRatio": 0.0661669262, "eps": 8.26, "epsdiluted": 8.02, "weightedAverageShsOut": 92992000, "weightedAverageShsOutDil": 95834000, "link": "https://www.sec.gov/Archives/edgar/data/927066/000092706623000011/0000927066-23-000011-index.htm", "finalLink": "https://www.sec.gov/Archives/edgar/data/927066/000092706623000011/dva-20221231.htm", "calculatedOtherExpenses": 706082000, "calculatedOperatingExpenses": 2061279000, "calculatedNetInterest": 11732000, "calculatedOtherIncome": -384516000, "calculatedIncomeNonControlling": 0, "calculatedEbitda": 2055899000}, {"date": "2021-12-31", "symbol": "DVA", "reportedCurrency": "USD", "cik": "0000927066", "fillingDate": "2022-02-11", "acceptedDate": "2022-02-11 16:07:49", "calendarYear": "2021", "period": "FY", "revenue": 11618797000, "costOfRevenue": 7972414000, "grossProfit": 3646383000, "grossProfitRatio": 0.3138348144, "researchAndDevelopmentExpenses": 0, "generalAndAdministrativeExpenses": 1195335000, "sellingAndMarketingExpenses": 0, "sellingGeneralAndAdministrativeExpenses": 1195335000, "otherExpenses": 680615000, "operatingExpenses": 1875950000, "costAndExpenses": 9848364000, "interestIncome": 279745000, "interestExpense": 285254000, "depreciationAndAmortization": 686993000, "ebitda": 2484363000, "ebitdaratio": 0.2138227391, "operatingIncome": 1797370000, "operatingIncomeRatio": 0.154695017, "totalOtherIncomeExpensesNet": -278876000, "incomeBeforeTax": 1518494000, "incomeBeforeTaxRatio": 0.1306928764, "incomeTaxExpense": 306732000, "netIncome": 978450000, "netIncomeRatio": 0.0842126771, "eps": 9.3, "epsdiluted": 8.9, "weightedAverageShsOut": 105230000, "weightedAverageShsOutDil": 109948000, "link": "https://www.sec.gov/Archives/edgar/data/927066/000092706622000012/0000927066-22-000012-index.htm", "finalLink": "https://www.sec.gov/Archives/edgar/data/927066/000092706622000012/dva-20211231.htm", "calculatedOtherExpenses": 653678000, "calculatedOperatingExpenses": 1849013000, "calculatedNetInterest": -5509000, "calculatedOtherIncome": -273367000, "calculatedIncomeNonControlling": 233312000, "calculatedEbitda": 2484363000}, {"date": "2020-12-31", "symbol": "DVA", "reportedCurrency": "USD", "cik": "0000927066", "fillingDate": "2021-02-12", "acceptedDate": "2021-02-12 16:07:27", "calendarYear": "2020", "period": "FY", "revenue": 11550604000, "costOfRevenue": 7988613000, "grossProfit": 3561991000, "grossProfitRatio": 0.3083813626, "researchAndDevelopmentExpenses": 0, "generalAndAdministrativeExpenses": 1247584000, "sellingAndMarketingExpenses": 0, "sellingGeneralAndAdministrativeExpenses": 1247584000, "otherExpenses": 630435000, "operatingExpenses": 1878019000, "costAndExpenses": 9866632000, "interestIncome": 297030000, "interestExpense": 304111000, "depreciationAndAmortization": 663446000, "ebitda": 2358082000, "ebitdaratio": 0.2041522677, "operatingIncome": 1694636000, "operatingIncomeRatio": 0.1467140593, "totalOtherIncomeExpensesNet": -376374000, "incomeBeforeTax": 1318262000, "incomeBeforeTaxRatio": 0.1141292698, "incomeTaxExpense": 313932000, "netIncome": 773642000, "netIncomeRatio": 0.0669784887, "eps": 6.54, "epsdiluted": 6.39, "weightedAverageShsOut": 119797000, "weightedAverageShsOutDil": 122623000, "link": "https://www.sec.gov/Archives/edgar/data/927066/000092706621000008/0000927066-21-000008-index.htm", "finalLink": "https://www.sec.gov/Archives/edgar/data/927066/000092706621000008/dva-20201231.htm", "calculatedOtherExpenses": 619771000, "calculatedOperatingExpenses": 1867355000, "calculatedNetInterest": -7081000, "calculatedOtherIncome": -369293000, "calculatedIncomeNonControlling": 230688000, "calculatedEbitda": 2358082000}, {"date": "2019-12-31", "symbol": "DVA", "reportedCurrency": "USD", "cik": "0000927066", "fillingDate": "2020-02-21", "acceptedDate": "2020-02-21 16:05:52", "calendarYear": "2019", "period": "FY", "revenue": 11388479000, "costOfRevenue": 7914485000, "grossProfit": 3473994000, "grossProfitRatio": 0.3050445981, "researchAndDevelopmentExpenses": 0, "generalAndAdministrativeExpenses": 1103312000, "sellingAndMarketingExpenses": 0, "sellingGeneralAndAdministrativeExpenses": 1103312000, "otherExpenses": 615152000, "operatingExpenses": 1718464000, "costAndExpenses": 9632949000, "interestIncome": 435233000, "interestExpense": 443824000, "depreciationAndAmortization": 769392000, "ebitda": 2412709000, "ebitdaratio": 0.2118552442, "operatingIncome": 1643317000, "operatingIncomeRatio": 0.144296442, "totalOtherIncomeExpensesNet": -447878000, "incomeBeforeTax": 1195439000, "incomeBeforeTaxRatio": 0.1049691535, "incomeTaxExpense": 279628000, "netIncome": 810981000, "netIncomeRatio": 0.0712106507, "eps": 5.29, "epsdiluted": 5.27, "weightedAverageShsOut": 153180908, "weightedAverageShsOutDil": 153812064, "link": "https://www.sec.gov/Archives/edgar/data/927066/000092706620000014/0000927066-20-000014-index.htm", "finalLink": "https://www.sec.gov/Archives/edgar/data/927066/000092706620000014/dva-12311910k.htm", "calculatedOtherExpenses": 727365000, "calculatedOperatingExpenses": 1830677000, "calculatedNetInterest": -8591000, "calculatedOtherIncome": -439287000, "calculatedIncomeNonControlling": 104830000, "calculatedEbitda": 2412709000}, {"date": "2018-12-31", "symbol": "DVA", "reportedCurrency": "USD", "cik": "0000927066", "fillingDate": "2019-02-22", "acceptedDate": "2019-02-22 16:07:40", "calendarYear": "2018", "period": "FY", "revenue": 11404851000, "costOfRevenue": 8195513000, "grossProfit": 3209338000, "grossProfitRatio": 0.2814011336, "researchAndDevelopmentExpenses": 0, "generalAndAdministrativeExpenses": 1135454000, "sellingAndMarketingExpenses": 0, "sellingGeneralAndAdministrativeExpenses": 1135454000, "otherExpenses": 583735000, "operatingExpenses": 1719189000, "costAndExpenses": 9914702000, "interestIncome": 0, "interestExpense": 487435000, "depreciationAndAmortization": 560965000, "ebitda": 2086789000, "ebitdaratio": 0.1829738065, "operatingIncome": 1525824000, "operatingIncomeRatio": 0.1337872805, "totalOtherIncomeExpensesNet": -477346000, "incomeBeforeTax": 1048478000, "incomeBeforeTaxRatio": 0.0919326346, "incomeTaxExpense": 258400000, "netIncome": 790078000, "netIncomeRatio": 0.0692756091, "eps": 4.63, "epsdiluted": 4.58, "weightedAverageShsOut": 170785999, "weightedAverageShsOutDil": 172364581, "link": "https://www.sec.gov/Archives/edgar/data/927066/000092706619000025/0000927066-19-000025-index.htm", "finalLink": "https://www.sec.gov/Archives/edgar/data/927066/000092706619000025/dva-123118x10k.htm", "calculatedOtherExpenses": 548060000, "calculatedOperatingExpenses": 1683514000, "calculatedNetInterest": -487435000, "calculatedOtherIncome": 10089000, "calculatedIncomeNonControlling": 0, "calculatedEbitda": 2086789000}, {"date": "2017-12-31", "symbol": "DVA", "reportedCurrency": "USD", "cik": "0000927066", "fillingDate": "2018-02-23", "acceptedDate": "2018-02-23 14:57:24", "calendarYear": "2017", "period": "FY", "revenue": 10876634000, "costOfRevenue": 7640005000, "grossProfit": 3236629000, "grossProfitRatio": 0.2975763458, "researchAndDevelopmentExpenses": 0, "generalAndAdministrativeExpenses": 1064026000, "sellingAndMarketingExpenses": 0, "sellingGeneralAndAdministrativeExpenses": 1064026000, "otherExpenses": 17665000, "operatingExpenses": 1616904000, "costAndExpenses": 9256909000, "interestIncome": 0, "interestExpense": 430634000, "depreciationAndAmortization": 777485000, "ebitda": 2406235000, "ebitdaratio": 0.2212297481, "operatingIncome": 1812755000, "operatingIncomeRatio": 0.166665073, "totalOtherIncomeExpensesNet": 210695000, "incomeBeforeTax": 1399786000, "incomeBeforeTaxRatio": 0.128696617, "incomeTaxExpense": 323859000, "netIncome": 663618000, "netIncomeRatio": 0.0610131774, "eps": 3.52, "epsdiluted": 3.47, "weightedAverageShsOut": 188625559, "weightedAverageShsOutDil": 191348533, "link": "https://www.sec.gov/Archives/edgar/data/927066/000092706618000030/0000927066-18-000030-index.htm", "finalLink": "https://www.sec.gov/Archives/edgar/data/927066/000092706618000030/dva-123117x10k.htm", "calculatedOtherExpenses": 359848000, "calculatedOperatingExpenses": 1423874000, "calculatedNetInterest": -430634000, "calculatedOtherIncome": 17665000, "calculatedIncomeNonControlling": 412309000, "calculatedEbitda": 2590240000}, {"date": "2016-12-31", "symbol": "DVA", "reportedCurrency": "USD", "cik": "0000927066", "fillingDate": "2017-02-24", "acceptedDate": "2017-02-24 16:32:10", "calendarYear": "2016", "period": "FY", "revenue": 14745105000, "costOfRevenue": 10646736000, "grossProfit": 4098369000, "grossProfitRatio": 0.2779477664, "researchAndDevelopmentExpenses": 0, "generalAndAdministrativeExpenses": 1592698000, "sellingAndMarketingExpenses": 0, "sellingGeneralAndAdministrativeExpenses": 1592698000, "otherExpenses": 8734000, "operatingExpenses": 2324627000, "costAndExpenses": 12971363000, "interestIncome": 0, "interestExpense": 414382000, "depreciationAndAmortization": 720252000, "ebitda": 2515772000, "ebitdaratio": 0.1706174354, "operatingIncome": 1894543000, "operatingIncomeRatio": 0.1284862332, "totalOtherIncomeExpensesNet": 129535000, "incomeBeforeTax": 1488895000, "incomeBeforeTaxRatio": 0.1009755441, "incomeTaxExpense": 455813000, "netIncome": 879874000, "netIncomeRatio": 0.0596722777, "eps": 4.36, "epsdiluted": 4.29, "weightedAverageShsOut": 201641173, "weightedAverageShsOutDil": 204904656, "link": "https://www.sec.gov/Archives/edgar/data/927066/000156459017002409/0001564590-17-002409-index.htm", "finalLink": "https://www.sec.gov/Archives/edgar/data/927066/000156459017002409/dva-10k_20161231.htm", "calculatedOtherExpenses": 611128000, "calculatedOperatingExpenses": 2203826000, "calculatedNetInterest": -414382000, "calculatedOtherIncome": 8734000, "calculatedIncomeNonControlling": 153208000, "calculatedEbitda": 2614795000}, {"date": "2015-12-31", "symbol": "DVA", "reportedCurrency": "USD", "cik": "0000927066", "fillingDate": "2016-02-26", "acceptedDate": "2016-02-26 17:55:05", "calendarYear": "2015", "period": "FY", "revenue": 13781837000, "costOfRevenue": 9824834000, "grossProfit": 3957003000, "grossProfitRatio": 0.2871172399, "researchAndDevelopmentExpenses": 0, "generalAndAdministrativeExpenses": 1452135000, "sellingAndMarketingExpenses": 0, "sellingGeneralAndAdministrativeExpenses": 1452135000, "otherExpenses": 8893000, "operatingExpenses": 2594399000, "costAndExpenses": 12419233000, "interestIncome": 0, "interestExpense": 408380000, "depreciationAndAmortization": 638024000, "ebitda": 1979774000, "ebitdaratio": 0.1436509516, "operatingIncome": 1170695000, "operatingIncomeRatio": 0.0849447719, "totalOtherIncomeExpensesNet": -183016000, "incomeBeforeTax": 723136000, "incomeBeforeTaxRatio": 0.0524702186, "incomeTaxExpense": 295726000, "netIncome": 269732000, "netIncomeRatio": 0.0195715564, "eps": 1.27, "epsdiluted": 1.25, "weightedAverageShsOut": 211867714, "weightedAverageShsOutDil": 216251807, "link": "https://www.sec.gov/Archives/edgar/data/927066/000156459016013587/0001564590-16-013587-index.htm", "finalLink": "https://www.sec.gov/Archives/edgar/data/927066/000156459016013587/dva-10k_20151231.htm", "calculatedOtherExpenses": 1334173000, "calculatedOperatingExpenses": 2786308000, "calculatedNetInterest": -408380000, "calculatedOtherIncome": -39179000, "calculatedIncomeNonControlling": 157678000, "calculatedEbitda": 1808719000}, {"date": "2014-12-31", "symbol": "DVA", "reportedCurrency": "USD", "cik": "0000927066", "fillingDate": "2015-02-26", "acceptedDate": "2015-02-26 17:28:11", "calendarYear": "2014", "period": "FY", "revenue": 12795106000, "costOfRevenue": 9119305000, "grossProfit": 3675801000, "grossProfitRatio": 0.2872817935, "researchAndDevelopmentExpenses": 0, "generalAndAdministrativeExpenses": 1261506000, "sellingAndMarketingExpenses": 0, "sellingGeneralAndAdministrativeExpenses": 1261506000, "otherExpenses": 2374000, "operatingExpenses": 1883894000, "costAndExpenses": 11003199000, "interestIncome": 0, "interestExpense": 410294000, "depreciationAndAmortization": 590935000, "ebitda": 2310902000, "ebitdaratio": 0.1806082732, "operatingIncome": 1815141000, "operatingIncomeRatio": 0.1418621307, "totalOtherIncomeExpensesNet": 25608000, "incomeBeforeTax": 1309673000, "incomeBeforeTaxRatio": 0.1023573388, "incomeTaxExpense": 446343000, "netIncome": 723114000, "netIncomeRatio": 0.0565148894, "eps": 3.41, "epsdiluted": 3.33, "weightedAverageShsOut": 212301827, "weightedAverageShsOutDil": 216927681, "link": "https://www.sec.gov/Archives/edgar/data/927066/000156459015001035/0001564590-15-001035-index.htm", "finalLink": "https://www.sec.gov/Archives/edgar/data/927066/000156459015001035/dva-10k_20141231.htm", "calculatedOtherExpenses": 599154000, "calculatedOperatingExpenses": 1860660000, "calculatedNetInterest": -410294000, "calculatedOtherIncome": -95174000, "calculatedIncomeNonControlling": 140216000, "calculatedEbitda": 2406076000}, {"date": "2013-12-31", "symbol": "DVA", "reportedCurrency": "USD", "cik": "0000927066", "fillingDate": "2014-02-21", "acceptedDate": "2014-02-21 14:53:02", "calendarYear": "2013", "period": "FY", "revenue": 11764050000, "costOfRevenue": 8198377000, "grossProfit": 3565673000, "grossProfitRatio": 0.3030991028, "researchAndDevelopmentExpenses": 0, "generalAndAdministrativeExpenses": 1176485000, "sellingAndMarketingExpenses": 0, "sellingGeneralAndAdministrativeExpenses": 1176485000, "otherExpenses": 4787000, "operatingExpenses": 2107074000, "costAndExpenses": 10305451000, "interestIncome": 0, "interestExpense": 429943000, "depreciationAndAmortization": 528119000, "ebitda": 2026681000, "ebitdaratio": 0.1722774895, "operatingIncome": 1550134000, "operatingIncomeRatio": 0.1317687361, "totalOtherIncomeExpensesNet": 96322000, "incomeBeforeTax": 1124978000, "incomeBeforeTaxRatio": 0.0956284613, "incomeTaxExpense": 381013000, "netIncome": 633446000, "netIncomeRatio": 0.0538459119, "eps": 3.02, "epsdiluted": 2.95, "weightedAverageShsOut": 209939364, "weightedAverageShsOutDil": 214763887, "link": "https://www.sec.gov/Archives/edgar/data/927066/000119312514062565/0001193125-14-062565-index.htm", "finalLink": "https://www.sec.gov/Archives/edgar/data/927066/000119312514062565/d637385d10k.htm", "calculatedOtherExpenses": 839054000, "calculatedOperatingExpenses": 2015539000, "calculatedNetInterest": -429943000, "calculatedOtherIncome": 4787000, "calculatedIncomeNonControlling": 110519000, "calculatedEbitda": 2078253000}, {"date": "2012-12-31", "symbol": "DVA", "reportedCurrency": "USD", "cik": "0000927066", "fillingDate": "2013-03-01", "acceptedDate": "2013-02-28 21:11:46", "calendarYear": "2012", "period": "FY", "revenue": 8186280000, "costOfRevenue": 5578853000, "grossProfit": 2607427000, "grossProfitRatio": 0.3185118271, "researchAndDevelopmentExpenses": 0, "generalAndAdministrativeExpenses": 894575000, "sellingAndMarketingExpenses": 0, "sellingGeneralAndAdministrativeExpenses": 894575000, "otherExpenses": 3737000, "operatingExpenses": 1326720000, "costAndExpenses": 6905573000, "interestIncome": 0, "interestExpense": 288554000, "depreciationAndAmortization": 343908000, "ebitda": 1633766000, "ebitdaratio": 0.1995736769, "operatingIncome": 1297084000, "operatingIncomeRatio": 0.158446083, "totalOtherIncomeExpensesNet": 20114000, "incomeBeforeTax": 1001304000, "incomeBeforeTaxRatio": 0.1223148976, "incomeTaxExpense": 359845000, "netIncome": 536017000, "netIncomeRatio": 0.0654774818, "eps": 2.79, "epsdiluted": 2.74, "weightedAverageShsOut": 192035878, "weightedAverageShsOutDil": 195942160, "link": "https://www.sec.gov/Archives/edgar/data/927066/000119312513085450/0001193125-13-085450-index.htm", "finalLink": "https://www.sec.gov/Archives/edgar/data/927066/000119312513085450/d465470d10k.htm", "calculatedOtherExpenses": 415768000, "calculatedOperatingExpenses": 1310343000, "calculatedNetInterest": -288554000, "calculatedOtherIncome": -7226000, "calculatedIncomeNonControlling": 105442000, "calculatedEbitda": 1640992000}, {"date": "2011-12-31", "symbol": "DVA", "reportedCurrency": "USD", "cik": "0000927066", "fillingDate": "2012-02-24", "acceptedDate": "2012-02-24 15:38:01", "calendarYear": "2011", "period": "FY", "revenue": 6791980000, "costOfRevenue": 4680772000, "grossProfit": 2111208000, "grossProfitRatio": 0.3108383711, "researchAndDevelopmentExpenses": 0, "generalAndAdministrativeExpenses": 691243000, "sellingAndMarketingExpenses": 0, "sellingGeneralAndAdministrativeExpenses": 691243000, "otherExpenses": 455417000, "operatingExpenses": 956426000, "costAndExpenses": 5637198000, "interestIncome": 0, "interestExpense": 241090000, "depreciationAndAmortization": 267315000, "ebitda": 1422097000, "ebitdaratio": 0.2093788557, "operatingIncome": 1130782000, "operatingIncomeRatio": 0.1664878283, "totalOtherIncomeExpensesNet": -21018000, "incomeBeforeTax": 892674000, "incomeBeforeTaxRatio": 0.131430599, "incomeTaxExpense": 315744000, "netIncome": 478001000, "netIncomeRatio": 0.0703772685, "eps": 2.52, "epsdiluted": 2.48, "weightedAverageShsOut": 189316054, "weightedAverageShsOutDil": 193064220, "link": "https://www.sec.gov/Archives/edgar/data/927066/000119312512077942/0001193125-12-077942-index.htm", "finalLink": "https://www.sec.gov/Archives/edgar/data/927066/000119312512077942/d276082d10k.htm", "calculatedOtherExpenses": 289183000, "calculatedOperatingExpenses": 980426000, "calculatedNetInterest": -241090000, "calculatedOtherIncome": 2982000, "calculatedIncomeNonControlling": 98929000, "calculatedEbitda": 1398097000}, {"date": "2010-12-31", "symbol": "DVA", "reportedCurrency": "USD", "cik": "0000927066", "fillingDate": "2011-02-25", "acceptedDate": "2011-02-25 12:35:59", "calendarYear": "2010", "period": "FY", "revenue": 6447391000, "costOfRevenue": 4474735000, "grossProfit": 1972656000, "grossProfitRatio": 0.3059618999, "researchAndDevelopmentExpenses": 0, "generalAndAdministrativeExpenses": 579000000, "sellingAndMarketingExpenses": 0, "sellingGeneralAndAdministrativeExpenses": 579000000, "otherExpenses": 396629000, "operatingExpenses": 975629000, "costAndExpenses": 5450364000, "interestIncome": 0, "interestExpense": 255989000, "depreciationAndAmortization": 234378000, "ebitda": 1231405000, "ebitdaratio": 0.1909927597, "operatingIncome": 997027000, "operatingIncomeRatio": 0.1546403809, "totalOtherIncomeExpensesNet": 3420000, "incomeBeforeTax": 744458000, "incomeBeforeTaxRatio": 0.1154665507, "incomeTaxExpense": 260239000, "netIncome": 405683000, "netIncomeRatio": 0.0629220409, "eps": 2, "epsdiluted": 1.97, "weightedAverageShsOut": 203008746, "weightedAverageShsOutDil": 206118342, "link": "https://www.sec.gov/Archives/edgar/data/927066/000119312511046882/0001193125-11-046882-index.htm", "finalLink": "https://www.sec.gov/Archives/edgar/data/927066/000119312511046882/d10k.htm", "calculatedOtherExpenses": 396629000, "calculatedOperatingExpenses": 975629000, "calculatedNetInterest": -255989000, "calculatedOtherIncome": 3420000, "calculatedIncomeNonControlling": 78536000, "calculatedEbitda": 1231405000}, {"date": "2009-12-31", "symbol": "DVA", "reportedCurrency": "USD", "cik": "0000927066", "fillingDate": "2010-02-25", "acceptedDate": "2010-02-25 16:44:41", "calendarYear": "2009", "period": "FY", "revenue": 6108800000, "costOfRevenue": 4248668000, "grossProfit": 1860132000, "grossProfitRatio": 0.3045003929, "researchAndDevelopmentExpenses": 0, "generalAndAdministrativeExpenses": 531531000, "sellingAndMarketingExpenses": 0, "sellingGeneralAndAdministrativeExpenses": 531531000, "otherExpenses": 388330000, "operatingExpenses": 919861000, "costAndExpenses": 5168529000, "interestIncome": 0, "interestExpense": 185755000, "depreciationAndAmortization": 228986000, "ebitda": 1169257000, "ebitdaratio": 0.1914053497, "operatingIncome": 940271000, "operatingIncomeRatio": 0.1539207373, "totalOtherIncomeExpensesNet": 3708000, "incomeBeforeTax": 758224000, "incomeBeforeTaxRatio": 0.1241199581, "incomeTaxExpense": 278465000, "netIncome": 422684000, "netIncomeRatio": 0.0691926401, "eps": 2.04, "epsdiluted": 2.03, "weightedAverageShsOut": 207207770, "weightedAverageShsOutDil": 208335370, "link": "https://www.sec.gov/Archives/edgar/data/927066/000119312510040773/0001193125-10-040773-index.htm", "finalLink": "https://www.sec.gov/Archives/edgar/data/927066/000119312510040773/d10k.htm", "calculatedOtherExpenses": 388330000, "calculatedOperatingExpenses": 919861000, "calculatedNetInterest": -185755000, "calculatedOtherIncome": 3708000, "calculatedIncomeNonControlling": 57075000, "calculatedEbitda": 1169257000}, {"date": "2008-12-31", "symbol": "DVA", "reportedCurrency": "USD", "cik": "0000927066", "fillingDate": "2009-02-27", "acceptedDate": "2009-02-27 15:44:05", "calendarYear": "2008", "period": "FY", "revenue": 5660173000, "costOfRevenue": 3920487000, "grossProfit": 1739686000, "grossProfitRatio": 0.3073556232, "researchAndDevelopmentExpenses": 0, "generalAndAdministrativeExpenses": 654469000, "sellingAndMarketingExpenses": 0, "sellingGeneralAndAdministrativeExpenses": 654469000, "otherExpenses": 263452000, "operatingExpenses": 917921000, "costAndExpenses": 4838408000, "interestIncome": 0, "interestExpense": 199894000, "depreciationAndAmortization": 216917000, "ebitda": 1026271000, "ebitdaratio": 0.1813144227, "operatingIncome": 821765000, "operatingIncomeRatio": 0.1451837249, "totalOtherIncomeExpensesNet": 12411000, "incomeBeforeTax": 609460000, "incomeBeforeTaxRatio": 0.1076751541, "incomeTaxExpense": 235300000, "netIncome": 374160000, "netIncomeRatio": 0.0661039866, "eps": 1.78, "epsdiluted": 1.77, "weightedAverageShsOut": 210298896, "weightedAverageShsOutDil": 211879450, "link": "https://www.sec.gov/Archives/edgar/data/927066/000119312509040883/0001193125-09-040883-index.htm", "finalLink": "https://www.sec.gov/Archives/edgar/data/927066/000119312509040883/d10k.htm", "calculatedOtherExpenses": 263452000, "calculatedOperatingExpenses": 917921000, "calculatedNetInterest": -199894000, "calculatedOtherIncome": -12411000, "calculatedIncomeNonControlling": 0, "calculatedEbitda": 1038682000}, {"date": "2007-12-31", "symbol": "DVA", "reportedCurrency": "USD", "cik": "0000927066", "fillingDate": "2008-02-29", "acceptedDate": "2008-02-28 21:14:32", "calendarYear": "2007", "period": "FY", "revenue": 5264151000, "costOfRevenue": 3590344000, "grossProfit": 1673807000, "grossProfitRatio": 0.3179633335, "researchAndDevelopmentExpenses": 0, "generalAndAdministrativeExpenses": 627918000, "sellingAndMarketingExpenses": 0, "sellingGeneralAndAdministrativeExpenses": 627918000, "otherExpenses": 183680000, "operatingExpenses": 811598000, "costAndExpenses": 4401942000, "interestIncome": 0, "interestExpense": 156952000, "depreciationAndAmortization": 193470000, "ebitda": 977944000, "ebitdaratio": 0.1857743062, "operatingIncome": 862209000, "operatingIncomeRatio": 0.1637888047, "totalOtherIncomeExpensesNet": 77735000, "incomeBeforeTax": 627522000, "incomeBeforeTaxRatio": 0.1192066869, "incomeTaxExpense": 245744000, "netIncome": 381778000, "netIncomeRatio": 0.0725241354, "eps": 1.8, "epsdiluted": 1.78, "weightedAverageShsOut": 211786104, "weightedAverageShsOutDil": 214836480, "link": "https://www.sec.gov/Archives/edgar/data/927066/000119312508042304/0001193125-08-042304-index.htm", "finalLink": "https://www.sec.gov/Archives/edgar/data/927066/000119312508042304/d10k.htm", "calculatedOtherExpenses": 183680000, "calculatedOperatingExpenses": 811598000, "calculatedNetInterest": -156952000, "calculatedOtherIncome": -77735000, "calculatedIncomeNonControlling": 0, "calculatedEbitda": 1055679000}, {"date": "2006-12-31", "symbol": "DVA", "reportedCurrency": "USD", "cik": "0000927066", "fillingDate": "2007-02-28", "acceptedDate": "2007-02-27 20:31:44", "calendarYear": "2006", "period": "FY", "revenue": 4880662000, "costOfRevenue": 3390351000, "grossProfit": 1490311000, "grossProfitRatio": 0.3053501759, "researchAndDevelopmentExpenses": 0, "generalAndAdministrativeExpenses": 579719000, "sellingAndMarketingExpenses": 0, "sellingGeneralAndAdministrativeExpenses": 579719000, "otherExpenses": 171160000, "operatingExpenses": 750879000, "costAndExpenses": 4141230000, "interestIncome": 0, "interestExpense": 489016000, "depreciationAndAmortization": 173295000, "ebitda": 1138432000, "ebitdaratio": 0.2332536037, "operatingIncome": 739432000, "operatingIncomeRatio": 0.1515023987, "totalOtherIncomeExpensesNet": -225705000, "incomeBeforeTax": 475759000, "incomeBeforeTaxRatio": 0.0974783749, "incomeTaxExpense": 186430000, "netIncome": 289691000, "netIncomeRatio": 0.059354858, "eps": 1.4, "epsdiluted": 1.37, "weightedAverageShsOut": 207040000, "weightedAverageShsOutDil": 211586000, "link": "https://www.sec.gov/Archives/edgar/data/927066/000119312507041368/0001193125-07-041368-index.htm", "finalLink": "https://www.sec.gov/Archives/edgar/data/927066/000119312507041368/d10k.htm", "calculatedOtherExpenses": 171160000, "calculatedOperatingExpenses": 750879000, "calculatedNetInterest": -489016000, "calculatedOtherIncome": 225343000, "calculatedIncomeNonControlling": -362000, "calculatedEbitda": 912727000}, {"date": "2005-12-31", "symbol": "DVA", "reportedCurrency": "USD", "cik": "0000927066", "fillingDate": "2006-03-06", "acceptedDate": "2006-03-06 14:43:55", "calendarYear": "2005", "period": "FY", "revenue": 2973918000, "costOfRevenue": 2035243000, "grossProfit": 938675000, "grossProfitRatio": 0.3156358043, "researchAndDevelopmentExpenses": 0, "generalAndAdministrativeExpenses": 334379000, "sellingAndMarketingExpenses": 0, "sellingGeneralAndAdministrativeExpenses": 334379000, "otherExpenses": 138925000, "operatingExpenses": 473304000, "costAndExpenses": 2508547000, "interestIncome": 0, "interestExpense": 107741000, "depreciationAndAmortization": 119719000, "ebitda": 579778000, "ebitdaratio": 0.1949542657, "operatingIncome": 465371000, "operatingIncomeRatio": 0.1564841398, "totalOtherIncomeExpensesNet": 5312000, "incomeBeforeTax": 331097000, "incomeBeforeTaxRatio": 0.111333601, "incomeTaxExpense": 123675000, "netIncome": 228643000, "netIncomeRatio": 0.076882752, "eps": 1.13, "epsdiluted": 1.1, "weightedAverageShsOut": 201524000, "weightedAverageShsOutDil": 208136000, "link": "https://www.sec.gov/Archives/edgar/data/927066/000119312506045993/0001193125-06-045993-index.htm", "finalLink": "https://www.sec.gov/Archives/edgar/data/927066/000119312506045993/d10k.htm", "calculatedOtherExpenses": 138925000, "calculatedOperatingExpenses": 473304000, "calculatedNetInterest": -107741000, "calculatedOtherIncome": -26533000, "calculatedIncomeNonControlling": -21221000, "calculatedEbitda": 585090000}, {"date": "2004-12-31", "symbol": "DVA", "reportedCurrency": "USD", "cik": "0000927066", "fillingDate": "2005-03-03", "acceptedDate": "2005-03-02 21:47:48", "calendarYear": "2004", "period": "FY", "revenue": 2298595000, "costOfRevenue": 1555070000, "grossProfit": 743525000, "grossProfitRatio": 0.3234693367, "researchAndDevelopmentExpenses": 0, "generalAndAdministrativeExpenses": 233042000, "sellingAndMarketingExpenses": 0, "sellingGeneralAndAdministrativeExpenses": 233042000, "otherExpenses": 100360000, "operatingExpenses": 333402000, "costAndExpenses": 1888472000, "interestIncome": 0, "interestExpense": 44066000, "depreciationAndAmortization": 86666000, "ebitda": 492616000, "ebitdaratio": 0.2143117861, "operatingIncome": 410123000, "operatingIncomeRatio": 0.1784233412, "totalOtherIncomeExpensesNet": 4173000, "incomeBeforeTax": 361884000, "incomeBeforeTaxRatio": 0.1574370431, "incomeTaxExpense": 139630000, "netIncome": 222254000, "netIncomeRatio": 0.0966912396, "eps": 1.13, "epsdiluted": 1.08, "weightedAverageShsOut": 197454000, "weightedAverageShsOutDil": 205722000, "link": "https://www.sec.gov/Archives/edgar/data/927066/000119312505041002/0001193125-05-041002-index.htm", "finalLink": "https://www.sec.gov/Archives/edgar/data/927066/000119312505041002/d10k.htm", "calculatedOtherExpenses": 100360000, "calculatedOperatingExpenses": 333402000, "calculatedNetInterest": -44066000, "calculatedOtherIncome": -4173000, "calculatedIncomeNonControlling": 0, "calculatedEbitda": 496789000}, {"date": "2003-12-31", "symbol": "DVA", "reportedCurrency": "USD", "cik": "0000927066", "fillingDate": "2004-02-27", "acceptedDate": "2004-02-27 14:59:46", "calendarYear": "2003", "period": "FY", "revenue": 2046418000, "costOfRevenue": 1360556000, "grossProfit": 685862000, "grossProfitRatio": 0.3351524469, "researchAndDevelopmentExpenses": 0, "generalAndAdministrativeExpenses": 195328000, "sellingAndMarketingExpenses": 0, "sellingGeneralAndAdministrativeExpenses": 195328000, "otherExpenses": 111999000, "operatingExpenses": 307327000, "costAndExpenses": 1667883000, "interestIncome": 0, "interestExpense": 113710000, "depreciationAndAmortization": 74687000, "ebitda": 476663000, "ebitdaratio": 0.2329255313, "operatingIncome": 378535000, "operatingIncomeRatio": 0.1849744285, "totalOtherIncomeExpensesNet": -23441000, "incomeBeforeTax": 288266000, "incomeBeforeTaxRatio": 0.1408636945, "incomeTaxExpense": 112475000, "netIncome": 175791000, "netIncomeRatio": 0.085901805, "eps": 0.93, "epsdiluted": 0.77, "weightedAverageShsOut": 188692000, "weightedAverageShsOutDil": 227520000, "link": "https://www.sec.gov/Archives/edgar/data/927066/000119312504031173/0001193125-04-031173-index.htm", "finalLink": "https://www.sec.gov/Archives/edgar/data/927066/000119312504031173/d10k.htm", "calculatedOtherExpenses": 111999000, "calculatedOperatingExpenses": 307327000, "calculatedNetInterest": -113710000, "calculatedOtherIncome": 23441000, "calculatedIncomeNonControlling": 0, "calculatedEbitda": 453222000}, {"date": "2002-12-31", "symbol": "DVA", "reportedCurrency": "USD", "cik": "0000927066", "fillingDate": "2003-02-28", "acceptedDate": "2003-02-28 17:21:51", "calendarYear": "2002", "period": "FY", "revenue": 1854632000, "costOfRevenue": 1217685000, "grossProfit": 636947000, "grossProfitRatio": 0.3434357867, "researchAndDevelopmentExpenses": 0, "generalAndAdministrativeExpenses": 181330000, "sellingAndMarketingExpenses": 0, "sellingGeneralAndAdministrativeExpenses": 181330000, "otherExpenses": 64285000, "operatingExpenses": 245615000, "costAndExpenses": 1463300000, "interestIncome": 0, "interestExpense": 98333000, "depreciationAndAmortization": 64665000, "ebitda": 449827000, "ebitdaratio": 0.2425424559, "operatingIncome": 391332000, "operatingIncomeRatio": 0.2110025062, "totalOtherIncomeExpensesNet": 6170000, "incomeBeforeTax": 316187000, "incomeBeforeTaxRatio": 0.1704850342, "incomeTaxExpense": 129500000, "netIncome": 157329000, "netIncomeRatio": 0.084830306, "eps": 0.73, "epsdiluted": 0.58, "weightedAverageShsOut": 215494000, "weightedAverageShsOutDil": 271440000, "link": "https://www.sec.gov/Archives/edgar/data/927066/000089843003001750/0000898430-03-001750-index.htm", "finalLink": "https://www.sec.gov/Archives/edgar/data/927066/000089843003001750/d10k.htm", "calculatedOtherExpenses": 64285000, "calculatedOperatingExpenses": 245615000, "calculatedNetInterest": -98333000, "calculatedOtherIncome": 23188000, "calculatedIncomeNonControlling": 29358000, "calculatedEbitda": 455997000}, {"date": "2001-12-31", "symbol": "DVA", "reportedCurrency": "USD", "cik": "0000927066", "fillingDate": "2002-03-01", "acceptedDate": "2002-03-01 00:00:00", "calendarYear": "2001", "period": "FY", "revenue": 1650753000, "costOfRevenue": 1100652000, "grossProfit": 550101000, "grossProfitRatio": 0.3332424657, "researchAndDevelopmentExpenses": 0, "generalAndAdministrativeExpenses": 126900000, "sellingAndMarketingExpenses": 0, "sellingGeneralAndAdministrativeExpenses": 126900000, "otherExpenses": 105209000, "operatingExpenses": 232109000, "costAndExpenses": 1332761000, "interestIncome": 0, "interestExpense": 71433000, "depreciationAndAmortization": 105209000, "ebitda": 418557000, "ebitdaratio": 0.2535551957, "operatingIncome": 317992000, "operatingIncomeRatio": 0.1926345129, "totalOtherIncomeExpensesNet": 4644000, "incomeBeforeTax": 240938000, "incomeBeforeTaxRatio": 0.1459564211, "incomeTaxExpense": 104600000, "netIncome": 137315000, "netIncomeRatio": 0.0831832503, "eps": 0.55, "epsdiluted": 0.49, "weightedAverageShsOut": 251304000, "weightedAverageShsOutDil": 278816000, "link": "https://www.sec.gov/Archives/edgar/data/927066/000103221002000327/0001032210-02-000327-index.htm", "finalLink": "https://www.sec.gov/Archives/edgar/data/927066/000103221002000327/d10k405.htm", "calculatedOtherExpenses": 105209000, "calculatedOperatingExpenses": 232109000, "calculatedNetInterest": -71433000, "calculatedOtherIncome": -5621000, "calculatedIncomeNonControlling": -977000, "calculatedEbitda": 423201000}, {"date": "2000-12-31", "symbol": "DVA", "reportedCurrency": "USD", "cik": "0000927066", "fillingDate": "2001-03-20", "acceptedDate": "2001-03-20 00:00:00", "calendarYear": "2000", "period": "FY", "revenue": 1486302000, "costOfRevenue": 1032153000, "grossProfit": 454149000, "grossProfitRatio": 0.3055563405, "researchAndDevelopmentExpenses": 0, "generalAndAdministrativeExpenses": 163273000, "sellingAndMarketingExpenses": 0, "sellingGeneralAndAdministrativeExpenses": 163273000, "otherExpenses": 111605000, "operatingExpenses": 274878000, "costAndExpenses": 1307031000, "interestIncome": 0, "interestExpense": 149583000, "depreciationAndAmortization": 111605000, "ebitda": 302633000, "ebitdaratio": 0.2036147432, "operatingIncome": 179271000, "operatingIncomeRatio": 0.1206154604, "totalOtherIncomeExpensesNet": -11757000, "incomeBeforeTax": 44935000, "incomeBeforeTaxRatio": 0.0302327522, "incomeTaxExpense": 27960000, "netIncome": 13485000, "netIncomeRatio": 0.0090728533, "eps": 0.0551, "epsdiluted": 0.0541, "weightedAverageShsOut": 244743000, "weightedAverageShsOutDil": 249471000, "link": "https://www.sec.gov/Archives/edgar/data/927066/000089843001000980/0000898430-01-000980-index.htm", "finalLink": "https://www.sec.gov/Archives/edgar/data/927066/000089843001000980/0000898430-01-000980-0001.txt", "calculatedOtherExpenses": 111605000, "calculatedOperatingExpenses": 274878000, "calculatedNetInterest": -149583000, "calculatedOtherIncome": 15247000, "calculatedIncomeNonControlling": 3490000, "calculatedEbitda": 290876000}, {"date": "1999-12-31", "symbol": "DVA", "reportedCurrency": "USD", "cik": "0000927066", "fillingDate": "2000-03-29", "acceptedDate": "2000-03-29 00:00:00", "calendarYear": "1999", "period": "FY", "revenue": 1445351000, "costOfRevenue": 993239000, "grossProfit": 452112000, "grossProfitRatio": 0.3128042946, "researchAndDevelopmentExpenses": 0, "generalAndAdministrativeExpenses": 263808000, "sellingAndMarketingExpenses": 0, "sellingGeneralAndAdministrativeExpenses": 263808000, "otherExpenses": 112481000, "operatingExpenses": 376289000, "costAndExpenses": 1369528000, "interestIncome": 0, "interestExpense": 399349000, "depreciationAndAmortization": 112481000, "ebitda": 330004000, "ebitdaratio": 0.2283210099, "operatingIncome": 75823000, "operatingIncomeRatio": 0.0524599215, "totalOtherIncomeExpensesNet": -141700000, "incomeBeforeTax": -181826000, "incomeBeforeTaxRatio": -0.1258005841, "incomeTaxExpense": -34570000, "netIncome": -147256000, "netIncomeRatio": -0.1018825185, "eps": -0.6, "epsdiluted": -0.6, "weightedAverageShsOut": 243456000, "weightedAverageShsOutDil": 243456000, "link": "https://www.sec.gov/Archives/edgar/data/927066/000089843000000997/0000898430-00-000997-index.html", "finalLink": "https://www.sec.gov/Archives/edgar/data/927066/000089843000000997/", "calculatedOtherExpenses": 112481000, "calculatedOperatingExpenses": 376289000, "calculatedNetInterest": -399349000, "calculatedOtherIncome": 141700000, "calculatedIncomeNonControlling": 0, "calculatedEbitda": 188304000}, {"date": "1998-12-31", "symbol": "DVA", "reportedCurrency": "USD", "cik": "0000927066", "fillingDate": "1999-03-31", "acceptedDate": "1999-03-31 00:00:00", "calendarYear": "1998", "period": "FY", "revenue": 1204900000, "costOfRevenue": 772700000, "grossProfit": 432200000, "grossProfitRatio": 0.358701967, "researchAndDevelopmentExpenses": 0, "generalAndAdministrativeExpenses": 120200000, "sellingAndMarketingExpenses": 0, "sellingGeneralAndAdministrativeExpenses": 120200000, "otherExpenses": 92000000, "operatingExpenses": 212200000, "costAndExpenses": 984900000, "interestIncome": 0, "interestExpense": 256000000, "depreciationAndAmortization": 92000000, "ebitda": 385300000, "ebitdaratio": 0.3197775749, "operatingIncome": 220000000, "operatingIncomeRatio": 0.1825877666, "totalOtherIncomeExpensesNet": -73300000, "incomeBeforeTax": 56900000, "incomeBeforeTaxRatio": 0.047223836, "incomeTaxExpense": 41600000, "netIncome": -4300000, "netIncomeRatio": -0.0035687609, "eps": -0.0179, "epsdiluted": -0.0175, "weightedAverageShsOut": 240429000, "weightedAverageShsOutDil": 245103000, "link": "https://www.sec.gov/Archives/edgar/data/927066/000089843099001299/0000898430-99-001299-index.html", "finalLink": "https://www.sec.gov/Archives/edgar/data/927066/", "calculatedOtherExpenses": 92000000, "calculatedOperatingExpenses": 212200000, "calculatedNetInterest": -256000000, "calculatedOtherIncome": 92900000, "calculatedIncomeNonControlling": 19600000, "calculatedEbitda": 312000000}, {"date": "1997-12-31", "symbol": "DVA", "reportedCurrency": "USD", "cik": "0000927066", "fillingDate": "1998-03-31", "acceptedDate": "1998-03-31 00:00:00", "calendarYear": "1997", "period": "FY", "revenue": 438200000, "costOfRevenue": 292500000, "grossProfit": 145700000, "grossProfitRatio": 0.3324965769, "researchAndDevelopmentExpenses": 0, "generalAndAdministrativeExpenses": 38700000, "sellingAndMarketingExpenses": 0, "sellingGeneralAndAdministrativeExpenses": 38700000, "otherExpenses": 27100000, "operatingExpenses": 65800000, "costAndExpenses": 358300000, "interestIncome": 0, "interestExpense": 15400000, "depreciationAndAmortization": 27100000, "ebitda": 104600000, "ebitdaratio": 0.2387037882, "operatingIncome": 79900000, "operatingIncomeRatio": 0.1823368325, "totalOtherIncomeExpensesNet": 2400000, "incomeBeforeTax": 62100000, "incomeBeforeTaxRatio": 0.1417161114, "incomeTaxExpense": 25100000, "netIncome": 37000000, "netIncomeRatio": 0.0844363304, "eps": 0.24, "epsdiluted": 0.24, "weightedAverageShsOut": 155048000, "weightedAverageShsOutDil": 155048000, "link": "https://www.sec.gov/Archives/edgar/data/927066/000089843098001263/0000898430-98-001263-index.html", "finalLink": "https://www.sec.gov/Archives/edgar/data/927066/", "calculatedOtherExpenses": 27100000, "calculatedOperatingExpenses": 65800000, "calculatedNetInterest": -15400000, "calculatedOtherIncome": -2400000, "calculatedIncomeNonControlling": 0, "calculatedEbitda": 107000000}, {"date": "1996-12-31", "symbol": "DVA", "reportedCurrency": "USD", "cik": "0000927066", "fillingDate": "1997-03-11", "acceptedDate": "1997-03-11 00:00:00", "calendarYear": "1996", "period": "FY", "revenue": 272900000, "costOfRevenue": 184000000, "grossProfit": 88900000, "grossProfitRatio": 0.3257603518, "researchAndDevelopmentExpenses": 0, "generalAndAdministrativeExpenses": 24800000, "sellingAndMarketingExpenses": 0, "sellingGeneralAndAdministrativeExpenses": 24800000, "otherExpenses": 15400000, "operatingExpenses": 40200000, "costAndExpenses": 224200000, "interestIncome": 0, "interestExpense": 14400000, "depreciationAndAmortization": 15400000, "ebitda": 62200000, "ebitdaratio": 0.2279223159, "operatingIncome": 48700000, "operatingIncomeRatio": 0.178453646, "totalOtherIncomeExpensesNet": 1900000, "incomeBeforeTax": 40100000, "incomeBeforeTaxRatio": 0.1469402712, "incomeTaxExpense": 16400000, "netIncome": 16000000, "netIncomeRatio": 0.0586295346, "eps": 0.14, "epsdiluted": 0.13, "weightedAverageShsOut": 114725246, "weightedAverageShsOutDil": 119940030, "link": "https://www.sec.gov/Archives/edgar/data/927066/000089843097000917/0000898430-97-000917-index.html", "finalLink": "https://www.sec.gov/Archives/edgar/data/927066/", "calculatedOtherExpenses": 15400000, "calculatedOperatingExpenses": 40200000, "calculatedNetInterest": -14400000, "calculatedOtherIncome": 5800000, "calculatedIncomeNonControlling": 7700000, "calculatedEbitda": 64100000}, {"date": "1995-12-31", "symbol": "DVA", "reportedCurrency": "USD", "cik": "0000927066", "fillingDate": "1995-12-31", "acceptedDate": "1995-12-31 00:00:00", "calendarYear": "1995", "period": "FY", "revenue": 89700000, "costOfRevenue": 57400000, "grossProfit": 32300000, "grossProfitRatio": 0.3600891862, "researchAndDevelopmentExpenses": 0, "generalAndAdministrativeExpenses": 0, "sellingAndMarketingExpenses": 0, "sellingGeneralAndAdministrativeExpenses": 9400000, "otherExpenses": 4400000, "operatingExpenses": 13800000, "costAndExpenses": 71200000, "interestIncome": 0, "interestExpense": 4100000, "depreciationAndAmortization": 4400000, "ebitda": 22200000, "ebitdaratio": 0.2474916388, "operatingIncome": 18500000, "operatingIncomeRatio": 0.2062430323, "totalOtherIncomeExpensesNet": 700000, "incomeBeforeTax": 11100000, "incomeBeforeTaxRatio": 0.1237458194, "incomeTaxExpense": 4600000, "netIncome": 9100000, "netIncomeRatio": 0.1014492754, "eps": 0.0816, "epsdiluted": 0.0816, "weightedAverageShsOut": 111484258, "weightedAverageShsOutDil": 111484258, "link": null, "finalLink": null, "calculatedOtherExpenses": 4400000, "calculatedOperatingExpenses": 13800000, "calculatedNetInterest": -4100000, "calculatedOtherIncome": -3300000, "calculatedIncomeNonControlling": -2600000, "calculatedEbitda": 22900000}, {"date": "1994-12-31", "symbol": "DVA", "reportedCurrency": "USD", "cik": "0000927066", "fillingDate": "1995-05-31", "acceptedDate": "1995-05-30 20:00:00", "calendarYear": "1994", "period": "FY", "revenue": 99000000, "costOfRevenue": 65600000, "grossProfit": 33400000, "grossProfitRatio": 0.3373737374, "researchAndDevelopmentExpenses": 0, "generalAndAdministrativeExpenses": 0, "sellingAndMarketingExpenses": 0, "sellingGeneralAndAdministrativeExpenses": 11500000, "otherExpenses": 0, "operatingExpenses": 16200000, "costAndExpenses": 81800000, "interestIncome": 0, "interestExpense": 0, "depreciationAndAmortization": 4700000, "ebitda": 21900000, "ebitdaratio": 0.2212121212, "operatingIncome": 17200000, "operatingIncomeRatio": 0.1737373737, "totalOtherIncomeExpensesNet": -8800000, "incomeBeforeTax": 8400000, "incomeBeforeTaxRatio": 0.0848484848, "incomeTaxExpense": 3500000, "netIncome": 4900000, "netIncomeRatio": 0.0494949495, "eps": 0.09, "epsdiluted": 0.08, "weightedAverageShsOut": 54417236, "weightedAverageShsOutDil": 61219390, "link": null, "finalLink": null, "calculatedOtherExpenses": 4700000, "calculatedOperatingExpenses": 16200000, "calculatedNetInterest": 0, "calculatedOtherIncome": -8800000, "calculatedIncomeNonControlling": 0, "calculatedEbitda": 21900000}]}