{"originalCurrency": "USD", "convertedCurrency": "USD", "report": [{"date": "2023-12-31", "symbol": "DVN", "reportedCurrency": "USD", "cik": "0001090012", "fillingDate": "2024-02-28", "acceptedDate": "2024-02-28 12:00:49", "calendarYear": "2023", "period": "FY", "revenue": 15140000000, "costOfRevenue": 9940000000, "grossProfit": 5200000000, "grossProfitRatio": 0.3434610304, "researchAndDevelopmentExpenses": 0, "generalAndAdministrativeExpenses": 408000000, "sellingAndMarketingExpenses": 4349000000, "sellingGeneralAndAdministrativeExpenses": 408000000, "otherExpenses": -9000000, "operatingExpenses": 408000000, "costAndExpenses": 10348000000, "interestIncome": 55000000, "interestExpense": 363000000, "depreciationAndAmortization": 2583000000, "ebitda": 7375000000, "ebitdaratio": 0.4871202114, "operatingIncome": 4792000000, "operatingIncomeRatio": 0.3165125495, "totalOtherIncomeExpensesNet": -169000000, "incomeBeforeTax": 4623000000, "incomeBeforeTaxRatio": 0.3053500661, "incomeTaxExpense": 841000000, "netIncome": 3747000000, "netIncomeRatio": 0.2474900925, "eps": 5.86, "epsdiluted": 5.84, "weightedAverageShsOut": 639000000, "weightedAverageShsOutDil": 642000000, "link": "https://www.sec.gov/Archives/edgar/data/1090012/000095017024021781/0000950170-24-021781-index.htm", "finalLink": "https://www.sec.gov/Archives/edgar/data/1090012/000095017024021781/dvn-20231231.htm", "calculatedOtherExpenses": 0, "calculatedOperatingExpenses": 408000000, "calculatedNetInterest": -308000000, "calculatedOtherIncome": 139000000, "calculatedIncomeNonControlling": 35000000, "calculatedEbitda": 7375000000}, {"date": "2022-12-31", "symbol": "DVN", "reportedCurrency": "USD", "cik": "0001090012", "fillingDate": "2023-02-15", "acceptedDate": "2023-02-15 12:01:08", "calendarYear": "2022", "period": "FY", "revenue": 19169000000, "costOfRevenue": 10800000000, "grossProfit": 8369000000, "grossProfitRatio": 0.4365903281, "researchAndDevelopmentExpenses": 0, "generalAndAdministrativeExpenses": 395000000, "sellingAndMarketingExpenses": 5745000000, "sellingGeneralAndAdministrativeExpenses": 395000000, "otherExpenses": 29000000, "operatingExpenses": 424000000, "costAndExpenses": 11224000000, "interestIncome": 38000000, "interestExpense": 370000000, "depreciationAndAmortization": 2223000000, "ebitda": 10289000000, "ebitdaratio": 0.5367520476, "operatingIncome": 8066000000, "operatingIncomeRatio": 0.4207835568, "totalOtherIncomeExpensesNet": -291000000, "incomeBeforeTax": 7775000000, "incomeBeforeTaxRatio": 0.4056027962, "incomeTaxExpense": 1738000000, "netIncome": 6015000000, "netIncomeRatio": 0.3137878867, "eps": 9.15, "epsdiluted": 9.12, "weightedAverageShsOut": 651000000, "weightedAverageShsOutDil": 653000000, "link": "https://www.sec.gov/Archives/edgar/data/1090012/000095017023002852/0000950170-23-002852-index.htm", "finalLink": "https://www.sec.gov/Archives/edgar/data/1090012/000095017023002852/dvn-20221231.htm", "calculatedOtherExpenses": -92000000, "calculatedOperatingExpenses": 303000000, "calculatedNetInterest": -332000000, "calculatedOtherIncome": 41000000, "calculatedIncomeNonControlling": 22000000, "calculatedEbitda": 10289000000}, {"date": "2021-12-31", "symbol": "DVN", "reportedCurrency": "USD", "cik": "0001090012", "fillingDate": "2022-02-16", "acceptedDate": "2022-02-16 12:02:22", "calendarYear": "2021", "period": "FY", "revenue": 12206000000, "costOfRevenue": 8527000000, "grossProfit": 3679000000, "grossProfitRatio": 0.301409143, "researchAndDevelopmentExpenses": 0, "generalAndAdministrativeExpenses": 391000000, "sellingAndMarketingExpenses": 4219000000, "sellingGeneralAndAdministrativeExpenses": 391000000, "otherExpenses": 42000000, "operatingExpenses": 433000000, "costAndExpenses": 8960000000, "interestIncome": 2000000, "interestExpense": 388000000, "depreciationAndAmortization": 2158000000, "ebitda": 5465000000, "ebitdaratio": 0.4477306243, "operatingIncome": 3307000000, "operatingIncomeRatio": 0.2709323284, "totalOtherIncomeExpensesNet": -409000000, "incomeBeforeTax": 2898000000, "incomeBeforeTaxRatio": 0.2374242176, "incomeTaxExpense": 65000000, "netIncome": 2813000000, "netIncomeRatio": 0.2304604293, "eps": 4.2, "epsdiluted": 4.18, "weightedAverageShsOut": 663000000, "weightedAverageShsOutDil": 665000000, "link": "https://www.sec.gov/Archives/edgar/data/1090012/000156459022005321/0001564590-22-005321-index.htm", "finalLink": "https://www.sec.gov/Archives/edgar/data/1090012/000156459022005321/dvn-10k_20211231.htm", "calculatedOtherExpenses": -19000000, "calculatedOperatingExpenses": 372000000, "calculatedNetInterest": -386000000, "calculatedOtherIncome": -23000000, "calculatedIncomeNonControlling": 20000000, "calculatedEbitda": 5465000000}, {"date": "2020-12-31", "symbol": "DVN", "reportedCurrency": "USD", "cik": "0001090012", "fillingDate": "2021-02-17", "acceptedDate": "2021-02-17 11:02:04", "calendarYear": "2020", "period": "FY", "revenue": 4828000000, "costOfRevenue": 4436000000, "grossProfit": 392000000, "grossProfitRatio": 0.0811930406, "researchAndDevelopmentExpenses": 0, "generalAndAdministrativeExpenses": 338000000, "sellingAndMarketingExpenses": 1978000000, "sellingGeneralAndAdministrativeExpenses": 338000000, "otherExpenses": 167000000, "operatingExpenses": 505000000, "costAndExpenses": 4941000000, "interestIncome": 12000000, "interestExpense": 259000000, "depreciationAndAmortization": 1300000000, "ebitda": 1210000000, "ebitdaratio": 0.2506213753, "operatingIncome": -90000000, "operatingIncomeRatio": -0.0186412593, "totalOtherIncomeExpensesNet": -3000000000, "incomeBeforeTax": -3090000000, "incomeBeforeTaxRatio": -0.64001657, "incomeTaxExpense": -547000000, "netIncome": -2543000000, "netIncomeRatio": -0.5267191384, "eps": -6.75, "epsdiluted": -6.75, "weightedAverageShsOut": 377000000, "weightedAverageShsOutDil": 377000000, "link": "https://www.sec.gov/Archives/edgar/data/1090012/000156459021006239/0001564590-21-006239-index.htm", "finalLink": "https://www.sec.gov/Archives/edgar/data/1090012/000156459021006239/dvn-10k_20201231.htm", "calculatedOtherExpenses": 144000000, "calculatedOperatingExpenses": 482000000, "calculatedNetInterest": -247000000, "calculatedOtherIncome": -2753000000, "calculatedIncomeNonControlling": 0, "calculatedEbitda": 1210000000}, {"date": "2019-12-31", "symbol": "DVN", "reportedCurrency": "USD", "cik": "0001090012", "fillingDate": "2020-02-19", "acceptedDate": "2020-02-19 12:03:54", "calendarYear": "2019", "period": "FY", "revenue": 6220000000, "costOfRevenue": 5506000000, "grossProfit": 714000000, "grossProfitRatio": 0.1147909968, "researchAndDevelopmentExpenses": 0, "generalAndAdministrativeExpenses": 475000000, "sellingAndMarketingExpenses": 2812000000, "sellingGeneralAndAdministrativeExpenses": 475000000, "otherExpenses": 58000000, "operatingExpenses": 533000000, "costAndExpenses": 6039000000, "interestIncome": 227000000, "interestExpense": 250000000, "depreciationAndAmortization": 1497000000, "ebitda": 1714000000, "ebitdaratio": 0.275562701, "operatingIncome": 217000000, "operatingIncomeRatio": 0.0348874598, "totalOtherIncomeExpensesNet": -326000000, "incomeBeforeTax": -109000000, "incomeBeforeTaxRatio": -0.0175241158, "incomeTaxExpense": -30000000, "netIncome": -79000000, "netIncomeRatio": -0.0127009646, "eps": -0.2, "epsdiluted": -0.2, "weightedAverageShsOut": 401000000, "weightedAverageShsOutDil": 401000000, "link": "https://www.sec.gov/Archives/edgar/data/1090012/000156459020005182/0001564590-20-005182-index.htm", "finalLink": "https://www.sec.gov/Archives/edgar/data/1090012/000156459020005182/dvn-10k_20191231.htm", "calculatedOtherExpenses": 22000000, "calculatedOperatingExpenses": 497000000, "calculatedNetInterest": -23000000, "calculatedOtherIncome": -303000000, "calculatedIncomeNonControlling": 0, "calculatedEbitda": 1714000000}, {"date": "2018-12-31", "symbol": "DVN", "reportedCurrency": "USD", "cik": "0001090012", "fillingDate": "2019-02-20", "acceptedDate": "2019-02-20 12:18:53", "calendarYear": "2018", "period": "FY", "revenue": 10734000000, "costOfRevenue": 3883000000, "grossProfit": 6851000000, "grossProfitRatio": 0.6382522825, "researchAndDevelopmentExpenses": 0, "generalAndAdministrativeExpenses": 650000000, "sellingAndMarketingExpenses": 4363000000, "sellingGeneralAndAdministrativeExpenses": 5013000000, "otherExpenses": -140000000, "operatingExpenses": 5190000000, "costAndExpenses": 9073000000, "interestIncome": 0, "interestExpense": 594000000, "depreciationAndAmortization": 1658000000, "ebitda": 3326000000, "ebitdaratio": 0.3098565307, "operatingIncome": 1602000000, "operatingIncomeRatio": 0.1492453885, "totalOtherIncomeExpensesNet": -147000000, "incomeBeforeTax": 920000000, "incomeBeforeTaxRatio": 0.0857089622, "incomeTaxExpense": 156000000, "netIncome": 3064000000, "netIncomeRatio": 0.2854481088, "eps": 6.14, "epsdiluted": 6.1, "weightedAverageShsOut": 499000000, "weightedAverageShsOutDil": 502000000, "link": "https://www.sec.gov/Archives/edgar/data/1090012/000156459019003382/0001564590-19-003382-index.htm", "finalLink": "https://www.sec.gov/Archives/edgar/data/1090012/000156459019003382/dvn-10k_20181231.htm", "calculatedOtherExpenses": 236000000, "calculatedOperatingExpenses": 5249000000, "calculatedNetInterest": -594000000, "calculatedOtherIncome": -88000000, "calculatedIncomeNonControlling": -2300000000, "calculatedEbitda": 3260000000}, {"date": "2017-12-31", "symbol": "DVN", "reportedCurrency": "USD", "cik": "0001090012", "fillingDate": "2018-02-21", "acceptedDate": "2018-02-21 12:03:34", "calendarYear": "2017", "period": "FY", "revenue": 13949000000, "costOfRevenue": 11627000000, "grossProfit": 2322000000, "grossProfitRatio": 0.1664635458, "researchAndDevelopmentExpenses": 0, "generalAndAdministrativeExpenses": 872000000, "sellingAndMarketingExpenses": 7730000000, "sellingGeneralAndAdministrativeExpenses": 872000000, "otherExpenses": 124000000, "operatingExpenses": 1252000000, "costAndExpenses": 12879000000, "interestIncome": 0, "interestExpense": 498000000, "depreciationAndAmortization": 2074000000, "ebitda": 2944000000, "ebitdaratio": 0.2110545559, "operatingIncome": 1008000000, "operatingIncomeRatio": 0.0722632447, "totalOtherIncomeExpensesNet": 324000000, "incomeBeforeTax": 896000000, "incomeBeforeTaxRatio": 0.0642339953, "incomeTaxExpense": -182000000, "netIncome": 898000000, "netIncomeRatio": 0.0643773747, "eps": 1.71, "epsdiluted": 1.7, "weightedAverageShsOut": 525000000, "weightedAverageShsOutDil": 528000000, "link": "https://www.sec.gov/Archives/edgar/data/1090012/000156459018002582/0001564590-18-002582-index.htm", "finalLink": "https://www.sec.gov/Archives/edgar/data/1090012/000156459018002582/dvn-10k_20171231.htm", "calculatedOtherExpenses": 442000000, "calculatedOperatingExpenses": 1314000000, "calculatedNetInterest": -498000000, "calculatedOtherIncome": 386000000, "calculatedIncomeNonControlling": 180000000, "calculatedEbitda": 3082000000}, {"date": "2016-12-31", "symbol": "DVN", "reportedCurrency": "USD", "cik": "0001090012", "fillingDate": "2017-02-15", "acceptedDate": "2017-02-15 12:02:34", "calendarYear": "2016", "period": "FY", "revenue": 10304000000, "costOfRevenue": 7559000000, "grossProfit": 2745000000, "grossProfitRatio": 0.2664013975, "researchAndDevelopmentExpenses": 0, "generalAndAdministrativeExpenses": 645000000, "sellingAndMarketingExpenses": 5492000000, "sellingGeneralAndAdministrativeExpenses": 645000000, "otherExpenses": -78000000, "operatingExpenses": 2291000000, "costAndExpenses": 9850000000, "interestIncome": 0, "interestExpense": 904000000, "depreciationAndAmortization": 1792000000, "ebitda": 5595000000, "ebitdaratio": 0.5429930124, "operatingIncome": -2895000000, "operatingIncomeRatio": -0.2809588509, "totalOtherIncomeExpensesNet": -3427000000, "incomeBeforeTax": -3877000000, "incomeBeforeTaxRatio": -0.376261646, "incomeTaxExpense": -173000000, "netIncome": -3302000000, "netIncomeRatio": -0.3204580745, "eps": -6.51, "epsdiluted": -6.44, "weightedAverageShsOut": 507000000, "weightedAverageShsOutDil": 513000000, "link": "https://www.sec.gov/Archives/edgar/data/1090012/000156459017001607/0001564590-17-001607-index.htm", "finalLink": "https://www.sec.gov/Archives/edgar/data/1090012/000156459017001607/dvn-10k_20161231.htm", "calculatedOtherExpenses": 4995000000, "calculatedOperatingExpenses": 5640000000, "calculatedNetInterest": -904000000, "calculatedOtherIncome": -78000000, "calculatedIncomeNonControlling": -402000000, "calculatedEbitda": -1103000000}, {"date": "2015-12-31", "symbol": "DVN", "reportedCurrency": "USD", "cik": "0001090012", "fillingDate": "2016-02-17", "acceptedDate": "2016-02-17 13:00:59", "calendarYear": "2015", "period": "FY", "revenue": 13145000000, "costOfRevenue": 9937000000, "grossProfit": 3208000000, "grossProfitRatio": 0.2440471662, "researchAndDevelopmentExpenses": 0, "generalAndAdministrativeExpenses": 855000000, "sellingAndMarketingExpenses": 6420000000, "sellingGeneralAndAdministrativeExpenses": 855000000, "otherExpenses": -24000000, "operatingExpenses": 3037000000, "costAndExpenses": 12974000000, "interestIncome": 6000000, "interestExpense": 517000000, "depreciationAndAmortization": 3129000000, "ebitda": 24198000000, "ebitdaratio": 1.840852035, "operatingIncome": -20727000000, "operatingIncomeRatio": -1.5767972613, "totalOtherIncomeExpensesNet": -20922000000, "incomeBeforeTax": -21268000000, "incomeBeforeTaxRatio": -1.6179535945, "incomeTaxExpense": -6065000000, "netIncome": -14454000000, "netIncomeRatio": -1.09958159, "eps": -35.51, "epsdiluted": -35.08, "weightedAverageShsOut": 407000000, "weightedAverageShsOutDil": 412000000, "link": "https://www.sec.gov/Archives/edgar/data/1090012/000119312516466687/0001193125-16-466687-index.htm", "finalLink": "https://www.sec.gov/Archives/edgar/data/1090012/000119312516466687/d109858d10k.htm", "calculatedOtherExpenses": 23080000000, "calculatedOperatingExpenses": 23935000000, "calculatedNetInterest": -511000000, "calculatedOtherIncome": -30000000, "calculatedIncomeNonControlling": -749000000, "calculatedEbitda": -17598000000}, {"date": "2014-12-31", "symbol": "DVN", "reportedCurrency": "USD", "cik": "0001090012", "fillingDate": "2015-02-20", "acceptedDate": "2015-02-20 17:03:04", "calendarYear": "2014", "period": "FY", "revenue": 19566000000, "costOfRevenue": 10669000000, "grossProfit": 8897000000, "grossProfitRatio": 0.4547173669, "researchAndDevelopmentExpenses": 0, "generalAndAdministrativeExpenses": 847000000, "sellingAndMarketingExpenses": 6815000000, "sellingGeneralAndAdministrativeExpenses": 847000000, "otherExpenses": -113000000, "operatingExpenses": 3272000000, "costAndExpenses": 13941000000, "interestIncome": 10000000, "interestExpense": 526000000, "depreciationAndAmortization": 3319000000, "ebitda": 9871000000, "ebitdaratio": 0.5044975979, "operatingIncome": 4698000000, "operatingIncomeRatio": 0.2401103956, "totalOtherIncomeExpensesNet": -1040000000, "incomeBeforeTax": 4059000000, "incomeBeforeTaxRatio": 0.2074517019, "incomeTaxExpense": 2368000000, "netIncome": 1607000000, "netIncomeRatio": 0.0821322703, "eps": 3.93, "epsdiluted": 3.91, "weightedAverageShsOut": 409000000, "weightedAverageShsOutDil": 411000000, "link": "https://www.sec.gov/Archives/edgar/data/1090012/000119312515056497/0001193125-15-056497-index.htm", "finalLink": "https://www.sec.gov/Archives/edgar/data/1090012/000119312515056497/d859923d10k.htm", "calculatedOtherExpenses": 3352000000, "calculatedOperatingExpenses": 4199000000, "calculatedNetInterest": -516000000, "calculatedOtherIncome": -123000000, "calculatedIncomeNonControlling": 84000000, "calculatedEbitda": 8017000000}, {"date": "2013-12-31", "symbol": "DVN", "reportedCurrency": "USD", "cik": "0001090012", "fillingDate": "2014-02-28", "acceptedDate": "2014-02-28 13:43:31", "calendarYear": "2013", "period": "FY", "revenue": 10397000000, "costOfRevenue": 4794000000, "grossProfit": 5603000000, "grossProfitRatio": 0.5389054535, "researchAndDevelopmentExpenses": 0, "generalAndAdministrativeExpenses": 617000000, "sellingAndMarketingExpenses": 1553000000, "sellingGeneralAndAdministrativeExpenses": 617000000, "otherExpenses": -1000000, "operatingExpenses": 3006000000, "costAndExpenses": 7800000000, "interestIncome": 20000000, "interestExpense": 417000000, "depreciationAndAmortization": 2780000000, "ebitda": 7407000000, "ebitdaratio": 0.7124170434, "operatingIncome": 621000000, "operatingIncomeRatio": 0.0597287679, "totalOtherIncomeExpensesNet": -2031000000, "incomeBeforeTax": 149000000, "incomeBeforeTaxRatio": 0.014331057, "incomeTaxExpense": 169000000, "netIncome": -20000000, "netIncomeRatio": -0.0019236318, "eps": -0.0493, "epsdiluted": -0.0493, "weightedAverageShsOut": 406000000, "weightedAverageShsOutDil": 406000000, "link": "https://www.sec.gov/Archives/edgar/data/1090012/000119312514076267/0001193125-14-076267-index.htm", "finalLink": "https://www.sec.gov/Archives/edgar/data/1090012/000119312514076267/d656849d10k.htm", "calculatedOtherExpenses": 4365000000, "calculatedOperatingExpenses": 4982000000, "calculatedNetInterest": -397000000, "calculatedOtherIncome": -75000000, "calculatedIncomeNonControlling": 0, "calculatedEbitda": 3401000000}, {"date": "2012-12-31", "symbol": "DVN", "reportedCurrency": "USD", "cik": "0001090012", "fillingDate": "2013-02-21", "acceptedDate": "2013-02-21 12:19:56", "calendarYear": "2012", "period": "FY", "revenue": 9502000000, "costOfRevenue": 4057000000, "grossProfit": 5445000000, "grossProfitRatio": 0.5730372553, "researchAndDevelopmentExpenses": 0, "generalAndAdministrativeExpenses": 692000000, "sellingAndMarketingExpenses": 1246000000, "sellingGeneralAndAdministrativeExpenses": 692000000, "otherExpenses": -78000000, "operatingExpenses": 3180000000, "costAndExpenses": 7237000000, "interestIncome": 36000000, "interestExpense": 406000000, "depreciationAndAmortization": 2811000000, "ebitda": 4998000000, "ebitdaratio": 0.5259945275, "operatingIncome": 2155000000, "operatingIncomeRatio": 0.2267943591, "totalOtherIncomeExpensesNet": -2176000000, "incomeBeforeTax": -317000000, "incomeBeforeTaxRatio": -0.0333613976, "incomeTaxExpense": -132000000, "netIncome": -206000000, "netIncomeRatio": -0.0216796464, "eps": -0.51, "epsdiluted": -0.51, "weightedAverageShsOut": 400000000, "weightedAverageShsOutDil": 404000000, "link": "https://www.sec.gov/Archives/edgar/data/1090012/000119312513068817/0001193125-13-068817-index.htm", "finalLink": "https://www.sec.gov/Archives/edgar/data/1090012/000119312513068817/d477194d10k.htm", "calculatedOtherExpenses": 2598000000, "calculatedOperatingExpenses": 3290000000, "calculatedNetInterest": -370000000, "calculatedOtherIncome": -2102000000, "calculatedIncomeNonControlling": 21000000, "calculatedEbitda": 4966000000}, {"date": "2011-12-31", "symbol": "DVN", "reportedCurrency": "USD", "cik": "0001090012", "fillingDate": "2012-02-24", "acceptedDate": "2012-02-24 10:22:00", "calendarYear": "2011", "period": "FY", "revenue": 10573000000, "costOfRevenue": 3567000000, "grossProfit": 7006000000, "grossProfitRatio": 0.6626312305, "researchAndDevelopmentExpenses": 0, "generalAndAdministrativeExpenses": 585000000, "sellingAndMarketingExpenses": 2258000000, "sellingGeneralAndAdministrativeExpenses": 585000000, "otherExpenses": -92000000, "operatingExpenses": 3257000000, "costAndExpenses": 6824000000, "interestIncome": 21000000, "interestExpense": 352000000, "depreciationAndAmortization": 2248000000, "ebitda": 5997000000, "ebitdaratio": 0.5671994703, "operatingIncome": 4630000000, "operatingIncomeRatio": 0.4379078786, "totalOtherIncomeExpensesNet": 893000000, "incomeBeforeTax": 4290000000, "incomeBeforeTaxRatio": 0.4057504965, "incomeTaxExpense": 2156000000, "netIncome": 4704000000, "netIncomeRatio": 0.4449068382, "eps": 11.29, "epsdiluted": 11.25, "weightedAverageShsOut": 417000000, "weightedAverageShsOutDil": 418000000, "link": "https://www.sec.gov/Archives/edgar/data/1090012/000119312512077085/0001193125-12-077085-index.htm", "finalLink": "https://www.sec.gov/Archives/edgar/data/1090012/000119312512077085/d298761d10k.htm", "calculatedOtherExpenses": 1791000000, "calculatedOperatingExpenses": 2376000000, "calculatedNetInterest": -331000000, "calculatedOtherIncome": -9000000, "calculatedIncomeNonControlling": -2570000000, "calculatedEbitda": 6878000000}, {"date": "2010-12-31", "symbol": "DVN", "reportedCurrency": "USD", "cik": "0001090012", "fillingDate": "2011-02-25", "acceptedDate": "2011-02-25 14:34:36", "calendarYear": "2010", "period": "FY", "revenue": 9129000000, "costOfRevenue": 3046000000, "grossProfit": 6083000000, "grossProfitRatio": 0.6663380436, "researchAndDevelopmentExpenses": 0, "generalAndAdministrativeExpenses": 563000000, "sellingAndMarketingExpenses": 1867000000, "sellingGeneralAndAdministrativeExpenses": 563000000, "otherExpenses": -92000000, "operatingExpenses": 2965000000, "costAndExpenses": 6011000000, "interestIncome": 14000000, "interestExpense": 363000000, "depreciationAndAmortization": 1930000000, "ebitda": 5062000000, "ebitdaratio": 0.554496659, "operatingIncome": 4021000000, "operatingIncomeRatio": 0.4404644539, "totalOtherIncomeExpensesNet": 707000000, "incomeBeforeTax": 3568000000, "incomeBeforeTaxRatio": 0.3908423705, "incomeTaxExpense": 1235000000, "netIncome": 4550000000, "netIncomeRatio": 0.4984116552, "eps": 10.35, "epsdiluted": 10.31, "weightedAverageShsOut": 440000000, "weightedAverageShsOutDil": 441000000, "link": "https://www.sec.gov/Archives/edgar/data/1090012/000095012311018537/0000950123-11-018537-index.htm", "finalLink": "https://www.sec.gov/Archives/edgar/data/1090012/000095012311018537/d78726e10vk.htm", "calculatedOtherExpenses": 1499000000, "calculatedOperatingExpenses": 2062000000, "calculatedNetInterest": -349000000, "calculatedOtherIncome": -104000000, "calculatedIncomeNonControlling": -2217000000, "calculatedEbitda": 5951000000}, {"date": "2009-12-31", "symbol": "DVN", "reportedCurrency": "USD", "cik": "0001090012", "fillingDate": "2010-02-25", "acceptedDate": "2010-02-25 16:31:44", "calendarYear": "2009", "period": "FY", "revenue": 8015000000, "costOfRevenue": 2692000000, "grossProfit": 5323000000, "grossProfitRatio": 0.6641297567, "researchAndDevelopmentExpenses": 0, "generalAndAdministrativeExpenses": 648000000, "sellingAndMarketingExpenses": 1534000000, "sellingGeneralAndAdministrativeExpenses": 648000000, "otherExpenses": 8664000000, "operatingExpenses": 9395000000, "costAndExpenses": 12087000000, "interestIncome": 8000000, "interestExpense": 349000000, "depreciationAndAmortization": 2108000000, "ebitda": -1964000000, "ebitdaratio": -0.245040549, "operatingIncome": -3989000000, "operatingIncomeRatio": -0.4976918278, "totalOtherIncomeExpensesNet": -105000000, "incomeBeforeTax": -4526000000, "incomeBeforeTaxRatio": -0.564691204, "incomeTaxExpense": -1773000000, "netIncome": -2479000000, "netIncomeRatio": -0.3092950717, "eps": -5.58, "epsdiluted": -5.56, "weightedAverageShsOut": 444000000, "weightedAverageShsOutDil": 446000000, "link": "https://www.sec.gov/Archives/edgar/data/1090012/000095012310017093/0000950123-10-017093-index.htm", "finalLink": "https://www.sec.gov/Archives/edgar/data/1090012/000095012310017093/d71091e10vk.htm", "calculatedOtherExpenses": 8664000000, "calculatedOperatingExpenses": 9312000000, "calculatedNetInterest": -341000000, "calculatedOtherIncome": -196000000, "calculatedIncomeNonControlling": -274000000, "calculatedEbitda": -1881000000}, {"date": "2008-12-31", "symbol": "DVN", "reportedCurrency": "USD", "cik": "0001090012", "fillingDate": "2009-02-27", "acceptedDate": "2009-02-27 06:01:34", "calendarYear": "2008", "period": "FY", "revenue": 15211000000, "costOfRevenue": 3841000000, "grossProfit": 11370000000, "grossProfitRatio": 0.7474853724, "researchAndDevelopmentExpenses": 0, "generalAndAdministrativeExpenses": 653000000, "sellingAndMarketingExpenses": 2292000000, "sellingGeneralAndAdministrativeExpenses": 653000000, "otherExpenses": 4031000000, "operatingExpenses": 4684000000, "costAndExpenses": 8525000000, "interestIncome": 0, "interestExpense": 329000000, "depreciationAndAmortization": 3509000000, "ebitda": 31125000000, "ebitdaratio": 2.0462165538, "operatingIncome": -3779000000, "operatingIncomeRatio": -0.2484386299, "totalOtherIncomeExpensesNet": -20930000000, "incomeBeforeTax": -4033000000, "incomeBeforeTaxRatio": -0.2651370719, "incomeTaxExpense": -954000000, "netIncome": -2148000000, "netIncomeRatio": -0.1412135954, "eps": -4.89, "epsdiluted": -4.89, "weightedAverageShsOut": 439000000, "weightedAverageShsOutDil": 439000000, "link": "https://www.sec.gov/Archives/edgar/data/1090012/000095013409003904/0000950134-09-003904-index.htm", "finalLink": "https://www.sec.gov/Archives/edgar/data/1090012/000095013409003904/d66379e10vk.htm", "calculatedOtherExpenses": 14496000000, "calculatedOperatingExpenses": 15149000000, "calculatedNetInterest": -329000000, "calculatedOtherIncome": 75000000, "calculatedIncomeNonControlling": -931000000, "calculatedEbitda": -270000000}, {"date": "2007-12-31", "symbol": "DVN", "reportedCurrency": "USD", "cik": "0001090012", "fillingDate": "2008-02-28", "acceptedDate": "2008-02-28 13:45:52", "calendarYear": "2007", "period": "FY", "revenue": 11362000000, "costOfRevenue": 3055000000, "grossProfit": 8307000000, "grossProfitRatio": 0.7311212815, "researchAndDevelopmentExpenses": 0, "generalAndAdministrativeExpenses": 513000000, "sellingAndMarketingExpenses": 1736000000, "sellingGeneralAndAdministrativeExpenses": 513000000, "otherExpenses": 3198000000, "operatingExpenses": 3711000000, "costAndExpenses": 6766000000, "interestIncome": 0, "interestExpense": 430000000, "depreciationAndAmortization": 2858000000, "ebitda": 7559000000, "ebitdaratio": 0.6652878014, "operatingIncome": 4522000000, "operatingIncomeRatio": 0.397993311, "totalOtherIncomeExpensesNet": -105000000, "incomeBeforeTax": 4224000000, "incomeBeforeTaxRatio": 0.3717655342, "incomeTaxExpense": 1078000000, "netIncome": 3606000000, "netIncomeRatio": 0.3173737018, "eps": 8.08, "epsdiluted": 8, "weightedAverageShsOut": 445000000, "weightedAverageShsOutDil": 450000000, "link": "https://www.sec.gov/Archives/edgar/data/1090012/000095013408003698/0000950134-08-003698-index.htm", "finalLink": "https://www.sec.gov/Archives/edgar/data/1090012/000095013408003698/d54280e10vk.htm", "calculatedOtherExpenses": 3272000000, "calculatedOperatingExpenses": 3785000000, "calculatedNetInterest": -430000000, "calculatedOtherIncome": 132000000, "calculatedIncomeNonControlling": -460000000, "calculatedEbitda": 7380000000}, {"date": "2006-12-31", "symbol": "DVN", "reportedCurrency": "USD", "cik": "0001090012", "fillingDate": "2007-02-28", "acceptedDate": "2007-02-28 16:06:24", "calendarYear": "2006", "period": "FY", "revenue": 10578000000, "costOfRevenue": 2732000000, "grossProfit": 7846000000, "grossProfitRatio": 0.741728115, "researchAndDevelopmentExpenses": 0, "generalAndAdministrativeExpenses": 397000000, "sellingAndMarketingExpenses": 1692000000, "sellingGeneralAndAdministrativeExpenses": 397000000, "otherExpenses": 2783000000, "operatingExpenses": 3180000000, "costAndExpenses": 5912000000, "interestIncome": 0, "interestExpense": 421000000, "depreciationAndAmortization": 2442000000, "ebitda": 7611000000, "ebitdaratio": 0.7195121951, "operatingIncome": 4496000000, "operatingIncomeRatio": 0.4250330875, "totalOtherIncomeExpensesNet": -503000000, "incomeBeforeTax": 4012000000, "incomeBeforeTaxRatio": 0.3792777463, "incomeTaxExpense": 1189000000, "netIncome": 2846000000, "netIncomeRatio": 0.2690489696, "eps": 6.42, "epsdiluted": 6.34, "weightedAverageShsOut": 442000000, "weightedAverageShsOutDil": 448000000, "link": "https://www.sec.gov/Archives/edgar/data/1090012/000095013407004377/0000950134-07-004377-index.htm", "finalLink": "https://www.sec.gov/Archives/edgar/data/1090012/000095013407004377/d43782e10vk.htm", "calculatedOtherExpenses": 2953000000, "calculatedOperatingExpenses": 3350000000, "calculatedNetInterest": -421000000, "calculatedOtherIncome": -63000000, "calculatedIncomeNonControlling": -23000000, "calculatedEbitda": 6938000000}, {"date": "2005-12-31", "symbol": "DVN", "reportedCurrency": "USD", "cik": "0001090012", "fillingDate": "2006-03-03", "acceptedDate": "2006-03-03 15:07:59", "calendarYear": "2005", "period": "FY", "revenue": 10741000000, "costOfRevenue": 1345000000, "grossProfit": 9396000000, "grossProfitRatio": 0.8747788846, "researchAndDevelopmentExpenses": 0, "generalAndAdministrativeExpenses": 291000000, "sellingAndMarketingExpenses": 1792000000, "sellingGeneralAndAdministrativeExpenses": 1633000000, "otherExpenses": 2526000000, "operatingExpenses": 4159000000, "costAndExpenses": 5504000000, "interestIncome": 0, "interestExpense": 533000000, "depreciationAndAmortization": 2191000000, "ebitda": 7792000000, "ebitdaratio": 0.7254445582, "operatingIncome": 5025000000, "operatingIncomeRatio": 0.4678335351, "totalOtherIncomeExpensesNet": -364000000, "incomeBeforeTax": 4552000000, "incomeBeforeTaxRatio": 0.423796667, "incomeTaxExpense": 1622000000, "netIncome": 2930000000, "netIncomeRatio": 0.2727865189, "eps": 6.38, "epsdiluted": 6.26, "weightedAverageShsOut": 458000000, "weightedAverageShsOutDil": 470000000, "link": "https://www.sec.gov/Archives/edgar/data/1090012/000095013406004215/0000950134-06-004215-index.htm", "finalLink": "https://www.sec.gov/Archives/edgar/data/1090012/000095013406004215/d33154e10vk.htm", "calculatedOtherExpenses": 2738000000, "calculatedOperatingExpenses": 4371000000, "calculatedNetInterest": -533000000, "calculatedOtherIncome": 60000000, "calculatedIncomeNonControlling": 0, "calculatedEbitda": 7216000000}, {"date": "2004-12-31", "symbol": "DVN", "reportedCurrency": "USD", "cik": "0001090012", "fillingDate": "2005-03-09", "acceptedDate": "2005-03-08 17:48:28", "calendarYear": "2004", "period": "FY", "revenue": 9189000000, "costOfRevenue": 1280000000, "grossProfit": 7909000000, "grossProfitRatio": 0.8607030145, "researchAndDevelopmentExpenses": 0, "generalAndAdministrativeExpenses": 277000000, "sellingAndMarketingExpenses": 1701000000, "sellingGeneralAndAdministrativeExpenses": 1616000000, "otherExpenses": 2545000000, "operatingExpenses": 4161000000, "costAndExpenses": 5441000000, "interestIncome": 0, "interestExpense": -475000000, "depreciationAndAmortization": 2290000000, "ebitda": 6018000000, "ebitdaratio": 0.6549134835, "operatingIncome": 3748000000, "operatingIncomeRatio": 0.4078789857, "totalOtherIncomeExpensesNet": 20000000, "incomeBeforeTax": 3293000000, "incomeBeforeTaxRatio": 0.3583632604, "incomeTaxExpense": 1107000000, "netIncome": 2186000000, "netIncomeRatio": 0.2378931331, "eps": 4.51, "epsdiluted": 4.38, "weightedAverageShsOut": 482000000, "weightedAverageShsOutDil": 499000000, "link": "https://www.sec.gov/Archives/edgar/data/1090012/000095013405004427/0000950134-05-004427-index.htm", "finalLink": "https://www.sec.gov/Archives/edgar/data/1090012/000095013405004427/d22843e10vk.htm", "calculatedOtherExpenses": 2545000000, "calculatedOperatingExpenses": 4161000000, "calculatedNetInterest": 475000000, "calculatedOtherIncome": -930000000, "calculatedIncomeNonControlling": 0, "calculatedEbitda": 6038000000}, {"date": "2003-12-31", "symbol": "DVN", "reportedCurrency": "USD", "cik": "0001090012", "fillingDate": "2004-03-05", "acceptedDate": "2004-03-05 17:23:44", "calendarYear": "2003", "period": "FY", "revenue": 7352000000, "costOfRevenue": 1078000000, "grossProfit": 6274000000, "grossProfitRatio": 0.8533732318, "researchAndDevelopmentExpenses": 0, "generalAndAdministrativeExpenses": 307000000, "sellingAndMarketingExpenses": 1460000000, "sellingGeneralAndAdministrativeExpenses": 1481000000, "otherExpenses": 1997000000, "operatingExpenses": 3478000000, "costAndExpenses": 4556000000, "interestIncome": 0, "interestExpense": -502000000, "depreciationAndAmortization": 1793000000, "ebitda": 4636000000, "ebitdaratio": 0.6305767138, "operatingIncome": 2789000000, "operatingIncomeRatio": 0.3793525571, "totalOtherIncomeExpensesNet": -47000000, "incomeBeforeTax": 2245000000, "incomeBeforeTaxRatio": 0.305359086, "incomeTaxExpense": 514000000, "netIncome": 1747000000, "netIncomeRatio": 0.2376224157, "eps": 4.16, "epsdiluted": 4.04, "weightedAverageShsOut": 417000000, "weightedAverageShsOutDil": 433000000, "link": "https://www.sec.gov/Archives/edgar/data/1090012/000095013404003010/0000950134-04-003010-index.htm", "finalLink": "https://www.sec.gov/Archives/edgar/data/1090012/000095013404003010/d13125e10vk.htm", "calculatedOtherExpenses": 2004000000, "calculatedOperatingExpenses": 3485000000, "calculatedNetInterest": 502000000, "calculatedOtherIncome": -1046000000, "calculatedIncomeNonControlling": -16000000, "calculatedEbitda": 4582000000}, {"date": "2002-12-31", "symbol": "DVN", "reportedCurrency": "USD", "cik": "0001090012", "fillingDate": "2003-03-07", "acceptedDate": "2003-03-07 13:14:35", "calendarYear": "2002", "period": "FY", "revenue": 4316000000, "costOfRevenue": 775000000, "grossProfit": 3541000000, "grossProfitRatio": 0.8204355885, "researchAndDevelopmentExpenses": 0, "generalAndAdministrativeExpenses": 0, "sellingAndMarketingExpenses": 0, "sellingGeneralAndAdministrativeExpenses": 1027000000, "otherExpenses": 1322000000, "operatingExpenses": 2349000000, "costAndExpenses": 3124000000, "interestIncome": 0, "interestExpense": 0, "depreciationAndAmortization": 1211000000, "ebitda": 4023000000, "ebitdaratio": 0.9321130677, "operatingIncome": 365000000, "operatingIncomeRatio": 0.0845690454, "totalOtherIncomeExpensesNet": -1620000000, "incomeBeforeTax": -134000000, "incomeBeforeTaxRatio": -0.031047266, "incomeTaxExpense": -193000000, "netIncome": 104000000, "netIncomeRatio": 0.0240963855, "eps": 0.31, "epsdiluted": 0.31, "weightedAverageShsOut": 310000000, "weightedAverageShsOutDil": 312000000, "link": "https://www.sec.gov/Archives/edgar/data/1090012/000095013403003538/0000950134-03-003538-index.htm", "finalLink": "https://www.sec.gov/Archives/edgar/data/1090012/000095013403003538/d03660e10vk.txt", "calculatedOtherExpenses": 2149000000, "calculatedOperatingExpenses": 3176000000, "calculatedNetInterest": 0, "calculatedOtherIncome": -499000000, "calculatedIncomeNonControlling": -45000000, "calculatedEbitda": 1576000000}, {"date": "2001-12-31", "symbol": "DVN", "reportedCurrency": "USD", "cik": "0001090012", "fillingDate": "2002-03-19", "acceptedDate": "2002-03-19 00:00:00", "calendarYear": "2001", "period": "FY", "revenue": 3075000000, "costOfRevenue": 614000000, "grossProfit": 2461000000, "grossProfitRatio": 0.8003252033, "researchAndDevelopmentExpenses": 0, "generalAndAdministrativeExpenses": 111000000, "sellingAndMarketingExpenses": 0, "sellingGeneralAndAdministrativeExpenses": 111000000, "otherExpenses": 1027000000, "operatingExpenses": 1138000000, "costAndExpenses": 1752000000, "interestIncome": 0, "interestExpense": 0, "depreciationAndAmortization": 936000000, "ebitda": 4296000000, "ebitdaratio": 1.3970731707, "operatingIncome": 304000000, "operatingIncomeRatio": 0.0988617886, "totalOtherIncomeExpensesNet": -2037000000, "incomeBeforeTax": 84000000, "incomeBeforeTaxRatio": 0.0273170732, "incomeTaxExpense": 30000000, "netIncome": 103000000, "netIncomeRatio": 0.033495935, "eps": 0.37, "epsdiluted": 0.36, "weightedAverageShsOut": 256000000, "weightedAverageShsOutDil": 260000000, "link": "https://www.sec.gov/Archives/edgar/data/1090012/000095013402002253/0000950134-02-002253-index.htm", "finalLink": "https://www.sec.gov/Archives/edgar/data/1090012/000095013402002253/d95009e10-k405.txt", "calculatedOtherExpenses": 2046000000, "calculatedOperatingExpenses": 2157000000, "calculatedNetInterest": 0, "calculatedOtherIncome": -220000000, "calculatedIncomeNonControlling": -49000000, "calculatedEbitda": 1240000000}, {"date": "2000-12-31", "symbol": "DVN", "reportedCurrency": "USD", "cik": "0001090012", "fillingDate": "2001-03-15", "acceptedDate": "2001-03-15 00:00:00", "calendarYear": "2000", "period": "FY", "revenue": 2784103000, "costOfRevenue": 494089000, "grossProfit": 2290014000, "grossProfitRatio": 0.8225320687, "researchAndDevelopmentExpenses": 0, "generalAndAdministrativeExpenses": 93008000, "sellingAndMarketingExpenses": 0, "sellingGeneralAndAdministrativeExpenses": 93008000, "otherExpenses": 837916000, "operatingExpenses": 930924000, "costAndExpenses": 1425013000, "interestIncome": 0, "interestExpense": 0, "depreciationAndAmortization": 734672000, "ebitda": 2219324000, "ebitdaratio": 0.7971414851, "operatingIncome": 1296309000, "operatingIncomeRatio": 0.4656110065, "totalOtherIncomeExpensesNet": -125562000, "incomeBeforeTax": 1141980000, "incomeBeforeTaxRatio": 0.4101787901, "incomeTaxExpense": 411638000, "netIncome": 730342000, "netIncomeRatio": 0.2623257832, "eps": 2.83, "epsdiluted": 2.75, "weightedAverageShsOut": 254000000, "weightedAverageShsOutDil": 264000000, "link": "https://www.sec.gov/Archives/edgar/data/1090012/000095013401002183/0000950134-01-002183-index.htm", "finalLink": "https://www.sec.gov/Archives/edgar/data/1090012/000095013401002183/d84811e10-k405.txt", "calculatedOtherExpenses": 900697000, "calculatedOperatingExpenses": 993705000, "calculatedNetInterest": 0, "calculatedOtherIncome": -154329000, "calculatedIncomeNonControlling": 0, "calculatedEbitda": 2030981000}, {"date": "1999-12-31", "symbol": "DVN", "reportedCurrency": "USD", "cik": "0001090012", "fillingDate": "2000-03-30", "acceptedDate": "2000-03-29 21:32:00", "calendarYear": "1999", "period": "FY", "revenue": 715500000, "costOfRevenue": 168100000, "grossProfit": 547400000, "grossProfitRatio": 0.765059399, "researchAndDevelopmentExpenses": 0, "generalAndAdministrativeExpenses": 53800000, "sellingAndMarketingExpenses": 0, "sellingGeneralAndAdministrativeExpenses": 53800000, "otherExpenses": 292200000, "operatingExpenses": 346000000, "costAndExpenses": 514100000, "interestIncome": 0, "interestExpense": 0, "depreciationAndAmortization": 269100000, "ebitda": 438300000, "ebitdaratio": 0.6125786164, "operatingIncome": 201400000, "operatingIncomeRatio": 0.2814814815, "totalOtherIncomeExpensesNet": 32200000, "incomeBeforeTax": 159800000, "incomeBeforeTaxRatio": 0.2233403215, "incomeTaxExpense": 65200000, "netIncome": 94600000, "netIncomeRatio": 0.1322152341, "eps": -0.84, "epsdiluted": -0.84, "weightedAverageShsOut": 188000000, "weightedAverageShsOutDil": 198000000, "link": "https://www.sec.gov/Archives/edgar/data/1090012/000095013400002693/0000950134-00-002693-index.htm", "finalLink": "https://www.sec.gov/Archives/edgar/data/1090012/000095013400002693/", "calculatedOtherExpenses": 292200000, "calculatedOperatingExpenses": 346000000, "calculatedNetInterest": 0, "calculatedOtherIncome": -41600000, "calculatedIncomeNonControlling": 0, "calculatedEbitda": 470500000}, {"date": "1998-12-31", "symbol": "DVN", "reportedCurrency": "USD", "cik": "0001090012", "fillingDate": "1998-12-31", "acceptedDate": "1998-12-30 19:00:00", "calendarYear": "1998", "period": "FY", "revenue": 369700000, "costOfRevenue": 113500000, "grossProfit": 256200000, "grossProfitRatio": 0.6929943197, "researchAndDevelopmentExpenses": 0, "generalAndAdministrativeExpenses": 0, "sellingAndMarketingExpenses": 0, "sellingGeneralAndAdministrativeExpenses": 23600000, "otherExpenses": 137700000, "operatingExpenses": 161300000, "costAndExpenses": 274800000, "interestIncome": 0, "interestExpense": 0, "depreciationAndAmortization": 123800000, "ebitda": 370100000, "ebitdaratio": 1.0010819583, "operatingIncome": 81800000, "operatingIncomeRatio": 0.2212604815, "totalOtherIncomeExpensesNet": -151400000, "incomeBeforeTax": -75800000, "incomeBeforeTaxRatio": -0.2050311063, "incomeTaxExpense": -15500000, "netIncome": -60300000, "netIncomeRatio": -0.1631052204, "eps": -0.93, "epsdiluted": -0.93, "weightedAverageShsOut": 64653465, "weightedAverageShsOutDil": 64653465, "link": "", "finalLink": "", "calculatedOtherExpenses": 150800000, "calculatedOperatingExpenses": 174400000, "calculatedNetInterest": 0, "calculatedOtherIncome": -157600000, "calculatedIncomeNonControlling": 0, "calculatedEbitda": 205600000}, {"date": "1997-12-31", "symbol": "DVN", "reportedCurrency": "USD", "cik": "0001090012", "fillingDate": "1997-12-31", "acceptedDate": "1997-12-30 19:00:00", "calendarYear": "1997", "period": "FY", "revenue": 313100000, "costOfRevenue": 65700000, "grossProfit": 247400000, "grossProfitRatio": 0.7901628873, "researchAndDevelopmentExpenses": 0, "generalAndAdministrativeExpenses": 0, "sellingAndMarketingExpenses": 0, "sellingGeneralAndAdministrativeExpenses": 12900000, "otherExpenses": 103200000, "operatingExpenses": 116100000, "costAndExpenses": 181800000, "interestIncome": 0, "interestExpense": 0, "depreciationAndAmortization": 85300000, "ebitda": 216600000, "ebitdaratio": 0.6917917598, "operatingIncome": 131300000, "operatingIncomeRatio": 0.4193548387, "totalOtherIncomeExpensesNet": -10000000, "incomeBeforeTax": 121300000, "incomeBeforeTaxRatio": 0.387416161, "incomeTaxExpense": 46000000, "netIncome": 75300000, "netIncomeRatio": 0.2404982434, "eps": -3.19, "epsdiluted": -3.19, "weightedAverageShsOut": 64457143, "weightedAverageShsOutDil": 69629630, "link": "", "finalLink": "", "calculatedOtherExpenses": 103200000, "calculatedOperatingExpenses": 116100000, "calculatedNetInterest": 0, "calculatedOtherIncome": -10000000, "calculatedIncomeNonControlling": 0, "calculatedEbitda": 216600000}, {"date": "1996-12-31", "symbol": "DVN", "reportedCurrency": "USD", "cik": "0001090012", "fillingDate": "1996-12-31", "acceptedDate": "1996-12-30 19:00:00", "calendarYear": "1996", "period": "FY", "revenue": 162600000, "costOfRevenue": 31600000, "grossProfit": 131000000, "grossProfitRatio": 0.8056580566, "researchAndDevelopmentExpenses": 0, "generalAndAdministrativeExpenses": 0, "sellingAndMarketingExpenses": 0, "sellingGeneralAndAdministrativeExpenses": 9100000, "otherExpenses": 54100000, "operatingExpenses": 63200000, "costAndExpenses": 94800000, "interestIncome": 0, "interestExpense": 0, "depreciationAndAmortization": 43400000, "ebitda": 114500000, "ebitdaratio": 0.7041820418, "operatingIncome": 67800000, "operatingIncomeRatio": 0.4169741697, "totalOtherIncomeExpensesNet": -3300000, "incomeBeforeTax": 59300000, "incomeBeforeTaxRatio": 0.364698647, "incomeTaxExpense": 24500000, "netIncome": 34800000, "netIncomeRatio": 0.2140221402, "eps": 1.03, "epsdiluted": 1, "weightedAverageShsOut": 43956044, "weightedAverageShsOutDil": 43956044, "link": "", "finalLink": "", "calculatedOtherExpenses": 54100000, "calculatedOperatingExpenses": 63200000, "calculatedNetInterest": 0, "calculatedOtherIncome": -8500000, "calculatedIncomeNonControlling": 0, "calculatedEbitda": 111200000}, {"date": "1995-12-31", "symbol": "DVN", "reportedCurrency": "USD", "cik": "0001090012", "fillingDate": "1995-12-31", "acceptedDate": "1995-12-30 19:00:00", "calendarYear": "1995", "period": "FY", "revenue": 113300000, "costOfRevenue": 27300000, "grossProfit": 86000000, "grossProfitRatio": 0.7590467785, "researchAndDevelopmentExpenses": 0, "generalAndAdministrativeExpenses": 0, "sellingAndMarketingExpenses": 0, "sellingGeneralAndAdministrativeExpenses": 8400000, "otherExpenses": 44900000, "operatingExpenses": 53300000, "costAndExpenses": 80600000, "interestIncome": 0, "interestExpense": 0, "depreciationAndAmortization": 38100000, "ebitda": 70800000, "ebitdaratio": 0.6248896734, "operatingIncome": 32700000, "operatingIncomeRatio": 0.2886142983, "totalOtherIncomeExpensesNet": -7100000, "incomeBeforeTax": 25600000, "incomeBeforeTaxRatio": 0.2259488085, "incomeTaxExpense": 11100000, "netIncome": 14500000, "netIncomeRatio": 0.1279788173, "eps": 0.33, "epsdiluted": 0.33, "weightedAverageShsOut": 43939394, "weightedAverageShsOutDil": 44615385, "link": "", "finalLink": "", "calculatedOtherExpenses": 44900000, "calculatedOperatingExpenses": 53300000, "calculatedNetInterest": 0, "calculatedOtherIncome": -7100000, "calculatedIncomeNonControlling": 0, "calculatedEbitda": 70800000}, {"date": "1994-12-31", "symbol": "DVN", "reportedCurrency": "USD", "cik": "0001090012", "fillingDate": "1994-12-31", "acceptedDate": "1994-12-30 19:00:00", "calendarYear": "1994", "period": "FY", "revenue": 100800000, "costOfRevenue": 31400000, "grossProfit": 69400000, "grossProfitRatio": 0.6884920635, "researchAndDevelopmentExpenses": 0, "generalAndAdministrativeExpenses": 0, "sellingAndMarketingExpenses": 0, "sellingGeneralAndAdministrativeExpenses": 8400000, "otherExpenses": 34100000, "operatingExpenses": 42500000, "costAndExpenses": 73900000, "interestIncome": 0, "interestExpense": 0, "depreciationAndAmortization": 34100000, "ebitda": 61000000, "ebitdaratio": 0.6051587302, "operatingIncome": 26900000, "operatingIncomeRatio": 0.2668650794, "totalOtherIncomeExpensesNet": -5600000, "incomeBeforeTax": 21300000, "incomeBeforeTaxRatio": 0.2113095238, "incomeTaxExpense": 7600000, "netIncome": 13700000, "netIncomeRatio": 0.1359126984, "eps": 0.32, "epsdiluted": 0.32, "weightedAverageShsOut": 42812500, "weightedAverageShsOutDil": 43492063, "link": "", "finalLink": "", "calculatedOtherExpenses": 34100000, "calculatedOperatingExpenses": 42500000, "calculatedNetInterest": 0, "calculatedOtherIncome": -5600000, "calculatedIncomeNonControlling": 0, "calculatedEbitda": 61000000}, {"date": "1993-12-31", "symbol": "DVN", "reportedCurrency": "USD", "cik": "0001090012", "fillingDate": "1993-12-31", "acceptedDate": "1993-12-30 19:00:00", "calendarYear": "1993", "period": "FY", "revenue": 98800000, "costOfRevenue": 33300000, "grossProfit": 65500000, "grossProfitRatio": 0.6629554656, "researchAndDevelopmentExpenses": 0, "generalAndAdministrativeExpenses": 0, "sellingAndMarketingExpenses": 0, "sellingGeneralAndAdministrativeExpenses": 7600000, "otherExpenses": 28400000, "operatingExpenses": 36000000, "costAndExpenses": 69300000, "interestIncome": 0, "interestExpense": 0, "depreciationAndAmortization": 28400000, "ebitda": 57900000, "ebitdaratio": 0.5860323887, "operatingIncome": 29500000, "operatingIncomeRatio": 0.298582996, "totalOtherIncomeExpensesNet": -3500000, "incomeBeforeTax": 26000000, "incomeBeforeTaxRatio": 0.2631578947, "incomeTaxExpense": 6800000, "netIncome": 20500000, "netIncomeRatio": 0.2074898785, "eps": 0.52, "epsdiluted": 0.52, "weightedAverageShsOut": 39423077, "weightedAverageShsOutDil": 39423077, "link": "", "finalLink": "", "calculatedOtherExpenses": 28400000, "calculatedOperatingExpenses": 36000000, "calculatedNetInterest": 0, "calculatedOtherIncome": -3500000, "calculatedIncomeNonControlling": -1300000, "calculatedEbitda": 57900000}, {"date": "1992-12-31", "symbol": "DVN", "reportedCurrency": "USD", "cik": "0001090012", "fillingDate": "1992-12-31", "acceptedDate": "1992-12-30 19:00:00", "calendarYear": "1992", "period": "FY", "revenue": 68700000, "costOfRevenue": 23000000, "grossProfit": 45700000, "grossProfitRatio": 0.6652110626, "researchAndDevelopmentExpenses": 0, "generalAndAdministrativeExpenses": 0, "sellingAndMarketingExpenses": 0, "sellingGeneralAndAdministrativeExpenses": 6500000, "otherExpenses": 19900000, "operatingExpenses": 26400000, "costAndExpenses": 49400000, "interestIncome": 0, "interestExpense": 0, "depreciationAndAmortization": 19900000, "ebitda": 36300000, "ebitdaratio": 0.5283842795, "operatingIncome": 19300000, "operatingIncomeRatio": 0.2809315866, "totalOtherIncomeExpensesNet": 2900000, "incomeBeforeTax": 19500000, "incomeBeforeTaxRatio": 0.2838427948, "incomeTaxExpense": 4900000, "netIncome": 14600000, "netIncomeRatio": 0.2125181951, "eps": 0.47, "epsdiluted": 0.45, "weightedAverageShsOut": 30416667, "weightedAverageShsOutDil": 30416667, "link": "", "finalLink": "", "calculatedOtherExpenses": 19900000, "calculatedOperatingExpenses": 26400000, "calculatedNetInterest": 0, "calculatedOtherIncome": 200000, "calculatedIncomeNonControlling": 0, "calculatedEbitda": 39200000}, {"date": "1991-12-31", "symbol": "DVN", "reportedCurrency": "USD", "cik": "0001090012", "fillingDate": "1991-12-31", "acceptedDate": "1991-12-30 19:00:00", "calendarYear": "1991", "period": "FY", "revenue": 28500000, "costOfRevenue": 10600000, "grossProfit": 17900000, "grossProfitRatio": 0.6280701754, "researchAndDevelopmentExpenses": 0, "generalAndAdministrativeExpenses": 0, "sellingAndMarketingExpenses": 0, "sellingGeneralAndAdministrativeExpenses": 30800000, "otherExpenses": 7800000, "operatingExpenses": 38600000, "costAndExpenses": 49200000, "interestIncome": 0, "interestExpense": 0, "depreciationAndAmortization": 7800000, "ebitda": -14700000, "ebitdaratio": -0.5157894737, "operatingIncome": -20700000, "operatingIncomeRatio": -0.7263157895, "totalOtherIncomeExpensesNet": 1800000, "incomeBeforeTax": -21100000, "incomeBeforeTaxRatio": -0.7403508772, "incomeTaxExpense": -6100000, "netIncome": -15000000, "netIncomeRatio": -0.5263157895, "eps": -0.86, "epsdiluted": -0.86, "weightedAverageShsOut": 17386935, "weightedAverageShsOutDil": 17386935, "link": "", "finalLink": "", "calculatedOtherExpenses": 7800000, "calculatedOperatingExpenses": 38600000, "calculatedNetInterest": 0, "calculatedOtherIncome": -400000, "calculatedIncomeNonControlling": 0, "calculatedEbitda": -12900000}, {"date": "1990-12-31", "symbol": "DVN", "reportedCurrency": "USD", "cik": "0001090012", "fillingDate": "1990-12-31", "acceptedDate": "1990-12-30 19:00:00", "calendarYear": "1990", "period": "FY", "revenue": 29600000, "costOfRevenue": 12000000, "grossProfit": 17600000, "grossProfitRatio": 0.5945945946, "researchAndDevelopmentExpenses": 0, "generalAndAdministrativeExpenses": 0, "sellingAndMarketingExpenses": 0, "sellingGeneralAndAdministrativeExpenses": 4900000, "otherExpenses": 8000000, "operatingExpenses": 12900000, "costAndExpenses": 24900000, "interestIncome": 0, "interestExpense": 0, "depreciationAndAmortization": 8000000, "ebitda": 11400000, "ebitdaratio": 0.3851351351, "operatingIncome": 4700000, "operatingIncomeRatio": 0.1587837838, "totalOtherIncomeExpensesNet": 1300000, "incomeBeforeTax": 4100000, "incomeBeforeTaxRatio": 0.1385135135, "incomeTaxExpense": 1500000, "netIncome": 2600000, "netIncomeRatio": 0.0878378378, "eps": 0.015, "epsdiluted": 0.015, "weightedAverageShsOut": 17358000, "weightedAverageShsOutDil": 17358000, "link": "", "finalLink": "", "calculatedOtherExpenses": 8000000, "calculatedOperatingExpenses": 12900000, "calculatedNetInterest": 0, "calculatedOtherIncome": -600000, "calculatedIncomeNonControlling": 0, "calculatedEbitda": 12700000}, {"date": "1989-12-31", "symbol": "DVN", "reportedCurrency": "USD", "cik": "0001090012", "fillingDate": "1989-12-31", "acceptedDate": "1989-12-30 19:00:00", "calendarYear": "1989", "period": "FY", "revenue": 26300000, "costOfRevenue": 11800000, "grossProfit": 14500000, "grossProfitRatio": 0.5513307985, "researchAndDevelopmentExpenses": 0, "generalAndAdministrativeExpenses": 0, "sellingAndMarketingExpenses": 0, "sellingGeneralAndAdministrativeExpenses": 6100000, "otherExpenses": 7300000, "operatingExpenses": 13400000, "costAndExpenses": 25200000, "interestIncome": 0, "interestExpense": 0, "depreciationAndAmortization": 7300000, "ebitda": 5900000, "ebitdaratio": 0.2243346008, "operatingIncome": 1100000, "operatingIncomeRatio": 0.0418250951, "totalOtherIncomeExpensesNet": 2500000, "incomeBeforeTax": 1400000, "incomeBeforeTaxRatio": 0.0532319392, "incomeTaxExpense": 500000, "netIncome": 900000, "netIncomeRatio": 0.0342205323, "eps": 0.005, "epsdiluted": 0.005, "weightedAverageShsOut": 20000000, "weightedAverageShsOutDil": 20000000, "link": "", "finalLink": "", "calculatedOtherExpenses": 7300000, "calculatedOperatingExpenses": 13400000, "calculatedNetInterest": 0, "calculatedOtherIncome": 300000, "calculatedIncomeNonControlling": 0, "calculatedEbitda": 8400000}, {"date": "1988-12-31", "symbol": "DVN", "reportedCurrency": "USD", "cik": "0001090012", "fillingDate": "1988-12-31", "acceptedDate": "1988-12-30 19:00:00", "calendarYear": "1988", "period": "FY", "revenue": 18300000, "costOfRevenue": 8400000, "grossProfit": 9900000, "grossProfitRatio": 0.5409836066, "researchAndDevelopmentExpenses": 0, "generalAndAdministrativeExpenses": 0, "sellingAndMarketingExpenses": 0, "sellingGeneralAndAdministrativeExpenses": 3900000, "otherExpenses": 7400000, "operatingExpenses": 11300000, "costAndExpenses": 19700000, "interestIncome": 0, "interestExpense": 0, "depreciationAndAmortization": 7400000, "ebitda": 3100000, "ebitdaratio": 0.1693989071, "operatingIncome": -1400000, "operatingIncomeRatio": -0.0765027322, "totalOtherIncomeExpensesNet": 2900000, "incomeBeforeTax": -700000, "incomeBeforeTaxRatio": -0.0382513661, "incomeTaxExpense": -100000, "netIncome": -600000, "netIncomeRatio": -0.0327868852, "eps": -0.04, "epsdiluted": -0.04, "weightedAverageShsOut": 15000000, "weightedAverageShsOutDil": 15000000, "link": "", "finalLink": "", "calculatedOtherExpenses": 7400000, "calculatedOperatingExpenses": 11300000, "calculatedNetInterest": 0, "calculatedOtherIncome": 700000, "calculatedIncomeNonControlling": 0, "calculatedEbitda": 6000000}, {"date": "1987-12-31", "symbol": "DVN", "reportedCurrency": "USD", "cik": "0001090012", "fillingDate": "1987-12-31", "acceptedDate": "1987-12-30 19:00:00", "calendarYear": "1987", "period": "FY", "revenue": 15200000, "costOfRevenue": 5100000, "grossProfit": 10100000, "grossProfitRatio": 0.6644736842, "researchAndDevelopmentExpenses": 0, "generalAndAdministrativeExpenses": 0, "sellingAndMarketingExpenses": 0, "sellingGeneralAndAdministrativeExpenses": 4100000, "otherExpenses": 7700000, "operatingExpenses": 11800000, "costAndExpenses": 16900000, "interestIncome": 0, "interestExpense": 0, "depreciationAndAmortization": 7700000, "ebitda": 4400000, "ebitdaratio": 0.2894736842, "operatingIncome": -1700000, "operatingIncomeRatio": -0.1118421053, "totalOtherIncomeExpensesNet": 1600000, "incomeBeforeTax": -1300000, "incomeBeforeTaxRatio": -0.0855263158, "incomeTaxExpense": -200000, "netIncome": -1100000, "netIncomeRatio": -0.0723684211, "eps": -0.085, "epsdiluted": -0.085, "weightedAverageShsOut": 12941176, "weightedAverageShsOutDil": 12941176, "link": "", "finalLink": "", "calculatedOtherExpenses": 7700000, "calculatedOperatingExpenses": 11800000, "calculatedNetInterest": 0, "calculatedOtherIncome": 400000, "calculatedIncomeNonControlling": 0, "calculatedEbitda": 6000000}]}