{"originalCurrency": "USD", "convertedCurrency": "USD", "report": [{"date": "2024-03-31", "symbol": "DXC", "reportedCurrency": "USD", "cik": "0001688568", "fillingDate": "2024-05-17", "acceptedDate": "2024-05-16 21:06:54", "calendarYear": "2024", "period": "FY", "revenue": 13667000000, "costOfRevenue": 11980000000, "grossProfit": 1687000000, "grossProfitRatio": 0.1234360138, "researchAndDevelopmentExpenses": 0, "generalAndAdministrativeExpenses": 0, "sellingAndMarketingExpenses": 0, "sellingGeneralAndAdministrativeExpenses": 1244000000, "otherExpenses": 0, "operatingExpenses": 1244000000, "costAndExpenses": 13224000000, "interestIncome": -214000000, "interestExpense": 298000000, "depreciationAndAmortization": 1433000000, "ebitda": 1876000000, "ebitdaratio": 0.1372649448, "operatingIncome": 443000000, "operatingIncomeRatio": 0.0324138436, "totalOtherIncomeExpensesNet": -334000000, "incomeBeforeTax": 109000000, "incomeBeforeTaxRatio": 0.0079754152, "incomeTaxExpense": 23000000, "netIncome": 91000000, "netIncomeRatio": 0.0066583742, "eps": 0.46, "epsdiluted": 0.46, "weightedAverageShsOut": 195800000, "weightedAverageShsOutDil": 198780000, "link": "https://www.sec.gov/Archives/edgar/data/1688568/000168856824000032/0001688568-24-000032-index.htm", "finalLink": "https://www.sec.gov/Archives/edgar/data/1688568/000168856824000032/dxc-20240331.htm", "calculatedOtherExpenses": 0, "calculatedOperatingExpenses": 1244000000, "calculatedNetInterest": -512000000, "calculatedOtherIncome": 178000000, "calculatedIncomeNonControlling": -5000000, "calculatedEbitda": 1876000000}, {"date": "2023-03-31", "symbol": "DXC", "reportedCurrency": "USD", "cik": "0001688568", "fillingDate": "2023-05-19", "acceptedDate": "2023-05-18 20:14:16", "calendarYear": "2023", "period": "FY", "revenue": 14430000000, "costOfRevenue": 11246000000, "grossProfit": 3184000000, "grossProfitRatio": 0.2206514207, "researchAndDevelopmentExpenses": 0, "generalAndAdministrativeExpenses": 0, "sellingAndMarketingExpenses": 0, "sellingGeneralAndAdministrativeExpenses": 1375000000, "otherExpenses": 1519000000, "operatingExpenses": 2894000000, "costAndExpenses": 14140000000, "interestIncome": 135000000, "interestExpense": 200000000, "depreciationAndAmortization": 1551000000, "ebitda": 892000000, "ebitdaratio": 0.0618156618, "operatingIncome": -659000000, "operatingIncomeRatio": -0.0456687457, "totalOtherIncomeExpensesNet": -226000000, "incomeBeforeTax": -885000000, "incomeBeforeTaxRatio": -0.0613305613, "incomeTaxExpense": -319000000, "netIncome": -566000000, "netIncomeRatio": -0.0392238392, "eps": -2.47, "epsdiluted": -2.47, "weightedAverageShsOut": 228990000, "weightedAverageShsOutDil": 228990000, "link": "https://www.sec.gov/Archives/edgar/data/1688568/000168856823000030/0001688568-23-000030-index.htm", "finalLink": "https://www.sec.gov/Archives/edgar/data/1688568/000168856823000030/dxc-20230331.htm", "calculatedOtherExpenses": 2468000000, "calculatedOperatingExpenses": 3843000000, "calculatedNetInterest": -65000000, "calculatedOtherIncome": -161000000, "calculatedIncomeNonControlling": 0, "calculatedEbitda": 892000000}, {"date": "2022-03-31", "symbol": "DXC", "reportedCurrency": "USD", "cik": "0001688568", "fillingDate": "2022-05-26", "acceptedDate": "2022-05-25 21:13:49", "calendarYear": "2022", "period": "FY", "revenue": 16265000000, "costOfRevenue": 12683000000, "grossProfit": 3582000000, "grossProfitRatio": 0.2202274823, "researchAndDevelopmentExpenses": 0, "generalAndAdministrativeExpenses": 0, "sellingAndMarketingExpenses": 0, "sellingGeneralAndAdministrativeExpenses": 1408000000, "otherExpenses": 1717000000, "operatingExpenses": 3125000000, "costAndExpenses": 15808000000, "interestIncome": 65000000, "interestExpense": 204000000, "depreciationAndAmortization": 1742000000, "ebitda": 3345000000, "ebitdaratio": 0.2056563172, "operatingIncome": 1603000000, "operatingIncomeRatio": 0.0985551798, "totalOtherIncomeExpensesNet": -462000000, "incomeBeforeTax": 1141000000, "incomeBeforeTaxRatio": 0.0701506302, "incomeTaxExpense": 405000000, "netIncome": 718000000, "netIncomeRatio": 0.0441438672, "eps": 2.87, "epsdiluted": 2.81, "weightedAverageShsOut": 250020000, "weightedAverageShsOutDil": 255210000, "link": "https://www.sec.gov/Archives/edgar/data/1688568/000168856822000027/0001688568-22-000027-index.htm", "finalLink": "https://www.sec.gov/Archives/edgar/data/1688568/000168856822000027/dxc-20220331.htm", "calculatedOtherExpenses": 571000000, "calculatedOperatingExpenses": 1979000000, "calculatedNetInterest": -139000000, "calculatedOtherIncome": -323000000, "calculatedIncomeNonControlling": 18000000, "calculatedEbitda": 3345000000}, {"date": "2021-03-31", "symbol": "DXC", "reportedCurrency": "USD", "cik": "0001688568", "fillingDate": "2021-05-28", "acceptedDate": "2021-05-27 17:39:22", "calendarYear": "2021", "period": "FY", "revenue": 17729000000, "costOfRevenue": 14086000000, "grossProfit": 3643000000, "grossProfitRatio": 0.2054825427, "researchAndDevelopmentExpenses": 0, "generalAndAdministrativeExpenses": 0, "sellingAndMarketingExpenses": 0, "sellingGeneralAndAdministrativeExpenses": 2066000000, "otherExpenses": 1970000000, "operatingExpenses": 4036000000, "costAndExpenses": 18122000000, "interestIncome": 98000000, "interestExpense": 361000000, "depreciationAndAmortization": 1988000000, "ebitda": 1591000000, "ebitdaratio": 0.0897399741, "operatingIncome": -397000000, "operatingIncomeRatio": -0.0223926899, "totalOtherIncomeExpensesNet": 1051000000, "incomeBeforeTax": 654000000, "incomeBeforeTaxRatio": 0.0368887134, "incomeTaxExpense": 800000000, "netIncome": -146000000, "netIncomeRatio": -0.008235095, "eps": -0.57, "epsdiluted": -0.57, "weightedAverageShsOut": 254140000, "weightedAverageShsOutDil": 254140000, "link": "https://www.sec.gov/Archives/edgar/data/1688568/000168856821000029/0001688568-21-000029-index.htm", "finalLink": "https://www.sec.gov/Archives/edgar/data/1688568/000168856821000029/dxc-20210331.htm", "calculatedOtherExpenses": 1974000000, "calculatedOperatingExpenses": 4040000000, "calculatedNetInterest": -263000000, "calculatedOtherIncome": 1314000000, "calculatedIncomeNonControlling": 0, "calculatedEbitda": 1591000000}, {"date": "2020-03-31", "symbol": "DXC", "reportedCurrency": "USD", "cik": "0001688568", "fillingDate": "2020-06-01", "acceptedDate": "2020-06-01 17:00:46", "calendarYear": "2020", "period": "FY", "revenue": 19577000000, "costOfRevenue": 14901000000, "grossProfit": 4676000000, "grossProfitRatio": 0.2388517137, "researchAndDevelopmentExpenses": 0, "generalAndAdministrativeExpenses": 0, "sellingAndMarketingExpenses": 0, "sellingGeneralAndAdministrativeExpenses": 2050000000, "otherExpenses": 1942000000, "operatingExpenses": 3992000000, "costAndExpenses": 18893000000, "interestIncome": 165000000, "interestExpense": 383000000, "depreciationAndAmortization": 1960000000, "ebitda": 3529000000, "ebitdaratio": 0.180262553, "operatingIncome": 1569000000, "operatingIncomeRatio": 0.0801450682, "totalOtherIncomeExpensesNet": -6797000000, "incomeBeforeTax": -5228000000, "incomeBeforeTaxRatio": -0.2670480666, "incomeTaxExpense": 130000000, "netIncome": -5358000000, "netIncomeRatio": -0.273688512, "eps": -20.72, "epsdiluted": -20.72, "weightedAverageShsOut": 258570000, "weightedAverageShsOutDil": 258570000, "link": "https://www.sec.gov/Archives/edgar/data/1688568/000168856820000032/0001688568-20-000032-index.htm", "finalLink": "https://www.sec.gov/Archives/edgar/data/1688568/000168856820000032/dxcfy2010-k.htm", "calculatedOtherExpenses": 1057000000, "calculatedOperatingExpenses": 3107000000, "calculatedNetInterest": -218000000, "calculatedOtherIncome": -6579000000, "calculatedIncomeNonControlling": 0, "calculatedEbitda": 3529000000}, {"date": "2019-03-31", "symbol": "DXC", "reportedCurrency": "USD", "cik": "0001688568", "fillingDate": "2019-06-13", "acceptedDate": "2019-06-12 21:43:05", "calendarYear": "2019", "period": "FY", "revenue": 20753000000, "costOfRevenue": 14946000000, "grossProfit": 5807000000, "grossProfitRatio": 0.2798149665, "researchAndDevelopmentExpenses": 0, "generalAndAdministrativeExpenses": 1959000000, "sellingAndMarketingExpenses": 0, "sellingGeneralAndAdministrativeExpenses": 1959000000, "otherExpenses": 306000000, "operatingExpenses": 3927000000, "costAndExpenses": 18873000000, "interestIncome": 128000000, "interestExpense": 334000000, "depreciationAndAmortization": 2023000000, "ebitda": 4337000000, "ebitdaratio": 0.208981834, "operatingIncome": 1880000000, "operatingIncomeRatio": 0.0905893124, "totalOtherIncomeExpensesNet": -159000000, "incomeBeforeTax": 1515000000, "incomeBeforeTaxRatio": 0.0730014938, "incomeTaxExpense": 288000000, "netIncome": 1257000000, "netIncomeRatio": 0.0605695562, "eps": 4.53, "epsdiluted": 4.47, "weightedAverageShsOut": 277540000, "weightedAverageShsOutDil": 281430000, "link": "https://www.sec.gov/Archives/edgar/data/1688568/000168856819000055/0001688568-19-000055-index.htm", "finalLink": "https://www.sec.gov/Archives/edgar/data/1688568/000168856819000055/dxcfy1910-k.htm", "calculatedOtherExpenses": 1968000000, "calculatedOperatingExpenses": 3927000000, "calculatedNetInterest": -206000000, "calculatedOtherIncome": -159000000, "calculatedIncomeNonControlling": -30000000, "calculatedEbitda": 3903000000}, {"date": "2018-03-31", "symbol": "DXC", "reportedCurrency": "USD", "cik": "0001688568", "fillingDate": "2018-05-29", "acceptedDate": "2018-05-29 08:00:50", "calendarYear": "2018", "period": "FY", "revenue": 21733000000, "costOfRevenue": 16317000000, "grossProfit": 5416000000, "grossProfitRatio": 0.2492062762, "researchAndDevelopmentExpenses": 0, "generalAndAdministrativeExpenses": 2010000000, "sellingAndMarketingExpenses": -120000000, "sellingGeneralAndAdministrativeExpenses": 1890000000, "otherExpenses": 522000000, "operatingExpenses": 3685000000, "costAndExpenses": 20002000000, "interestIncome": 89000000, "interestExpense": 320000000, "depreciationAndAmortization": 2014000000, "ebitda": 4356000000, "ebitdaratio": 0.200432522, "operatingIncome": 2638000000, "operatingIncomeRatio": 0.1213822298, "totalOtherIncomeExpensesNet": -196000000, "incomeBeforeTax": 1304000000, "incomeBeforeTaxRatio": 0.0600009203, "incomeTaxExpense": -242000000, "netIncome": 1751000000, "netIncomeRatio": 0.0805687204, "eps": 6.15, "epsdiluted": 6.04, "weightedAverageShsOut": 284930000, "weightedAverageShsOutDil": 289770000, "link": "https://www.sec.gov/Archives/edgar/data/1688568/000168856818000036/0001688568-18-000036-index.htm", "finalLink": "https://www.sec.gov/Archives/edgar/data/1688568/000168856818000036/dxcfy1810-k.htm", "calculatedOtherExpenses": 888000000, "calculatedOperatingExpenses": 2778000000, "calculatedNetInterest": -231000000, "calculatedOtherIncome": -1103000000, "calculatedIncomeNonControlling": -205000000, "calculatedEbitda": 4652000000}, {"date": "2017-03-31", "symbol": "DXC", "reportedCurrency": "USD", "cik": "0001688568", "fillingDate": "2017-03-31", "acceptedDate": "2017-03-30 20:00:00", "calendarYear": "2017", "period": "FY", "revenue": 7607000000, "costOfRevenue": 5545000000, "grossProfit": 2062000000, "grossProfitRatio": 0.2710661233, "researchAndDevelopmentExpenses": 0, "generalAndAdministrativeExpenses": 0, "sellingAndMarketingExpenses": 0, "sellingGeneralAndAdministrativeExpenses": 1279000000, "otherExpenses": 2000000, "operatingExpenses": 1926000000, "costAndExpenses": 7471000000, "interestIncome": 35000000, "interestExpense": 117000000, "depreciationAndAmortization": 658000000, "ebitda": 831000000, "ebitdaratio": 0.1092414881, "operatingIncome": 136000000, "operatingIncomeRatio": 0.01787827, "totalOtherIncomeExpensesNet": -228000000, "incomeBeforeTax": -174000000, "incomeBeforeTaxRatio": -0.022873669, "incomeTaxExpense": -74000000, "netIncome": -123000000, "netIncomeRatio": -0.0161693177, "eps": -0.88, "epsdiluted": -0.88, "weightedAverageShsOut": 139772727, "weightedAverageShsOutDil": 140390000, "link": "", "finalLink": "", "calculatedOtherExpenses": 647000000, "calculatedOperatingExpenses": 1926000000, "calculatedNetInterest": -82000000, "calculatedOtherIncome": -228000000, "calculatedIncomeNonControlling": 23000000, "calculatedEbitda": 794000000}, {"date": "2016-03-31", "symbol": "DXC", "reportedCurrency": "USD", "cik": "0001688568", "fillingDate": "2016-03-31", "acceptedDate": "2016-03-30 20:00:00", "calendarYear": "2016", "period": "FY", "revenue": 7106000000, "costOfRevenue": 5185000000, "grossProfit": 1921000000, "grossProfitRatio": 0.2703349282, "researchAndDevelopmentExpenses": 0, "generalAndAdministrativeExpenses": 0, "sellingAndMarketingExpenses": 0, "sellingGeneralAndAdministrativeExpenses": 1040000000, "otherExpenses": 9000000, "operatingExpenses": 1698000000, "costAndExpenses": 6883000000, "interestIncome": 38000000, "interestExpense": 123000000, "depreciationAndAmortization": 767000000, "ebitda": 1037000000, "ebitdaratio": 0.1459330144, "operatingIncome": 223000000, "operatingIncomeRatio": 0.0313819308, "totalOtherIncomeExpensesNet": -128000000, "incomeBeforeTax": 10000000, "incomeBeforeTaxRatio": 0.0014072615, "incomeTaxExpense": -55000000, "netIncome": 244000000, "netIncomeRatio": 0.0343371798, "eps": 1.76, "epsdiluted": 1.73, "weightedAverageShsOut": 138280000, "weightedAverageShsOutDil": 141330000, "link": "", "finalLink": "", "calculatedOtherExpenses": 658000000, "calculatedOperatingExpenses": 1698000000, "calculatedNetInterest": -85000000, "calculatedOtherIncome": -128000000, "calculatedIncomeNonControlling": -179000000, "calculatedEbitda": 990000000}, {"date": "2015-03-31", "symbol": "DXC", "reportedCurrency": "USD", "cik": "0001688568", "fillingDate": "2015-03-31", "acceptedDate": "2015-03-30 20:00:00", "calendarYear": "2015", "period": "FY", "revenue": 12173000000, "costOfRevenue": 9534000000, "grossProfit": 2639000000, "grossProfitRatio": 0.2167912593, "researchAndDevelopmentExpenses": 67000000, "generalAndAdministrativeExpenses": 0, "sellingAndMarketingExpenses": 0, "sellingGeneralAndAdministrativeExpenses": 1537000000, "otherExpenses": -12000000, "operatingExpenses": 2514000000, "costAndExpenses": 12048000000, "interestIncome": 20000000, "interestExpense": 148000000, "depreciationAndAmortization": 977000000, "ebitda": 1110000000, "ebitdaratio": 0.0911854103, "operatingIncome": 125000000, "operatingIncomeRatio": 0.0102686273, "totalOtherIncomeExpensesNet": -273000000, "incomeBeforeTax": -276000000, "incomeBeforeTaxRatio": -0.0226731291, "incomeTaxExpense": -312000000, "netIncome": -8000000, "netIncomeRatio": -0.0006571921, "eps": -0.0563, "epsdiluted": -0.0561, "weightedAverageShsOut": 142192115, "weightedAverageShsOutDil": 142560000, "link": "", "finalLink": "", "calculatedOtherExpenses": 910000000, "calculatedOperatingExpenses": 2514000000, "calculatedNetInterest": -128000000, "calculatedOtherIncome": -273000000, "calculatedIncomeNonControlling": 44000000, "calculatedEbitda": 1102000000}, {"date": "2014-03-31", "symbol": "DXC", "reportedCurrency": "USD", "cik": "0001688568", "fillingDate": "2014-03-31", "acceptedDate": "2014-03-30 20:00:00", "calendarYear": "2014", "period": "FY", "revenue": 12998000000, "costOfRevenue": 9567000000, "grossProfit": 3431000000, "grossProfitRatio": 0.2639636867, "researchAndDevelopmentExpenses": 56000000, "generalAndAdministrativeExpenses": 0, "sellingAndMarketingExpenses": 0, "sellingGeneralAndAdministrativeExpenses": 1278000000, "otherExpenses": -18000000, "operatingExpenses": 2296000000, "costAndExpenses": 11863000000, "interestIncome": 16000000, "interestExpense": 147000000, "depreciationAndAmortization": 1018000000, "ebitda": 2151000000, "ebitdaratio": 0.165486998, "operatingIncome": 1135000000, "operatingIncomeRatio": 0.0873211263, "totalOtherIncomeExpensesNet": -94000000, "incomeBeforeTax": 910000000, "incomeBeforeTaxRatio": 0.0700107709, "incomeTaxExpense": 289000000, "netIncome": 674000000, "netIncomeRatio": 0.0518541314, "eps": 4.56, "epsdiluted": 4.47, "weightedAverageShsOut": 147650000, "weightedAverageShsOutDil": 150760000, "link": "", "finalLink": "", "calculatedOtherExpenses": 962000000, "calculatedOperatingExpenses": 2296000000, "calculatedNetInterest": -131000000, "calculatedOtherIncome": -94000000, "calculatedIncomeNonControlling": -53000000, "calculatedEbitda": 2153000000}, {"date": "2013-03-31", "symbol": "DXC", "reportedCurrency": "USD", "cik": "0001688568", "fillingDate": "2013-03-31", "acceptedDate": "2013-03-30 20:00:00", "calendarYear": "2013", "period": "FY", "revenue": 14195000000, "costOfRevenue": 11100000000, "grossProfit": 3095000000, "grossProfitRatio": 0.2180345192, "researchAndDevelopmentExpenses": 55000000, "generalAndAdministrativeExpenses": 0, "sellingAndMarketingExpenses": 0, "sellingGeneralAndAdministrativeExpenses": 1176000000, "otherExpenses": 42000000, "operatingExpenses": 2246000000, "costAndExpenses": 13346000000, "interestIncome": 22000000, "interestExpense": 183000000, "depreciationAndAmortization": 1134000000, "ebitda": 2047000000, "ebitdaratio": 0.1442057062, "operatingIncome": 871000000, "operatingIncomeRatio": 0.0613596337, "totalOtherIncomeExpensesNet": -239000000, "incomeBeforeTax": 449000000, "incomeBeforeTaxRatio": 0.0316308559, "incomeTaxExpense": -49000000, "netIncome": 961000000, "netIncomeRatio": 0.0676998943, "eps": 6.22, "epsdiluted": 6.18, "weightedAverageShsOut": 154590000, "weightedAverageShsOutDil": 155557000, "link": "", "finalLink": "", "calculatedOtherExpenses": 993000000, "calculatedOperatingExpenses": 2224000000, "calculatedNetInterest": -161000000, "calculatedOtherIncome": -261000000, "calculatedIncomeNonControlling": -463000000, "calculatedEbitda": 2005000000}, {"date": "2012-03-31", "symbol": "DXC", "reportedCurrency": "USD", "cik": "0001688568", "fillingDate": "2012-03-31", "acceptedDate": "2012-03-30 20:00:00", "calendarYear": "2012", "period": "FY", "revenue": 15877000000, "costOfRevenue": 14914000000, "grossProfit": 963000000, "grossProfitRatio": 0.0606537759, "researchAndDevelopmentExpenses": 0, "generalAndAdministrativeExpenses": 0, "sellingAndMarketingExpenses": 0, "sellingGeneralAndAdministrativeExpenses": 1141000000, "otherExpenses": 1146000000, "operatingExpenses": 2287000000, "costAndExpenses": 17201000000, "interestIncome": 38000000, "interestExpense": 176000000, "depreciationAndAmortization": 1212000000, "ebitda": -74000000, "ebitdaratio": -0.0046608301, "operatingIncome": -1324000000, "operatingIncomeRatio": -0.0833910688, "totalOtherIncomeExpensesNet": -2885000000, "incomeBeforeTax": -4347000000, "incomeBeforeTaxRatio": -0.2737922781, "incomeTaxExpense": -121000000, "netIncome": -4242000000, "netIncomeRatio": -0.2671789381, "eps": -27.37, "epsdiluted": -27.37, "weightedAverageShsOut": 155012000, "weightedAverageShsOutDil": 155012000, "link": "", "finalLink": "", "calculatedOtherExpenses": 1146000000, "calculatedOperatingExpenses": 2287000000, "calculatedNetInterest": -138000000, "calculatedOtherIncome": -2885000000, "calculatedIncomeNonControlling": 16000000, "calculatedEbitda": -112000000}, {"date": "2011-03-31", "symbol": "DXC", "reportedCurrency": "USD", "cik": "0001688568", "fillingDate": "2011-03-31", "acceptedDate": "2011-03-30 20:00:00", "calendarYear": "2011", "period": "FY", "revenue": 16042000000, "costOfRevenue": 12925000000, "grossProfit": 3117000000, "grossProfitRatio": 0.1943024561, "researchAndDevelopmentExpenses": 0, "generalAndAdministrativeExpenses": 0, "sellingAndMarketingExpenses": 0, "sellingGeneralAndAdministrativeExpenses": 965000000, "otherExpenses": 1053000000, "operatingExpenses": 2018000000, "costAndExpenses": 14943000000, "interestIncome": 37000000, "interestExpense": 168000000, "depreciationAndAmortization": 1140000000, "ebitda": 2276000000, "ebitdaratio": 0.1418775714, "operatingIncome": 1099000000, "operatingIncomeRatio": 0.0685076674, "totalOtherIncomeExpensesNet": -131000000, "incomeBeforeTax": 968000000, "incomeBeforeTaxRatio": 0.0603416033, "incomeTaxExpense": 243000000, "netIncome": 740000000, "netIncomeRatio": 0.0461289116, "eps": 4.79, "epsdiluted": 4.73, "weightedAverageShsOut": 154488000, "weightedAverageShsOutDil": 156605000, "link": "", "finalLink": "", "calculatedOtherExpenses": 1053000000, "calculatedOperatingExpenses": 2018000000, "calculatedNetInterest": -131000000, "calculatedOtherIncome": 0, "calculatedIncomeNonControlling": -15000000, "calculatedEbitda": 2239000000}, {"date": "2010-03-31", "symbol": "DXC", "reportedCurrency": "USD", "cik": "0001688568", "fillingDate": "2010-03-31", "acceptedDate": "2010-03-30 20:00:00", "calendarYear": "2010", "period": "FY", "revenue": 16128000000, "costOfRevenue": 12797000000, "grossProfit": 3331000000, "grossProfitRatio": 0.2065352183, "researchAndDevelopmentExpenses": 0, "generalAndAdministrativeExpenses": 0, "sellingAndMarketingExpenses": 0, "sellingGeneralAndAdministrativeExpenses": 991000000, "otherExpenses": 1077000000, "operatingExpenses": 2068000000, "costAndExpenses": 14865000000, "interestIncome": 27000000, "interestExpense": 252000000, "depreciationAndAmortization": 1156000000, "ebitda": 2446000000, "ebitdaratio": 0.1516617063, "operatingIncome": 1263000000, "operatingIncomeRatio": 0.0783110119, "totalOtherIncomeExpensesNet": -225000000, "incomeBeforeTax": 1038000000, "incomeBeforeTaxRatio": 0.064360119, "incomeTaxExpense": 204000000, "netIncome": 817000000, "netIncomeRatio": 0.0506572421, "eps": 5.36, "epsdiluted": 5.28, "weightedAverageShsOut": 152462000, "weightedAverageShsOutDil": 154754000, "link": "", "finalLink": "", "calculatedOtherExpenses": 1077000000, "calculatedOperatingExpenses": 2068000000, "calculatedNetInterest": -225000000, "calculatedOtherIncome": 0, "calculatedIncomeNonControlling": 17000000, "calculatedEbitda": 2419000000}, {"date": "2009-03-31", "symbol": "DXC", "reportedCurrency": "USD", "cik": "0001688568", "fillingDate": "2009-03-31", "acceptedDate": "2009-03-30 20:00:00", "calendarYear": "2009", "period": "FY", "revenue": 16739900000, "costOfRevenue": 13260700000, "grossProfit": 3479200000, "grossProfitRatio": 0.2078387565, "researchAndDevelopmentExpenses": 0, "generalAndAdministrativeExpenses": 0, "sellingAndMarketingExpenses": 0, "sellingGeneralAndAdministrativeExpenses": 1082800000, "otherExpenses": 1208900000, "operatingExpenses": 2291700000, "costAndExpenses": 15552400000, "interestIncome": 41000000, "interestExpense": 260500000, "depreciationAndAmortization": 1270000000, "ebitda": 2498500000, "ebitdaratio": 0.1492541771, "operatingIncome": 1187500000, "operatingIncomeRatio": 0.0709382971, "totalOtherIncomeExpensesNet": -18900000, "incomeBeforeTax": 949100000, "incomeBeforeTaxRatio": 0.0566968739, "incomeTaxExpense": -166100000, "netIncome": 1115200000, "netIncomeRatio": 0.0666192749, "eps": 7.37, "epsdiluted": 7.31, "weightedAverageShsOut": 151388000, "weightedAverageShsOutDil": 152614000, "link": "", "finalLink": "", "calculatedOtherExpenses": 1208900000, "calculatedOperatingExpenses": 2291700000, "calculatedNetInterest": -219500000, "calculatedOtherIncome": -18900000, "calculatedIncomeNonControlling": 0, "calculatedEbitda": 2457500000}, {"date": "2008-03-31", "symbol": "DXC", "reportedCurrency": "USD", "cik": "0001688568", "fillingDate": "2008-03-31", "acceptedDate": "2008-03-30 20:00:00", "calendarYear": "2008", "period": "FY", "revenue": 16499500000, "costOfRevenue": 13151900000, "grossProfit": 3347600000, "grossProfitRatio": 0.2028909967, "researchAndDevelopmentExpenses": 0, "generalAndAdministrativeExpenses": 0, "sellingAndMarketingExpenses": 0, "sellingGeneralAndAdministrativeExpenses": 975400000, "otherExpenses": 1150200000, "operatingExpenses": 2125600000, "costAndExpenses": 15277500000, "interestIncome": 37100000, "interestExpense": 185400000, "depreciationAndAmortization": 1286400000, "ebitda": 2545500000, "ebitdaratio": 0.1542774023, "operatingIncome": 1222000000, "operatingIncomeRatio": 0.0740628504, "totalOtherIncomeExpensesNet": -155800000, "incomeBeforeTax": 917900000, "incomeBeforeTaxRatio": 0.0556319888, "incomeTaxExpense": 373300000, "netIncome": 544600000, "netIncomeRatio": 0.0330070608, "eps": 3.26, "epsdiluted": 3.2, "weightedAverageShsOut": 167233000, "weightedAverageShsOutDil": 170168000, "link": "", "finalLink": "", "calculatedOtherExpenses": 1150200000, "calculatedOperatingExpenses": 2125600000, "calculatedNetInterest": -148300000, "calculatedOtherIncome": -155800000, "calculatedIncomeNonControlling": 0, "calculatedEbitda": 2508400000}, {"date": "2007-03-31", "symbol": "DXC", "reportedCurrency": "USD", "cik": "0001688568", "fillingDate": "2007-03-31", "acceptedDate": "2007-03-30 20:00:00", "calendarYear": "2007", "period": "FY", "revenue": 14856600000, "costOfRevenue": 11817800000, "grossProfit": 3038800000, "grossProfitRatio": 0.204542089, "researchAndDevelopmentExpenses": 0, "generalAndAdministrativeExpenses": 0, "sellingAndMarketingExpenses": 0, "sellingGeneralAndAdministrativeExpenses": 916400000, "otherExpenses": 1073600000, "operatingExpenses": 1990000000, "costAndExpenses": 13807800000, "interestIncome": 49500000, "interestExpense": 175200000, "depreciationAndAmortization": 1162000000, "ebitda": 2260300000, "ebitdaratio": 0.1521411359, "operatingIncome": 1048800000, "operatingIncomeRatio": 0.0705948871, "totalOtherIncomeExpensesNet": -316100000, "incomeBeforeTax": 607000000, "incomeBeforeTaxRatio": 0.0408572621, "incomeTaxExpense": 218200000, "netIncome": 388800000, "netIncomeRatio": 0.026170187, "eps": 2.21, "epsdiluted": 2.16, "weightedAverageShsOut": 176263000, "weightedAverageShsOutDil": 179733000, "link": "", "finalLink": "", "calculatedOtherExpenses": 1073600000, "calculatedOperatingExpenses": 1990000000, "calculatedNetInterest": -125700000, "calculatedOtherIncome": -316100000, "calculatedIncomeNonControlling": 0, "calculatedEbitda": 2210800000}, {"date": "2006-03-31", "symbol": "DXC", "reportedCurrency": "USD", "cik": "0001688568", "fillingDate": "2006-03-31", "acceptedDate": "2006-03-30 19:00:00", "calendarYear": "2006", "period": "FY", "revenue": 14615600000, "costOfRevenue": 11719800000, "grossProfit": 2895800000, "grossProfitRatio": 0.1981307644, "researchAndDevelopmentExpenses": 0, "generalAndAdministrativeExpenses": 0, "sellingAndMarketingExpenses": 0, "sellingGeneralAndAdministrativeExpenses": 842200000, "otherExpenses": 1091800000, "operatingExpenses": 1934000000, "costAndExpenses": 13653800000, "interestIncome": 40800000, "interestExpense": 104200000, "depreciationAndAmortization": 1187500000, "ebitda": 2190100000, "ebitdaratio": 0.1498467391, "operatingIncome": 961800000, "operatingIncomeRatio": 0.0658063986, "totalOtherIncomeExpensesNet": -77300000, "incomeBeforeTax": 821100000, "incomeBeforeTaxRatio": 0.0561796984, "incomeTaxExpense": 244100000, "netIncome": 634000000, "netIncomeRatio": 0.0433783081, "eps": 3.41, "epsdiluted": 3.37, "weightedAverageShsOut": 185693000, "weightedAverageShsOutDil": 187984000, "link": "", "finalLink": "", "calculatedOtherExpenses": 1091800000, "calculatedOperatingExpenses": 1934000000, "calculatedNetInterest": -63400000, "calculatedOtherIncome": -77300000, "calculatedIncomeNonControlling": -57000000, "calculatedEbitda": 2149300000}, {"date": "2005-03-31", "symbol": "DXC", "reportedCurrency": "USD", "cik": "0001688568", "fillingDate": "2005-03-31", "acceptedDate": "2005-03-30 19:00:00", "calendarYear": "2005", "period": "FY", "revenue": 14058600000, "costOfRevenue": 11315100000, "grossProfit": 2743500000, "grossProfitRatio": 0.1951474542, "researchAndDevelopmentExpenses": 0, "generalAndAdministrativeExpenses": 0, "sellingAndMarketingExpenses": 0, "sellingGeneralAndAdministrativeExpenses": 807800000, "otherExpenses": 1051000000, "operatingExpenses": 1858800000, "costAndExpenses": 13173900000, "interestIncome": 16100000, "interestExpense": 156800000, "depreciationAndAmortization": 1145500000, "ebitda": 2046300000, "ebitdaratio": 0.1455550339, "operatingIncome": 884700000, "operatingIncomeRatio": 0.0629294524, "totalOtherIncomeExpensesNet": -28600000, "incomeBeforeTax": 715400000, "incomeBeforeTaxRatio": 0.0508870016, "incomeTaxExpense": 219000000, "netIncome": 810200000, "netIncomeRatio": 0.057630205, "eps": 4.36, "epsdiluted": 4.31, "weightedAverageShsOut": 185693000, "weightedAverageShsOutDil": 187984000, "link": "", "finalLink": "", "calculatedOtherExpenses": 1051000000, "calculatedOperatingExpenses": 1858800000, "calculatedNetInterest": -140700000, "calculatedOtherIncome": -28600000, "calculatedIncomeNonControlling": -313800000, "calculatedEbitda": 2030200000}, {"date": "2004-03-31", "symbol": "DXC", "reportedCurrency": "USD", "cik": "0001688568", "fillingDate": "2004-03-31", "acceptedDate": "2004-03-30 19:00:00", "calendarYear": "2004", "period": "FY", "revenue": 14767600000, "costOfRevenue": 12006800000, "grossProfit": 2760800000, "grossProfitRatio": 0.186949809, "researchAndDevelopmentExpenses": 0, "generalAndAdministrativeExpenses": 0, "sellingAndMarketingExpenses": 0, "sellingGeneralAndAdministrativeExpenses": 850300000, "otherExpenses": 980300000, "operatingExpenses": 1830600000, "costAndExpenses": 13837400000, "interestIncome": 9200000, "interestExpense": 169800000, "depreciationAndAmortization": 1038100000, "ebitda": 1977500000, "ebitdaratio": 0.1339080148, "operatingIncome": 930200000, "operatingIncomeRatio": 0.0629892467, "totalOtherIncomeExpensesNet": -22700000, "incomeBeforeTax": 746900000, "incomeBeforeTaxRatio": 0.0505769387, "incomeTaxExpense": 227500000, "netIncome": 519400000, "netIncomeRatio": 0.0351715919, "eps": 2.77, "epsdiluted": 2.75, "weightedAverageShsOut": 187273000, "weightedAverageShsOutDil": 188704000, "link": "", "finalLink": "", "calculatedOtherExpenses": 980300000, "calculatedOperatingExpenses": 1830600000, "calculatedNetInterest": -160600000, "calculatedOtherIncome": -22700000, "calculatedIncomeNonControlling": 0, "calculatedEbitda": 1968300000}, {"date": "2003-03-31", "symbol": "DXC", "reportedCurrency": "USD", "cik": "0001688568", "fillingDate": "2003-03-31", "acceptedDate": "2003-03-30 19:00:00", "calendarYear": "2003", "period": "FY", "revenue": 11346500000, "costOfRevenue": 9068200000, "grossProfit": 2278300000, "grossProfitRatio": 0.2007931961, "researchAndDevelopmentExpenses": 0, "generalAndAdministrativeExpenses": 0, "sellingAndMarketingExpenses": 0, "sellingGeneralAndAdministrativeExpenses": 716900000, "otherExpenses": 810300000, "operatingExpenses": 1527200000, "costAndExpenses": 10595400000, "interestIncome": 8500000, "interestExpense": 142800000, "depreciationAndAmortization": 857500000, "ebitda": 1617100000, "ebitdaratio": 0.1425197197, "operatingIncome": 751100000, "operatingIncomeRatio": 0.0661966245, "totalOtherIncomeExpensesNet": -5200000, "incomeBeforeTax": 611600000, "incomeBeforeTaxRatio": 0.0539020843, "incomeTaxExpense": 171400000, "netIncome": 440200000, "netIncomeRatio": 0.0387961045, "eps": 2.55, "epsdiluted": 2.54, "weightedAverageShsOut": 172317000, "weightedAverageShsOutDil": 173119000, "link": "", "finalLink": "", "calculatedOtherExpenses": 810300000, "calculatedOperatingExpenses": 1527200000, "calculatedNetInterest": -134300000, "calculatedOtherIncome": -5200000, "calculatedIncomeNonControlling": 0, "calculatedEbitda": 1608600000}, {"date": "2002-03-31", "symbol": "DXC", "reportedCurrency": "USD", "cik": "0001688568", "fillingDate": "2002-03-31", "acceptedDate": "2002-03-30 19:00:00", "calendarYear": "2002", "period": "FY", "revenue": 11426000000, "costOfRevenue": 9222800000, "grossProfit": 2203200000, "grossProfitRatio": 0.1928233853, "researchAndDevelopmentExpenses": 0, "generalAndAdministrativeExpenses": 0, "sellingAndMarketingExpenses": 0, "sellingGeneralAndAdministrativeExpenses": 706300000, "otherExpenses": 857600000, "operatingExpenses": 1563900000, "costAndExpenses": 10786700000, "interestIncome": 12300000, "interestExpense": 154800000, "depreciationAndAmortization": 857600000, "ebitda": 1509200000, "ebitdaratio": 0.1320847191, "operatingIncome": 639300000, "operatingIncomeRatio": 0.0559513391, "totalOtherIncomeExpensesNet": -142500000, "incomeBeforeTax": 496800000, "incomeBeforeTaxRatio": 0.043479783, "incomeTaxExpense": 152700000, "netIncome": 344100000, "netIncomeRatio": 0.030115526, "eps": 2.02, "epsdiluted": 2.01, "weightedAverageShsOut": 170054000, "weightedAverageShsOutDil": 171279000, "link": "", "finalLink": "", "calculatedOtherExpenses": 857600000, "calculatedOperatingExpenses": 1563900000, "calculatedNetInterest": -142500000, "calculatedOtherIncome": 0, "calculatedIncomeNonControlling": 0, "calculatedEbitda": 1496900000}, {"date": "2001-03-31", "symbol": "DXC", "reportedCurrency": "USD", "cik": "0001688568", "fillingDate": "2001-03-31", "acceptedDate": "2001-03-30 19:00:00", "calendarYear": "2001", "period": "FY", "revenue": 10687000000, "costOfRevenue": 8425100000, "grossProfit": 2261900000, "grossProfitRatio": 0.2116496678, "researchAndDevelopmentExpenses": 0, "generalAndAdministrativeExpenses": 0, "sellingAndMarketingExpenses": 0, "sellingGeneralAndAdministrativeExpenses": 796600000, "otherExpenses": 649300000, "operatingExpenses": 1445900000, "costAndExpenses": 9871000000, "interestIncome": 0, "interestExpense": 0, "depreciationAndAmortization": 649300000, "ebitda": 1698200000, "ebitdaratio": 0.1589033405, "operatingIncome": 816000000, "operatingIncomeRatio": 0.0763544493, "totalOtherIncomeExpensesNet": -232900000, "incomeBeforeTax": 330300000, "incomeBeforeTaxRatio": 0.0309067091, "incomeTaxExpense": 97100000, "netIncome": 233200000, "netIncomeRatio": 0.0218209039, "eps": 1.39, "epsdiluted": 1.37, "weightedAverageShsOut": 168260000, "weightedAverageShsOutDil": 170767000, "link": "", "finalLink": "", "calculatedOtherExpenses": 649300000, "calculatedOperatingExpenses": 1445900000, "calculatedNetInterest": 0, "calculatedOtherIncome": -485700000, "calculatedIncomeNonControlling": 0, "calculatedEbitda": 1465300000}, {"date": "2000-03-31", "symbol": "DXC", "reportedCurrency": "USD", "cik": "0001688568", "fillingDate": "2000-03-31", "acceptedDate": "2000-03-30 19:00:00", "calendarYear": "2000", "period": "FY", "revenue": 9370694000, "costOfRevenue": 7352544000, "grossProfit": 2018150000, "grossProfitRatio": 0.2153682534, "researchAndDevelopmentExpenses": 0, "generalAndAdministrativeExpenses": 0, "sellingAndMarketingExpenses": 0, "sellingGeneralAndAdministrativeExpenses": 779367000, "otherExpenses": 545723000, "operatingExpenses": 1325090000, "costAndExpenses": 8677634000, "interestIncome": 0, "interestExpense": 0, "depreciationAndAmortization": 545723000, "ebitda": 1279848000, "ebitdaratio": 0.136579852, "operatingIncome": 693060000, "operatingIncomeRatio": 0.0739603705, "totalOtherIncomeExpensesNet": -41065000, "incomeBeforeTax": 611472000, "incomeBeforeTaxRatio": 0.0652536514, "incomeTaxExpense": 208600000, "netIncome": 402872000, "netIncomeRatio": 0.0429927602, "eps": 2.42, "epsdiluted": 2.37, "weightedAverageShsOut": 166476033, "weightedAverageShsOutDil": 169988186, "link": "", "finalLink": "", "calculatedOtherExpenses": 545723000, "calculatedOperatingExpenses": 1325090000, "calculatedNetInterest": 0, "calculatedOtherIncome": -81588000, "calculatedIncomeNonControlling": 0, "calculatedEbitda": 1238783000}, {"date": "1999-03-31", "symbol": "DXC", "reportedCurrency": "USD", "cik": "0001688568", "fillingDate": "1999-03-31", "acceptedDate": "1999-03-30 19:00:00", "calendarYear": "1999", "period": "FY", "revenue": 7660000000, "costOfRevenue": 5973800000, "grossProfit": 1686200000, "grossProfitRatio": 0.2201305483, "researchAndDevelopmentExpenses": 0, "generalAndAdministrativeExpenses": 0, "sellingAndMarketingExpenses": 0, "sellingGeneralAndAdministrativeExpenses": 695800000, "otherExpenses": 445000000, "operatingExpenses": 1140800000, "costAndExpenses": 7114600000, "interestIncome": 0, "interestExpense": 0, "depreciationAndAmortization": 445000000, "ebitda": 975800000, "ebitdaratio": 0.1273890339, "operatingIncome": 545400000, "operatingIncomeRatio": 0.0712010444, "totalOtherIncomeExpensesNet": 14600000, "incomeBeforeTax": 511400000, "incomeBeforeTaxRatio": 0.0667624021, "incomeTaxExpense": 170200000, "netIncome": 341200000, "netIncomeRatio": 0.0445430809, "eps": 2.07, "epsdiluted": 2.03, "weightedAverageShsOut": 164583333, "weightedAverageShsOutDil": 168483412, "link": "", "finalLink": "", "calculatedOtherExpenses": 445000000, "calculatedOperatingExpenses": 1140800000, "calculatedNetInterest": 0, "calculatedOtherIncome": -34000000, "calculatedIncomeNonControlling": 0, "calculatedEbitda": 990400000}, {"date": "1998-03-31", "symbol": "DXC", "reportedCurrency": "USD", "cik": "0001688568", "fillingDate": "1998-03-31", "acceptedDate": "1998-03-30 19:00:00", "calendarYear": "1998", "period": "FY", "revenue": 6600800000, "costOfRevenue": 5149200000, "grossProfit": 1451600000, "grossProfitRatio": 0.2199127378, "researchAndDevelopmentExpenses": 0, "generalAndAdministrativeExpenses": 0, "sellingAndMarketingExpenses": 0, "sellingGeneralAndAdministrativeExpenses": 602700000, "otherExpenses": 386900000, "operatingExpenses": 989600000, "costAndExpenses": 6138800000, "interestIncome": 0, "interestExpense": 0, "depreciationAndAmortization": 386900000, "ebitda": 1069100000, "ebitdaratio": 0.1619652163, "operatingIncome": 462000000, "operatingIncomeRatio": 0.0699915162, "totalOtherIncomeExpensesNet": -220200000, "incomeBeforeTax": 190900000, "incomeBeforeTaxRatio": 0.0289207369, "incomeTaxExpense": -69500000, "netIncome": 260400000, "netIncomeRatio": 0.0394497637, "eps": 1.59, "epsdiluted": 1.56, "weightedAverageShsOut": 163452381, "weightedAverageShsOutDil": 167439024, "link": "", "finalLink": "", "calculatedOtherExpenses": 386900000, "calculatedOperatingExpenses": 989600000, "calculatedNetInterest": 0, "calculatedOtherIncome": -271100000, "calculatedIncomeNonControlling": 0, "calculatedEbitda": 848900000}, {"date": "1997-03-31", "symbol": "DXC", "reportedCurrency": "USD", "cik": "0001688568", "fillingDate": "1997-03-31", "acceptedDate": "1997-03-30 19:00:00", "calendarYear": "1997", "period": "FY", "revenue": 5616000000, "costOfRevenue": 4413200000, "grossProfit": 1202800000, "grossProfitRatio": 0.2141737892, "researchAndDevelopmentExpenses": 0, "generalAndAdministrativeExpenses": 0, "sellingAndMarketingExpenses": 0, "sellingGeneralAndAdministrativeExpenses": 485100000, "otherExpenses": 333200000, "operatingExpenses": 818300000, "costAndExpenses": 5231500000, "interestIncome": 0, "interestExpense": 0, "depreciationAndAmortization": 333200000, "ebitda": 758600000, "ebitdaratio": 0.1350783476, "operatingIncome": 384500000, "operatingIncomeRatio": 0.0684650997, "totalOtherIncomeExpensesNet": -40900000, "incomeBeforeTax": 303300000, "incomeBeforeTaxRatio": 0.0540064103, "incomeTaxExpense": 110900000, "netIncome": 192400000, "netIncomeRatio": 0.0342592593, "eps": 1.27, "epsdiluted": 1.23, "weightedAverageShsOut": 151496063, "weightedAverageShsOutDil": 156422764, "link": "", "finalLink": "", "calculatedOtherExpenses": 333200000, "calculatedOperatingExpenses": 818300000, "calculatedNetInterest": 0, "calculatedOtherIncome": -81200000, "calculatedIncomeNonControlling": 0, "calculatedEbitda": 717700000}, {"date": "1996-03-31", "symbol": "DXC", "reportedCurrency": "USD", "cik": "0001688568", "fillingDate": "1996-03-31", "acceptedDate": "1996-03-30 19:00:00", "calendarYear": "1996", "period": "FY", "revenue": 4242400000, "costOfRevenue": 3349700000, "grossProfit": 892700000, "grossProfitRatio": 0.2104233453, "researchAndDevelopmentExpenses": 0, "generalAndAdministrativeExpenses": 0, "sellingAndMarketingExpenses": 0, "sellingGeneralAndAdministrativeExpenses": 378900000, "otherExpenses": 252100000, "operatingExpenses": 631000000, "costAndExpenses": 3980700000, "interestIncome": 0, "interestExpense": 0, "depreciationAndAmortization": 252100000, "ebitda": 509100000, "ebitdaratio": 0.1200028286, "operatingIncome": 261700000, "operatingIncomeRatio": 0.0616867811, "totalOtherIncomeExpensesNet": 4700000, "incomeBeforeTax": 231400000, "incomeBeforeTaxRatio": 0.0545445974, "incomeTaxExpense": 89700000, "netIncome": 141700000, "netIncomeRatio": 0.0334009051, "eps": 1.25, "epsdiluted": 1.25, "weightedAverageShsOut": 113373494, "weightedAverageShsOutDil": 113373494, "link": "", "finalLink": "", "calculatedOtherExpenses": 252100000, "calculatedOperatingExpenses": 631000000, "calculatedNetInterest": 0, "calculatedOtherIncome": -30300000, "calculatedIncomeNonControlling": 0, "calculatedEbitda": 513800000}, {"date": "1995-03-31", "symbol": "DXC", "reportedCurrency": "USD", "cik": "0001688568", "fillingDate": "1995-03-31", "acceptedDate": "1995-03-30 19:00:00", "calendarYear": "1995", "period": "FY", "revenue": 3372500000, "costOfRevenue": 2685600000, "grossProfit": 686900000, "grossProfitRatio": 0.2036767976, "researchAndDevelopmentExpenses": 0, "generalAndAdministrativeExpenses": 0, "sellingAndMarketingExpenses": 0, "sellingGeneralAndAdministrativeExpenses": 311200000, "otherExpenses": 172600000, "operatingExpenses": 483800000, "costAndExpenses": 3169400000, "interestIncome": 0, "interestExpense": 0, "depreciationAndAmortization": 172600000, "ebitda": 376200000, "ebitdaratio": 0.1115492958, "operatingIncome": 203100000, "operatingIncomeRatio": 0.060222387, "totalOtherIncomeExpensesNet": -500000, "incomeBeforeTax": 173700000, "incomeBeforeTaxRatio": 0.0515048184, "incomeTaxExpense": 63000000, "netIncome": 110700000, "netIncomeRatio": 0.0328243143, "eps": 0.77, "epsdiluted": 0.77, "weightedAverageShsOut": 143200000, "weightedAverageShsOutDil": 143200000, "link": "", "finalLink": "", "calculatedOtherExpenses": 172600000, "calculatedOperatingExpenses": 483800000, "calculatedNetInterest": 0, "calculatedOtherIncome": -29400000, "calculatedIncomeNonControlling": 0, "calculatedEbitda": 375700000}, {"date": "1994-03-31", "symbol": "DXC", "reportedCurrency": "USD", "cik": "0001688568", "fillingDate": "1994-03-31", "acceptedDate": "1994-03-30 19:00:00", "calendarYear": "1994", "period": "FY", "revenue": 2582700000, "costOfRevenue": 2065000000, "grossProfit": 517700000, "grossProfitRatio": 0.2004491424, "researchAndDevelopmentExpenses": 0, "generalAndAdministrativeExpenses": 0, "sellingAndMarketingExpenses": 0, "sellingGeneralAndAdministrativeExpenses": 227000000, "otherExpenses": 130700000, "operatingExpenses": 357700000, "costAndExpenses": 2422700000, "interestIncome": 0, "interestExpense": 0, "depreciationAndAmortization": 130700000, "ebitda": 290700000, "ebitdaratio": 0.1125566268, "operatingIncome": 160000000, "operatingIncomeRatio": 0.0619506718, "totalOtherIncomeExpensesNet": -10900000, "incomeBeforeTax": 149100000, "incomeBeforeTaxRatio": 0.0577302823, "incomeTaxExpense": 58200000, "netIncome": 95800000, "netIncomeRatio": 0.0370929647, "eps": 0.94, "epsdiluted": 0.94, "weightedAverageShsOut": 101612903, "weightedAverageShsOutDil": 101612903, "link": "", "finalLink": "", "calculatedOtherExpenses": 130700000, "calculatedOperatingExpenses": 357700000, "calculatedNetInterest": 0, "calculatedOtherIncome": -10900000, "calculatedIncomeNonControlling": -4900000, "calculatedEbitda": 290700000}, {"date": "1993-03-31", "symbol": "DXC", "reportedCurrency": "USD", "cik": "0001688568", "fillingDate": "1993-03-31", "acceptedDate": "1993-03-30 19:00:00", "calendarYear": "1993", "period": "FY", "revenue": 2479800000, "costOfRevenue": 1977700000, "grossProfit": 502100000, "grossProfitRatio": 0.2024760061, "researchAndDevelopmentExpenses": 0, "generalAndAdministrativeExpenses": 0, "sellingAndMarketingExpenses": 0, "sellingGeneralAndAdministrativeExpenses": 239000000, "otherExpenses": 118700000, "operatingExpenses": 357700000, "costAndExpenses": 2335400000, "interestIncome": 0, "interestExpense": 0, "depreciationAndAmortization": 118700000, "ebitda": 258900000, "ebitdaratio": 0.1044035809, "operatingIncome": 144400000, "operatingIncomeRatio": 0.0582305025, "totalOtherIncomeExpensesNet": 4200000, "incomeBeforeTax": 128200000, "incomeBeforeTaxRatio": 0.0516977176, "incomeTaxExpense": 50100000, "netIncome": 78100000, "netIncomeRatio": 0.0314944754, "eps": 0.78, "epsdiluted": 0.78, "weightedAverageShsOut": 100128205, "weightedAverageShsOutDil": 100128205, "link": "", "finalLink": "", "calculatedOtherExpenses": 118700000, "calculatedOperatingExpenses": 357700000, "calculatedNetInterest": 0, "calculatedOtherIncome": -16200000, "calculatedIncomeNonControlling": 0, "calculatedEbitda": 263100000}, {"date": "1992-03-31", "symbol": "DXC", "reportedCurrency": "USD", "cik": "0001688568", "fillingDate": "1992-03-31", "acceptedDate": "1992-03-30 19:00:00", "calendarYear": "1992", "period": "FY", "revenue": 2113400000, "costOfRevenue": 1718400000, "grossProfit": 395000000, "grossProfitRatio": 0.1869026214, "researchAndDevelopmentExpenses": 0, "generalAndAdministrativeExpenses": 0, "sellingAndMarketingExpenses": 0, "sellingGeneralAndAdministrativeExpenses": 185100000, "otherExpenses": 81700000, "operatingExpenses": 266800000, "costAndExpenses": 1985200000, "interestIncome": 0, "interestExpense": 0, "depreciationAndAmortization": 81700000, "ebitda": 207500000, "ebitdaratio": 0.0981830226, "operatingIncome": 128200000, "operatingIncomeRatio": 0.060660547, "totalOtherIncomeExpensesNet": 2400000, "incomeBeforeTax": 109200000, "incomeBeforeTaxRatio": 0.0516702943, "incomeTaxExpense": 41000000, "netIncome": 68200000, "netIncomeRatio": 0.0322702754, "eps": 0.69, "epsdiluted": 0.69, "weightedAverageShsOut": 98840580, "weightedAverageShsOutDil": 98840580, "link": "", "finalLink": "", "calculatedOtherExpenses": 81700000, "calculatedOperatingExpenses": 266800000, "calculatedNetInterest": 0, "calculatedOtherIncome": -19000000, "calculatedIncomeNonControlling": 0, "calculatedEbitda": 209900000}, {"date": "1991-03-31", "symbol": "DXC", "reportedCurrency": "USD", "cik": "0001688568", "fillingDate": "1991-03-31", "acceptedDate": "1991-03-30 19:00:00", "calendarYear": "1991", "period": "FY", "revenue": 1737800000, "costOfRevenue": 1567600000, "grossProfit": 170200000, "grossProfitRatio": 0.097939924, "researchAndDevelopmentExpenses": 0, "generalAndAdministrativeExpenses": 0, "sellingAndMarketingExpenses": 0, "sellingGeneralAndAdministrativeExpenses": 23400000, "otherExpenses": 40200000, "operatingExpenses": 63600000, "costAndExpenses": 1631200000, "interestIncome": 0, "interestExpense": 0, "depreciationAndAmortization": 40200000, "ebitda": 137000000, "ebitdaratio": 0.078835309, "operatingIncome": 106600000, "operatingIncomeRatio": 0.0613419266, "totalOtherIncomeExpensesNet": 9800000, "incomeBeforeTax": 102600000, "incomeBeforeTaxRatio": 0.0590401657, "incomeTaxExpense": 37600000, "netIncome": 65000000, "netIncomeRatio": 0.0374036138, "eps": 0.67, "epsdiluted": 0.67, "weightedAverageShsOut": 97014925, "weightedAverageShsOutDil": 97014925, "link": "", "finalLink": "", "calculatedOtherExpenses": 40200000, "calculatedOperatingExpenses": 63600000, "calculatedNetInterest": 0, "calculatedOtherIncome": -4000000, "calculatedIncomeNonControlling": 0, "calculatedEbitda": 146800000}, {"date": "1990-03-31", "symbol": "DXC", "reportedCurrency": "USD", "cik": "0001688568", "fillingDate": "1990-03-31", "acceptedDate": "1990-03-30 19:00:00", "calendarYear": "1990", "period": "FY", "revenue": 1500400000, "costOfRevenue": 1349500000, "grossProfit": 150900000, "grossProfitRatio": 0.1005731805, "researchAndDevelopmentExpenses": 0, "generalAndAdministrativeExpenses": 0, "sellingAndMarketingExpenses": 0, "sellingGeneralAndAdministrativeExpenses": 20900000, "otherExpenses": 34000000, "operatingExpenses": 54900000, "costAndExpenses": 1404400000, "interestIncome": 0, "interestExpense": 0, "depreciationAndAmortization": 34000000, "ebitda": 111100000, "ebitdaratio": 0.0740469208, "operatingIncome": 96000000, "operatingIncomeRatio": 0.0639829379, "totalOtherIncomeExpensesNet": 18900000, "incomeBeforeTax": 103200000, "incomeBeforeTaxRatio": 0.0687816582, "incomeTaxExpense": 37700000, "netIncome": 65500000, "netIncomeRatio": 0.0436550253, "eps": 0.68, "epsdiluted": 0.68, "weightedAverageShsOut": 96323529, "weightedAverageShsOutDil": 96323529, "link": "", "finalLink": "", "calculatedOtherExpenses": 34000000, "calculatedOperatingExpenses": 54900000, "calculatedNetInterest": 0, "calculatedOtherIncome": 7200000, "calculatedIncomeNonControlling": 0, "calculatedEbitda": 130000000}, {"date": "1989-03-31", "symbol": "DXC", "reportedCurrency": "USD", "cik": "0001688568", "fillingDate": "1989-03-31", "acceptedDate": "1989-03-30 19:00:00", "calendarYear": "1989", "period": "FY", "revenue": 1304400000, "costOfRevenue": 1166100000, "grossProfit": 138300000, "grossProfitRatio": 0.106025759, "researchAndDevelopmentExpenses": 0, "generalAndAdministrativeExpenses": 0, "sellingAndMarketingExpenses": 0, "sellingGeneralAndAdministrativeExpenses": 19400000, "otherExpenses": 31100000, "operatingExpenses": 50500000, "costAndExpenses": 1216600000, "interestIncome": 0, "interestExpense": 0, "depreciationAndAmortization": 31100000, "ebitda": 112900000, "ebitdaratio": 0.0865532045, "operatingIncome": 87800000, "operatingIncomeRatio": 0.0673106409, "totalOtherIncomeExpensesNet": 6000000, "incomeBeforeTax": 84500000, "incomeBeforeTaxRatio": 0.0647807421, "incomeTaxExpense": 32000000, "netIncome": 52500000, "netIncomeRatio": 0.0402483901, "eps": 0.55, "epsdiluted": 0.55, "weightedAverageShsOut": 95454545, "weightedAverageShsOutDil": 95454545, "link": "", "finalLink": "", "calculatedOtherExpenses": 31100000, "calculatedOperatingExpenses": 50500000, "calculatedNetInterest": 0, "calculatedOtherIncome": -3300000, "calculatedIncomeNonControlling": 0, "calculatedEbitda": 118900000}, {"date": "1988-03-31", "symbol": "DXC", "reportedCurrency": "USD", "cik": "0001688568", "fillingDate": "1988-03-31", "acceptedDate": "1988-03-30 19:00:00", "calendarYear": "1988", "period": "FY", "revenue": 1152400000, "costOfRevenue": 1026400000, "grossProfit": 126000000, "grossProfitRatio": 0.1093370358, "researchAndDevelopmentExpenses": 0, "generalAndAdministrativeExpenses": 0, "sellingAndMarketingExpenses": 0, "sellingGeneralAndAdministrativeExpenses": 16300000, "otherExpenses": 32000000, "operatingExpenses": 48300000, "costAndExpenses": 1074700000, "interestIncome": 0, "interestExpense": 0, "depreciationAndAmortization": 32000000, "ebitda": 106500000, "ebitdaratio": 0.0924158278, "operatingIncome": 77700000, "operatingIncomeRatio": 0.0674245054, "totalOtherIncomeExpensesNet": 3200000, "incomeBeforeTax": 71300000, "incomeBeforeTaxRatio": 0.0618708782, "incomeTaxExpense": 27800000, "netIncome": 43500000, "netIncomeRatio": 0.03774731, "eps": 0.46, "epsdiluted": 0.46, "weightedAverageShsOut": 94565217, "weightedAverageShsOutDil": 94565217, "link": "", "finalLink": "", "calculatedOtherExpenses": 32000000, "calculatedOperatingExpenses": 48300000, "calculatedNetInterest": 0, "calculatedOtherIncome": -6400000, "calculatedIncomeNonControlling": 0, "calculatedEbitda": 109700000}, {"date": "1987-03-31", "symbol": "DXC", "reportedCurrency": "USD", "cik": "0001688568", "fillingDate": "1987-03-31", "acceptedDate": "1987-03-30 19:00:00", "calendarYear": "1987", "period": "FY", "revenue": 1031500000, "costOfRevenue": 925600000, "grossProfit": 105900000, "grossProfitRatio": 0.1026660204, "researchAndDevelopmentExpenses": 0, "generalAndAdministrativeExpenses": 0, "sellingAndMarketingExpenses": 0, "sellingGeneralAndAdministrativeExpenses": 13800000, "otherExpenses": 28400000, "operatingExpenses": 42200000, "costAndExpenses": 967800000, "interestIncome": 0, "interestExpense": 0, "depreciationAndAmortization": 28400000, "ebitda": 88200000, "ebitdaratio": 0.0855065439, "operatingIncome": 63700000, "operatingIncomeRatio": 0.0617547261, "totalOtherIncomeExpensesNet": 3900000, "incomeBeforeTax": 58100000, "incomeBeforeTaxRatio": 0.0563257392, "incomeTaxExpense": 25900000, "netIncome": 32200000, "netIncomeRatio": 0.0312166747, "eps": 0.35, "epsdiluted": 0.35, "weightedAverageShsOut": 92000000, "weightedAverageShsOutDil": 92000000, "link": "", "finalLink": "", "calculatedOtherExpenses": 28400000, "calculatedOperatingExpenses": 42200000, "calculatedNetInterest": 0, "calculatedOtherIncome": -5600000, "calculatedIncomeNonControlling": 0, "calculatedEbitda": 92100000}, {"date": "1986-03-31", "symbol": "DXC", "reportedCurrency": "USD", "cik": "0001688568", "fillingDate": "1986-03-31", "acceptedDate": "1986-03-30 19:00:00", "calendarYear": "1986", "period": "FY", "revenue": 838600000, "costOfRevenue": 756100000, "grossProfit": 82500000, "grossProfitRatio": 0.0983782495, "researchAndDevelopmentExpenses": 0, "generalAndAdministrativeExpenses": 0, "sellingAndMarketingExpenses": 0, "sellingGeneralAndAdministrativeExpenses": 11800000, "otherExpenses": 22300000, "operatingExpenses": 34100000, "costAndExpenses": 790200000, "interestIncome": 0, "interestExpense": 0, "depreciationAndAmortization": 22300000, "ebitda": 69800000, "ebitdaratio": 0.0832339614, "operatingIncome": 48400000, "operatingIncomeRatio": 0.0577152397, "totalOtherIncomeExpensesNet": 900000, "incomeBeforeTax": 42700000, "incomeBeforeTaxRatio": 0.050918197, "incomeTaxExpense": 18800000, "netIncome": 23900000, "netIncomeRatio": 0.0284998808, "eps": 0.28, "epsdiluted": 0.27, "weightedAverageShsOut": 85357143, "weightedAverageShsOutDil": 88518519, "link": "", "finalLink": "", "calculatedOtherExpenses": 22300000, "calculatedOperatingExpenses": 34100000, "calculatedNetInterest": 0, "calculatedOtherIncome": -5700000, "calculatedIncomeNonControlling": 0, "calculatedEbitda": 70700000}]}