{"originalCurrency": "USD", "convertedCurrency": "USD", "report": [{"date": "2023-12-31", "symbol": "DXCM", "reportedCurrency": "USD", "cik": "0001093557", "fillingDate": "2024-02-08", "acceptedDate": "2024-02-08 17:14:40", "calendarYear": "2023", "period": "FY", "revenue": 3622300000, "costOfRevenue": 1333400000, "grossProfit": 2288900000, "grossProfitRatio": 0.6318913398, "researchAndDevelopmentExpenses": 505800000, "generalAndAdministrativeExpenses": 1004600000, "sellingAndMarketingExpenses": 180800000, "sellingGeneralAndAdministrativeExpenses": 1185400000, "otherExpenses": -3900000, "operatingExpenses": 1691200000, "costAndExpenses": 3024600000, "interestIncome": 135000000, "interestExpense": 20300000, "depreciationAndAmortization": 186000000, "ebitda": 916700000, "ebitdaratio": 0.2530712531, "operatingIncome": 597700000, "operatingIncomeRatio": 0.1650056594, "totalOtherIncomeExpensesNet": -2000000, "incomeBeforeTax": 710400000, "incomeBeforeTaxRatio": 0.1961184883, "incomeTaxExpense": 168900000, "netIncome": 541500000, "netIncomeRatio": 0.1494906551, "eps": 1.4, "epsdiluted": 1.3, "weightedAverageShsOut": 386000000, "weightedAverageShsOutDil": 425500000, "link": "https://www.sec.gov/Archives/edgar/data/1093557/000109355724000021/0001093557-24-000021-index.htm", "finalLink": "https://www.sec.gov/Archives/edgar/data/1093557/000109355724000021/dxcm-20231231.htm", "calculatedOtherExpenses": 0, "calculatedOperatingExpenses": 1691200000, "calculatedNetInterest": 114700000, "calculatedOtherIncome": -2000000, "calculatedIncomeNonControlling": 0, "calculatedEbitda": 783700000}, {"date": "2022-12-31", "symbol": "DXCM", "reportedCurrency": "USD", "cik": "0001093557", "fillingDate": "2023-02-09", "acceptedDate": "2023-02-09 17:06:55", "calendarYear": "2022", "period": "FY", "revenue": 2909800000, "costOfRevenue": 1026700000, "grossProfit": 1883100000, "grossProfitRatio": 0.6471578803, "researchAndDevelopmentExpenses": 484200000, "generalAndAdministrativeExpenses": 867200000, "sellingAndMarketingExpenses": 133000000, "sellingGeneralAndAdministrativeExpenses": 1000200000, "otherExpenses": 7500000, "operatingExpenses": 1491900000, "costAndExpenses": 2518600000, "interestIncome": 18000000, "interestExpense": 18600000, "depreciationAndAmortization": 25700000, "ebitda": 416900000, "ebitdaratio": 0.1432744519, "operatingIncome": 391200000, "operatingIncomeRatio": 0.1344422297, "totalOtherIncomeExpensesNet": -400000, "incomeBeforeTax": 390800000, "incomeBeforeTaxRatio": 0.1343047632, "incomeTaxExpense": 49600000, "netIncome": 341200000, "netIncomeRatio": 0.1172589181, "eps": 0.88, "epsdiluted": 0.8, "weightedAverageShsOut": 389400000, "weightedAverageShsOutDil": 427500000, "link": "https://www.sec.gov/Archives/edgar/data/1093557/000109355723000024/0001093557-23-000024-index.htm", "finalLink": "https://www.sec.gov/Archives/edgar/data/1093557/000109355723000024/dxcm-20221231.htm", "calculatedOtherExpenses": 7500000, "calculatedOperatingExpenses": 1491900000, "calculatedNetInterest": -600000, "calculatedOtherIncome": 200000, "calculatedIncomeNonControlling": 0, "calculatedEbitda": 416900000}, {"date": "2021-12-31", "symbol": "DXCM", "reportedCurrency": "USD", "cik": "0001093557", "fillingDate": "2022-02-14", "acceptedDate": "2022-02-14 16:31:44", "calendarYear": "2021", "period": "FY", "revenue": 2448500000, "costOfRevenue": 768000000, "grossProfit": 1680500000, "grossProfitRatio": 0.6863385746, "researchAndDevelopmentExpenses": 604200000, "generalAndAdministrativeExpenses": 684100000, "sellingAndMarketingExpenses": 126400000, "sellingGeneralAndAdministrativeExpenses": 810500000, "otherExpenses": -1700000, "operatingExpenses": 1414700000, "costAndExpenses": 2182700000, "interestIncome": 1700000, "interestExpense": 102000000, "depreciationAndAmortization": 102000000, "ebitda": 277400000, "ebitdaratio": 0.1132938534, "operatingIncome": 175400000, "operatingIncomeRatio": 0.0716356953, "totalOtherIncomeExpensesNet": -1500000, "incomeBeforeTax": 173900000, "incomeBeforeTaxRatio": 0.0710230754, "incomeTaxExpense": 19200000, "netIncome": 154700000, "netIncomeRatio": 0.0631815397, "eps": 0.4, "epsdiluted": 0.36, "weightedAverageShsOut": 386900000, "weightedAverageShsOutDil": 428800000, "link": "https://www.sec.gov/Archives/edgar/data/1093557/000109355722000014/0001093557-22-000014-index.htm", "finalLink": "https://www.sec.gov/Archives/edgar/data/1093557/000109355722000014/dxcm-20211231.htm", "calculatedOtherExpenses": 90400000, "calculatedOperatingExpenses": 1505100000, "calculatedNetInterest": -100300000, "calculatedOtherIncome": 98800000, "calculatedIncomeNonControlling": 0, "calculatedEbitda": 277400000}, {"date": "2020-12-31", "symbol": "DXCM", "reportedCurrency": "USD", "cik": "0001093557", "fillingDate": "2021-02-11", "acceptedDate": "2021-02-11 17:18:05", "calendarYear": "2020", "period": "FY", "revenue": 1926700000, "costOfRevenue": 646600000, "grossProfit": 1280100000, "grossProfitRatio": 0.6644002699, "researchAndDevelopmentExpenses": 359900000, "generalAndAdministrativeExpenses": 544200000, "sellingAndMarketingExpenses": 76500000, "sellingGeneralAndAdministrativeExpenses": 620700000, "otherExpenses": 0, "operatingExpenses": 980600000, "costAndExpenses": 1627200000, "interestIncome": 16100000, "interestExpense": 84700000, "depreciationAndAmortization": 83200000, "ebitda": 382700000, "ebitdaratio": 0.1986297815, "operatingIncome": 299500000, "operatingIncomeRatio": 0.1554471376, "totalOtherIncomeExpensesNet": -74500000, "incomeBeforeTax": 225000000, "incomeBeforeTaxRatio": 0.1167799865, "incomeTaxExpense": -268600000, "netIncome": 493600000, "netIncomeRatio": 0.2561893393, "eps": 1.31, "epsdiluted": 1.27, "weightedAverageShsOut": 377600000, "weightedAverageShsOutDil": 390000000, "link": "https://www.sec.gov/Archives/edgar/data/1093557/000109355721000024/0001093557-21-000024-index.htm", "finalLink": "https://www.sec.gov/Archives/edgar/data/1093557/000109355721000024/dxcm-20201231.htm", "calculatedOtherExpenses": 0, "calculatedOperatingExpenses": 980600000, "calculatedNetInterest": -68600000, "calculatedOtherIncome": -5900000, "calculatedIncomeNonControlling": 0, "calculatedEbitda": 382700000}, {"date": "2019-12-31", "symbol": "DXCM", "reportedCurrency": "USD", "cik": "0001093557", "fillingDate": "2020-02-13", "acceptedDate": "2020-02-13 17:17:25", "calendarYear": "2019", "period": "FY", "revenue": 1476000000, "costOfRevenue": 544500000, "grossProfit": 931500000, "grossProfitRatio": 0.631097561, "researchAndDevelopmentExpenses": 273500000, "generalAndAdministrativeExpenses": 482600000, "sellingAndMarketingExpenses": 33100000, "sellingGeneralAndAdministrativeExpenses": 515700000, "otherExpenses": 0, "operatingExpenses": 789200000, "costAndExpenses": 1333700000, "interestIncome": 26400000, "interestExpense": 60300000, "depreciationAndAmortization": 22200000, "ebitda": 164500000, "ebitdaratio": 0.1114498645, "operatingIncome": 142300000, "operatingIncomeRatio": 0.0964092141, "totalOtherIncomeExpensesNet": -38100000, "incomeBeforeTax": 104200000, "incomeBeforeTaxRatio": 0.070596206, "incomeTaxExpense": 3100000, "netIncome": 101100000, "netIncomeRatio": 0.068495935, "eps": 0.28, "epsdiluted": 0.27, "weightedAverageShsOut": 364400000, "weightedAverageShsOutDil": 369200000, "link": "https://www.sec.gov/Archives/edgar/data/1093557/000109355720000029/0001093557-20-000029-index.htm", "finalLink": "https://www.sec.gov/Archives/edgar/data/1093557/000109355720000029/dxcm-12312019x10kasof1.htm", "calculatedOtherExpenses": 0, "calculatedOperatingExpenses": 789200000, "calculatedNetInterest": -33900000, "calculatedOtherIncome": -4200000, "calculatedIncomeNonControlling": 0, "calculatedEbitda": 164500000}, {"date": "2018-12-31", "symbol": "DXCM", "reportedCurrency": "USD", "cik": "0001093557", "fillingDate": "2019-02-21", "acceptedDate": "2019-02-21 17:12:49", "calendarYear": "2018", "period": "FY", "revenue": 1031600000, "costOfRevenue": 367700000, "grossProfit": 663900000, "grossProfitRatio": 0.6435633967, "researchAndDevelopmentExpenses": 417400000, "generalAndAdministrativeExpenses": 408800000, "sellingAndMarketingExpenses": 24000000, "sellingGeneralAndAdministrativeExpenses": 432800000, "otherExpenses": 0, "operatingExpenses": 850200000, "costAndExpenses": 1217900000, "interestIncome": 2400000, "interestExpense": 22700000, "depreciationAndAmortization": 29100000, "ebitda": -103800000, "ebitdaratio": -0.1006203955, "operatingIncome": -186300000, "operatingIncomeRatio": -0.1805932532, "totalOtherIncomeExpensesNet": 80100000, "incomeBeforeTax": -126500000, "incomeBeforeTaxRatio": -0.1226250485, "incomeTaxExpense": 600000, "netIncome": -127100000, "netIncomeRatio": -0.1232066693, "eps": -0.36, "epsdiluted": -0.36, "weightedAverageShsOut": 352800000, "weightedAverageShsOutDil": 352800000, "link": "https://www.sec.gov/Archives/edgar/data/1093557/000109355719000041/0001093557-19-000041-index.htm", "finalLink": "https://www.sec.gov/Archives/edgar/data/1093557/000109355719000041/dxcm-12312018x10k.htm", "calculatedOtherExpenses": 0, "calculatedOperatingExpenses": 850200000, "calculatedNetInterest": -20300000, "calculatedOtherIncome": 80100000, "calculatedIncomeNonControlling": 0, "calculatedEbitda": -157200000}, {"date": "2017-12-31", "symbol": "DXCM", "reportedCurrency": "USD", "cik": "0001093557", "fillingDate": "2018-02-27", "acceptedDate": "2018-02-27 17:22:24", "calendarYear": "2017", "period": "FY", "revenue": 718500000, "costOfRevenue": 226400000, "grossProfit": 492100000, "grossProfitRatio": 0.6848990953, "researchAndDevelopmentExpenses": 185400000, "generalAndAdministrativeExpenses": 327300000, "sellingAndMarketingExpenses": 21900000, "sellingGeneralAndAdministrativeExpenses": 349200000, "otherExpenses": 3400000, "operatingExpenses": 534600000, "costAndExpenses": 761000000, "interestIncome": 3300000, "interestExpense": 12800000, "depreciationAndAmortization": 16100000, "ebitda": -35800000, "ebitdaratio": -0.0498260264, "operatingIncome": -42500000, "operatingIncomeRatio": -0.059151009, "totalOtherIncomeExpensesNet": 3400000, "incomeBeforeTax": -48600000, "incomeBeforeTaxRatio": -0.0676409186, "incomeTaxExpense": 1600000, "netIncome": -50200000, "netIncomeRatio": -0.0698677801, "eps": -0.15, "epsdiluted": -0.15, "weightedAverageShsOut": 345200000, "weightedAverageShsOutDil": 345200000, "link": "https://www.sec.gov/Archives/edgar/data/1093557/000109355718000018/0001093557-18-000018-index.htm", "finalLink": "https://www.sec.gov/Archives/edgar/data/1093557/000109355718000018/dxcm-12312017x10k.htm", "calculatedOtherExpenses": 0, "calculatedOperatingExpenses": 534600000, "calculatedNetInterest": -9500000, "calculatedOtherIncome": 3400000, "calculatedIncomeNonControlling": 0, "calculatedEbitda": -26400000}, {"date": "2016-12-31", "symbol": "DXCM", "reportedCurrency": "USD", "cik": "0001093557", "fillingDate": "2017-02-28", "acceptedDate": "2017-02-28 17:18:02", "calendarYear": "2016", "period": "FY", "revenue": 573300000, "costOfRevenue": 194900000, "grossProfit": 378400000, "grossProfitRatio": 0.6600383743, "researchAndDevelopmentExpenses": 156100000, "generalAndAdministrativeExpenses": 274300000, "sellingAndMarketingExpenses": 11900000, "sellingGeneralAndAdministrativeExpenses": 286200000, "otherExpenses": -700000, "operatingExpenses": 442300000, "costAndExpenses": 637200000, "interestIncome": 400000, "interestExpense": 700000, "depreciationAndAmortization": 15000000, "ebitda": -64200000, "ebitdaratio": -0.1119832548, "operatingIncome": -63900000, "operatingIncomeRatio": -0.1114599686, "totalOtherIncomeExpensesNet": -700000, "incomeBeforeTax": -64900000, "incomeBeforeTaxRatio": -0.1132042561, "incomeTaxExpense": 700000, "netIncome": -65600000, "netIncomeRatio": -0.1144252573, "eps": -0.2, "epsdiluted": -0.2, "weightedAverageShsOut": 334400000, "weightedAverageShsOutDil": 334400000, "link": "https://www.sec.gov/Archives/edgar/data/1093557/000109355717000048/0001093557-17-000048-index.htm", "finalLink": "https://www.sec.gov/Archives/edgar/data/1093557/000109355717000048/dxcm-12312016x10k.htm", "calculatedOtherExpenses": 0, "calculatedOperatingExpenses": 442300000, "calculatedNetInterest": -300000, "calculatedOtherIncome": -700000, "calculatedIncomeNonControlling": 0, "calculatedEbitda": -48900000}, {"date": "2015-12-31", "symbol": "DXCM", "reportedCurrency": "USD", "cik": "0001093557", "fillingDate": "2016-02-23", "acceptedDate": "2016-02-23 17:21:02", "calendarYear": "2015", "period": "FY", "revenue": 402000000, "costOfRevenue": 123600000, "grossProfit": 278400000, "grossProfitRatio": 0.6925373134, "researchAndDevelopmentExpenses": 137500000, "generalAndAdministrativeExpenses": 194000000, "sellingAndMarketingExpenses": 4000000, "sellingGeneralAndAdministrativeExpenses": 198000000, "otherExpenses": 0, "operatingExpenses": 335500000, "costAndExpenses": 459100000, "interestIncome": 0, "interestExpense": 400000, "depreciationAndAmortization": 10800000, "ebitda": -57100000, "ebitdaratio": -0.142039801, "operatingIncome": -57100000, "operatingIncomeRatio": -0.142039801, "totalOtherIncomeExpensesNet": -400000, "incomeBeforeTax": -57500000, "incomeBeforeTaxRatio": -0.1430348259, "incomeTaxExpense": 100000, "netIncome": -57600000, "netIncomeRatio": -0.1432835821, "eps": -0.18, "epsdiluted": -0.18, "weightedAverageShsOut": 319200000, "weightedAverageShsOutDil": 319200000, "link": "https://www.sec.gov/Archives/edgar/data/1093557/000109355716000432/0001093557-16-000432-index.htm", "finalLink": "https://www.sec.gov/Archives/edgar/data/1093557/000109355716000432/dxcm-12312015x10k.htm", "calculatedOtherExpenses": 0, "calculatedOperatingExpenses": 335500000, "calculatedNetInterest": -400000, "calculatedOtherIncome": 0, "calculatedIncomeNonControlling": 0, "calculatedEbitda": -46300000}, {"date": "2014-12-31", "symbol": "DXCM", "reportedCurrency": "USD", "cik": "0001093557", "fillingDate": "2015-02-25", "acceptedDate": "2015-02-25 17:18:16", "calendarYear": "2014", "period": "FY", "revenue": 259200000, "costOfRevenue": 82900000, "grossProfit": 176300000, "grossProfitRatio": 0.6801697531, "researchAndDevelopmentExpenses": 69400000, "generalAndAdministrativeExpenses": 0, "sellingAndMarketingExpenses": 0, "sellingGeneralAndAdministrativeExpenses": 128400000, "otherExpenses": 0, "operatingExpenses": 197800000, "costAndExpenses": 280700000, "interestIncome": 0, "interestExpense": 800000, "depreciationAndAmortization": 8400000, "ebitda": -21500000, "ebitdaratio": -0.0829475309, "operatingIncome": -21500000, "operatingIncomeRatio": -0.0829475309, "totalOtherIncomeExpensesNet": -800000, "incomeBeforeTax": -22300000, "incomeBeforeTaxRatio": -0.0860339506, "incomeTaxExpense": 100000, "netIncome": -22400000, "netIncomeRatio": -0.0864197531, "eps": -0.0745, "epsdiluted": -0.0745, "weightedAverageShsOut": 300800000, "weightedAverageShsOutDil": 300800000, "link": "https://www.sec.gov/Archives/edgar/data/1093557/000109355715000040/0001093557-15-000040-index.htm", "finalLink": "https://www.sec.gov/Archives/edgar/data/1093557/000109355715000040/dxcm-12312014x10k.htm", "calculatedOtherExpenses": 0, "calculatedOperatingExpenses": 197800000, "calculatedNetInterest": -800000, "calculatedOtherIncome": 0, "calculatedIncomeNonControlling": 0, "calculatedEbitda": -13100000}, {"date": "2013-12-31", "symbol": "DXCM", "reportedCurrency": "USD", "cik": "0001093557", "fillingDate": "2014-02-20", "acceptedDate": "2014-02-20 17:22:00", "calendarYear": "2013", "period": "FY", "revenue": 160000000, "costOfRevenue": 59900000, "grossProfit": 100100000, "grossProfitRatio": 0.625625, "researchAndDevelopmentExpenses": 44800000, "generalAndAdministrativeExpenses": 0, "sellingAndMarketingExpenses": 0, "sellingGeneralAndAdministrativeExpenses": 84200000, "otherExpenses": 0, "operatingExpenses": 129000000, "costAndExpenses": 188900000, "interestIncome": 0, "interestExpense": 900000, "depreciationAndAmortization": 7000000, "ebitda": -21900000, "ebitdaratio": -0.136875, "operatingIncome": -28900000, "operatingIncomeRatio": -0.180625, "totalOtherIncomeExpensesNet": -900000, "incomeBeforeTax": -29800000, "incomeBeforeTaxRatio": -0.18625, "incomeTaxExpense": 0, "netIncome": -29800000, "netIncomeRatio": -0.18625, "eps": -0.1, "epsdiluted": -0.1, "weightedAverageShsOut": 284400000, "weightedAverageShsOutDil": 284400000, "link": "https://www.sec.gov/Archives/edgar/data/1093557/000109355714000028/0001093557-14-000028-index.htm", "finalLink": "https://www.sec.gov/Archives/edgar/data/1093557/000109355714000028/dxcm-12312013x10k.htm", "calculatedOtherExpenses": 0, "calculatedOperatingExpenses": 129000000, "calculatedNetInterest": -900000, "calculatedOtherIncome": 0, "calculatedIncomeNonControlling": 0, "calculatedEbitda": -21900000}, {"date": "2012-12-31", "symbol": "DXCM", "reportedCurrency": "USD", "cik": "0001093557", "fillingDate": "2013-02-21", "acceptedDate": "2013-02-21 17:22:34", "calendarYear": "2012", "period": "FY", "revenue": 99900000, "costOfRevenue": 53300000, "grossProfit": 46600000, "grossProfitRatio": 0.4664664665, "researchAndDevelopmentExpenses": 39500000, "generalAndAdministrativeExpenses": 0, "sellingAndMarketingExpenses": 0, "sellingGeneralAndAdministrativeExpenses": 62800000, "otherExpenses": 0, "operatingExpenses": 102300000, "costAndExpenses": 155600000, "interestIncome": 100000, "interestExpense": 200000, "depreciationAndAmortization": 6600000, "ebitda": -49000000, "ebitdaratio": -0.4904904905, "operatingIncome": -55700000, "operatingIncomeRatio": -0.5575575576, "totalOtherIncomeExpensesNet": -100000, "incomeBeforeTax": -55800000, "incomeBeforeTaxRatio": -0.5585585586, "incomeTaxExpense": -1300000, "netIncome": -54500000, "netIncomeRatio": -0.5455455455, "eps": -0.2, "epsdiluted": -0.2, "weightedAverageShsOut": 274800000, "weightedAverageShsOutDil": 274800000, "link": "https://www.sec.gov/Archives/edgar/data/1093557/000119312513069590/0001193125-13-069590-index.htm", "finalLink": "https://www.sec.gov/Archives/edgar/data/1093557/000119312513069590/d449646d10k.htm", "calculatedOtherExpenses": 0, "calculatedOperatingExpenses": 102300000, "calculatedNetInterest": -100000, "calculatedOtherIncome": 0, "calculatedIncomeNonControlling": 0, "calculatedEbitda": -49100000}, {"date": "2011-12-31", "symbol": "DXCM", "reportedCurrency": "USD", "cik": "0001093557", "fillingDate": "2012-02-23", "acceptedDate": "2012-02-23 17:25:48", "calendarYear": "2011", "period": "FY", "revenue": 76266000, "costOfRevenue": 40422000, "grossProfit": 35844000, "grossProfitRatio": 0.4699866258, "researchAndDevelopmentExpenses": 30747000, "generalAndAdministrativeExpenses": 0, "sellingAndMarketingExpenses": 0, "sellingGeneralAndAdministrativeExpenses": 49940000, "otherExpenses": 1000, "operatingExpenses": 80687000, "costAndExpenses": 121109000, "interestIncome": 107000, "interestExpense": 11000, "depreciationAndAmortization": 3759000, "ebitda": -41085000, "ebitdaratio": -0.5387066321, "operatingIncome": -44843000, "operatingIncomeRatio": -0.5879815383, "totalOtherIncomeExpensesNet": 1000, "incomeBeforeTax": -44746000, "incomeBeforeTaxRatio": -0.586709674, "incomeTaxExpense": -97000, "netIncome": -44746000, "netIncomeRatio": -0.586709674, "eps": -0.17, "epsdiluted": -0.17, "weightedAverageShsOut": 262400000, "weightedAverageShsOutDil": 262400000, "link": "https://www.sec.gov/Archives/edgar/data/1093557/000119312512075640/0001193125-12-075640-index.htm", "finalLink": "https://www.sec.gov/Archives/edgar/data/1093557/000119312512075640/d270314d10k.htm", "calculatedOtherExpenses": 0, "calculatedOperatingExpenses": 80687000, "calculatedNetInterest": 96000, "calculatedOtherIncome": 1000, "calculatedIncomeNonControlling": 97000, "calculatedEbitda": -41084000}, {"date": "2010-12-31", "symbol": "DXCM", "reportedCurrency": "USD", "cik": "0001093557", "fillingDate": "2011-03-03", "acceptedDate": "2011-03-03 17:15:24", "calendarYear": "2010", "period": "FY", "revenue": 48631000, "costOfRevenue": 30188000, "grossProfit": 18443000, "grossProfitRatio": 0.3792436923, "researchAndDevelopmentExpenses": 23227000, "generalAndAdministrativeExpenses": 0, "sellingAndMarketingExpenses": 0, "sellingGeneralAndAdministrativeExpenses": 40506000, "otherExpenses": 0, "operatingExpenses": 63733000, "costAndExpenses": 93921000, "interestIncome": 95000, "interestExpense": 1548000, "depreciationAndAmortization": 2437000, "ebitda": -34426000, "ebitdaratio": -0.7079023668, "operatingIncome": -45290000, "operatingIncomeRatio": -0.9312989657, "totalOtherIncomeExpensesNet": -8427000, "incomeBeforeTax": -55170000, "incomeBeforeTaxRatio": -1.1344615574, "incomeTaxExpense": 9880000, "netIncome": -55170000, "netIncomeRatio": -1.1344615574, "eps": -0.24, "epsdiluted": -0.24, "weightedAverageShsOut": 227600000, "weightedAverageShsOutDil": 227600000, "link": "https://www.sec.gov/Archives/edgar/data/1093557/000119312511055131/0001193125-11-055131-index.htm", "finalLink": "https://www.sec.gov/Archives/edgar/data/1093557/000119312511055131/d10k.htm", "calculatedOtherExpenses": 0, "calculatedOperatingExpenses": 63733000, "calculatedNetInterest": -1453000, "calculatedOtherIncome": -8427000, "calculatedIncomeNonControlling": -9880000, "calculatedEbitda": -42853000}, {"date": "2009-12-31", "symbol": "DXCM", "reportedCurrency": "USD", "cik": "0001093557", "fillingDate": "2010-03-09", "acceptedDate": "2010-03-09 17:04:09", "calendarYear": "2009", "period": "FY", "revenue": 29693000, "costOfRevenue": 26032000, "grossProfit": 3661000, "grossProfitRatio": 0.1232950527, "researchAndDevelopmentExpenses": 14294000, "generalAndAdministrativeExpenses": 0, "sellingAndMarketingExpenses": 0, "sellingGeneralAndAdministrativeExpenses": 35200000, "otherExpenses": 0, "operatingExpenses": 49494000, "costAndExpenses": 75526000, "interestIncome": 354000, "interestExpense": 8045000, "depreciationAndAmortization": 2373000, "ebitda": -43460000, "ebitdaratio": -1.46364463, "operatingIncome": -45833000, "operatingIncomeRatio": -1.5435624558, "totalOtherIncomeExpensesNet": -7691000, "incomeBeforeTax": -53524000, "incomeBeforeTaxRatio": -1.8025797326, "incomeTaxExpense": 0, "netIncome": -53524000, "netIncomeRatio": -1.8025797326, "eps": -0.3, "epsdiluted": -0.3, "weightedAverageShsOut": 177388000, "weightedAverageShsOutDil": 177388000, "link": "https://www.sec.gov/Archives/edgar/data/1093557/000119312510051468/0001193125-10-051468-index.htm", "finalLink": "https://www.sec.gov/Archives/edgar/data/1093557/000119312510051468/d10k.htm", "calculatedOtherExpenses": 0, "calculatedOperatingExpenses": 49494000, "calculatedNetInterest": -7691000, "calculatedOtherIncome": 0, "calculatedIncomeNonControlling": 0, "calculatedEbitda": -43460000}, {"date": "2008-12-31", "symbol": "DXCM", "reportedCurrency": "USD", "cik": "0001093557", "fillingDate": "2009-03-05", "acceptedDate": "2009-03-05 16:20:28", "calendarYear": "2008", "period": "FY", "revenue": 9838000, "costOfRevenue": 15367000, "grossProfit": -5529000, "grossProfitRatio": -0.5620044725, "researchAndDevelopmentExpenses": 19629000, "generalAndAdministrativeExpenses": 0, "sellingAndMarketingExpenses": 0, "sellingGeneralAndAdministrativeExpenses": 27669000, "otherExpenses": 0, "operatingExpenses": 47298000, "costAndExpenses": 62665000, "interestIncome": 1220000, "interestExpense": -3611000, "depreciationAndAmortization": 3582000, "ebitda": -49279000, "ebitdaratio": -5.0090465542, "operatingIncome": -52827000, "operatingIncomeRatio": -5.3696889612, "totalOtherIncomeExpensesNet": 34000, "incomeBeforeTax": -55184000, "incomeBeforeTaxRatio": -5.6092701769, "incomeTaxExpense": 2357000, "netIncome": -55184000, "netIncomeRatio": -5.6092701769, "eps": -0.47, "epsdiluted": -0.47, "weightedAverageShsOut": 117948000, "weightedAverageShsOutDil": 117948000, "link": "https://www.sec.gov/Archives/edgar/data/1093557/000119312509046182/0001193125-09-046182-index.htm", "finalLink": "https://www.sec.gov/Archives/edgar/data/1093557/000119312509046182/d10k.htm", "calculatedOtherExpenses": 0, "calculatedOperatingExpenses": 47298000, "calculatedNetInterest": 4831000, "calculatedOtherIncome": -7188000, "calculatedIncomeNonControlling": -2357000, "calculatedEbitda": -49245000}, {"date": "2007-12-31", "symbol": "DXCM", "reportedCurrency": "USD", "cik": "0001093557", "fillingDate": "2008-03-11", "acceptedDate": "2008-03-11 17:12:06", "calendarYear": "2007", "period": "FY", "revenue": 4627000, "costOfRevenue": 12736000, "grossProfit": -8109000, "grossProfitRatio": -1.7525394424, "researchAndDevelopmentExpenses": 16131000, "generalAndAdministrativeExpenses": 0, "sellingAndMarketingExpenses": 0, "sellingGeneralAndAdministrativeExpenses": 22436000, "otherExpenses": 0, "operatingExpenses": 38567000, "costAndExpenses": 51303000, "interestIncome": 0, "interestExpense": 0, "depreciationAndAmortization": 3332000, "ebitda": -43344000, "ebitdaratio": -9.3676248109, "operatingIncome": -46676000, "operatingIncomeRatio": -10.0877458396, "totalOtherIncomeExpensesNet": 798000, "incomeBeforeTax": -45878000, "incomeBeforeTaxRatio": -9.915279879, "incomeTaxExpense": 0, "netIncome": -45878000, "netIncomeRatio": -9.915279879, "eps": -0.41, "epsdiluted": -0.41, "weightedAverageShsOut": 113252000, "weightedAverageShsOutDil": 113252000, "link": "https://www.sec.gov/Archives/edgar/data/1093557/000119312508053011/0001193125-08-053011-index.htm", "finalLink": "https://www.sec.gov/Archives/edgar/data/1093557/000119312508053011/d10k.htm", "calculatedOtherExpenses": 0, "calculatedOperatingExpenses": 38567000, "calculatedNetInterest": 0, "calculatedOtherIncome": 798000, "calculatedIncomeNonControlling": 0, "calculatedEbitda": -43344000}, {"date": "2006-12-31", "symbol": "DXCM", "reportedCurrency": "USD", "cik": "0001093557", "fillingDate": "2007-02-27", "acceptedDate": "2007-02-27 17:22:31", "calendarYear": "2006", "period": "FY", "revenue": 2169790, "costOfRevenue": 10958953, "grossProfit": -8789163, "grossProfitRatio": -4.0506975329, "researchAndDevelopmentExpenses": 19419550, "generalAndAdministrativeExpenses": 21111000, "sellingAndMarketingExpenses": 325, "sellingGeneralAndAdministrativeExpenses": 21111325, "otherExpenses": 0, "operatingExpenses": 40530875, "costAndExpenses": 51489828, "interestIncome": 0, "interestExpense": 0, "depreciationAndAmortization": 2697912, "ebitda": -46622126, "ebitdaratio": -21.4869300716, "operatingIncome": -49320038, "operatingIncomeRatio": -22.7303278197, "totalOtherIncomeExpensesNet": 2721000, "incomeBeforeTax": -46599000, "incomeBeforeTaxRatio": -21.4762718973, "incomeTaxExpense": 253, "netIncome": -46599291, "netIncomeRatio": -21.4764060116, "eps": -0.43, "epsdiluted": -0.43, "weightedAverageShsOut": 108944000, "weightedAverageShsOutDil": 108944000, "link": "https://www.sec.gov/Archives/edgar/data/1093557/000110465907014481/0001104659-07-014481-index.htm", "finalLink": "https://www.sec.gov/Archives/edgar/data/1093557/000110465907014481/a07-5390_110k.htm", "calculatedOtherExpenses": 0, "calculatedOperatingExpenses": 40530875, "calculatedNetInterest": 0, "calculatedOtherIncome": 2721038, "calculatedIncomeNonControlling": 38, "calculatedEbitda": -46622126}, {"date": "2005-12-31", "symbol": "DXCM", "reportedCurrency": "USD", "cik": "0001093557", "fillingDate": "2006-02-27", "acceptedDate": "2006-02-27 16:04:27", "calendarYear": "2005", "period": "FY", "revenue": 0, "costOfRevenue": 0, "grossProfit": 0, "grossProfitRatio": 0, "researchAndDevelopmentExpenses": 26769514, "generalAndAdministrativeExpenses": 0, "sellingAndMarketingExpenses": 0, "sellingGeneralAndAdministrativeExpenses": 5659960, "otherExpenses": 0, "operatingExpenses": 32429474, "costAndExpenses": 32429474, "interestIncome": 0, "interestExpense": 0, "depreciationAndAmortization": 1065007, "ebitda": -31364467, "ebitdaratio": 0, "operatingIncome": -32429474, "operatingIncomeRatio": 0, "totalOtherIncomeExpensesNet": -30857232526, "incomeBeforeTax": -30889662000, "incomeBeforeTaxRatio": 0, "incomeTaxExpense": -30858894570, "netIncome": -30767430, "netIncomeRatio": 0, "eps": -0.41, "epsdiluted": -0.41, "weightedAverageShsOut": 75776832, "weightedAverageShsOutDil": 75776832, "link": "https://www.sec.gov/Archives/edgar/data/1093557/000110465906012220/0001104659-06-012220-index.htm", "finalLink": "https://www.sec.gov/Archives/edgar/data/1093557/000110465906012220/a06-5268_210k.htm", "calculatedOtherExpenses": 0, "calculatedOperatingExpenses": 32429474, "calculatedNetInterest": 0, "calculatedOtherIncome": -30857232526, "calculatedIncomeNonControlling": 0, "calculatedEbitda": -31364467}, {"date": "2004-12-31", "symbol": "DXCM", "reportedCurrency": "USD", "cik": "0001093557", "fillingDate": "2004-12-31", "acceptedDate": "2004-12-30 19:00:00", "calendarYear": "2004", "period": "FY", "revenue": 0, "costOfRevenue": 0, "grossProfit": 0, "grossProfitRatio": 0, "researchAndDevelopmentExpenses": 12469842, "generalAndAdministrativeExpenses": 0, "sellingAndMarketingExpenses": 0, "sellingGeneralAndAdministrativeExpenses": 1597275, "otherExpenses": 0, "operatingExpenses": 14067117, "costAndExpenses": 14067117, "interestIncome": 0, "interestExpense": 0, "depreciationAndAmortization": 935494, "ebitda": -13131623, "ebitdaratio": 0, "operatingIncome": -14067117, "operatingIncomeRatio": 0, "totalOtherIncomeExpensesNet": 0, "incomeBeforeTax": 0, "incomeBeforeTaxRatio": 0, "incomeTaxExpense": -120653, "netIncome": -13946464, "netIncomeRatio": 0, "eps": -1.53, "epsdiluted": -1.53, "weightedAverageShsOut": 9144000, "weightedAverageShsOutDil": 9144000, "link": "", "finalLink": "", "calculatedOtherExpenses": 0, "calculatedOperatingExpenses": 14067117, "calculatedNetInterest": 0, "calculatedOtherIncome": 14067117, "calculatedIncomeNonControlling": 14067117, "calculatedEbitda": -13131623}, {"date": "2003-12-31", "symbol": "DXCM", "reportedCurrency": "USD", "cik": "0001093557", "fillingDate": "2003-12-31", "acceptedDate": "2003-12-30 19:00:00", "calendarYear": "2003", "period": "FY", "revenue": 0, "costOfRevenue": 0, "grossProfit": 0, "grossProfitRatio": 0, "researchAndDevelopmentExpenses": 8934631, "generalAndAdministrativeExpenses": 0, "sellingAndMarketingExpenses": 0, "sellingGeneralAndAdministrativeExpenses": 1249960, "otherExpenses": 0, "operatingExpenses": 10184591, "costAndExpenses": 10184591, "interestIncome": 0, "interestExpense": 0, "depreciationAndAmortization": 353550, "ebitda": -9831041, "ebitdaratio": 0, "operatingIncome": -10184591, "operatingIncomeRatio": 0, "totalOtherIncomeExpensesNet": 0, "incomeBeforeTax": 0, "incomeBeforeTaxRatio": 0, "incomeTaxExpense": -270000, "netIncome": -9914591, "netIncomeRatio": 0, "eps": -1.14, "epsdiluted": -1.14, "weightedAverageShsOut": 8679688, "weightedAverageShsOutDil": 8679688, "link": "", "finalLink": "", "calculatedOtherExpenses": 0, "calculatedOperatingExpenses": 10184591, "calculatedNetInterest": 0, "calculatedOtherIncome": 10184591, "calculatedIncomeNonControlling": 10184591, "calculatedEbitda": -9831041}, {"date": "2002-12-31", "symbol": "DXCM", "reportedCurrency": "USD", "cik": "0001093557", "fillingDate": "2002-12-31", "acceptedDate": "2002-12-30 19:00:00", "calendarYear": "2002", "period": "FY", "revenue": 0, "costOfRevenue": 0, "grossProfit": 0, "grossProfitRatio": 0, "researchAndDevelopmentExpenses": 6310907, "generalAndAdministrativeExpenses": 0, "sellingAndMarketingExpenses": 0, "sellingGeneralAndAdministrativeExpenses": 0, "otherExpenses": 0, "operatingExpenses": 6310907, "costAndExpenses": 6310907, "interestIncome": 0, "interestExpense": 0, "depreciationAndAmortization": 0, "ebitda": -6310907, "ebitdaratio": 0, "operatingIncome": -6310907, "operatingIncomeRatio": 0, "totalOtherIncomeExpensesNet": 0, "incomeBeforeTax": 0, "incomeBeforeTaxRatio": 0, "incomeTaxExpense": 7708029, "netIncome": -7708029, "netIncomeRatio": 0, "eps": -0.94, "epsdiluted": -0.94, "weightedAverageShsOut": 8184832, "weightedAverageShsOutDil": 8184832, "link": "", "finalLink": "", "calculatedOtherExpenses": 0, "calculatedOperatingExpenses": 6310907, "calculatedNetInterest": 0, "calculatedOtherIncome": 6310907, "calculatedIncomeNonControlling": 0, "calculatedEbitda": -6310907}, {"date": "2001-12-31", "symbol": "DXCM", "reportedCurrency": "USD", "cik": "0001093557", "fillingDate": "2001-12-31", "acceptedDate": "2001-12-30 19:00:00", "calendarYear": "2001", "period": "FY", "revenue": 0, "costOfRevenue": 0, "grossProfit": 0, "grossProfitRatio": 0, "researchAndDevelopmentExpenses": 5039000, "generalAndAdministrativeExpenses": 0, "sellingAndMarketingExpenses": 0, "sellingGeneralAndAdministrativeExpenses": 1685000, "otherExpenses": 0, "operatingExpenses": 6724000, "costAndExpenses": 6724000, "interestIncome": 0, "interestExpense": 0, "depreciationAndAmortization": 0, "ebitda": -6724000, "ebitdaratio": 0, "operatingIncome": -6724000, "operatingIncomeRatio": 0, "totalOtherIncomeExpensesNet": 0, "incomeBeforeTax": 0, "incomeBeforeTaxRatio": 0, "incomeTaxExpense": 6273000, "netIncome": -6273000, "netIncomeRatio": 0, "eps": -0.83, "epsdiluted": -0.83, "weightedAverageShsOut": 7585976, "weightedAverageShsOutDil": 7585976, "link": "", "finalLink": "", "calculatedOtherExpenses": 0, "calculatedOperatingExpenses": 6724000, "calculatedNetInterest": 0, "calculatedOtherIncome": 6724000, "calculatedIncomeNonControlling": 0, "calculatedEbitda": -6724000}, {"date": "2000-12-31", "symbol": "DXCM", "reportedCurrency": "USD", "cik": "0001093557", "fillingDate": "2000-12-31", "acceptedDate": "2000-12-30 19:00:00", "calendarYear": "2000", "period": "FY", "revenue": 0, "costOfRevenue": 0, "grossProfit": 0, "grossProfitRatio": 0, "researchAndDevelopmentExpenses": 2902000, "generalAndAdministrativeExpenses": 0, "sellingAndMarketingExpenses": 0, "sellingGeneralAndAdministrativeExpenses": 1112000, "otherExpenses": 0, "operatingExpenses": 4014000, "costAndExpenses": 4014000, "interestIncome": 0, "interestExpense": 0, "depreciationAndAmortization": 0, "ebitda": -4014000, "ebitdaratio": 0, "operatingIncome": -4014000, "operatingIncomeRatio": 0, "totalOtherIncomeExpensesNet": 0, "incomeBeforeTax": 0, "incomeBeforeTaxRatio": 0, "incomeTaxExpense": 3965000, "netIncome": -3965000, "netIncomeRatio": 0, "eps": -0.57, "epsdiluted": -0.57, "weightedAverageShsOut": 6908096, "weightedAverageShsOutDil": 6908096, "link": "", "finalLink": "", "calculatedOtherExpenses": 0, "calculatedOperatingExpenses": 4014000, "calculatedNetInterest": 0, "calculatedOtherIncome": 4014000, "calculatedIncomeNonControlling": 0, "calculatedEbitda": -4014000}]}