{"originalCurrency": "USD", "convertedCurrency": "USD", "report": [{"date": "2024-01-27", "symbol": "DY", "reportedCurrency": "USD", "cik": "0000067215", "fillingDate": "2024-03-01", "acceptedDate": "2024-03-01 08:43:57", "calendarYear": "2024", "period": "FY", "revenue": 4175573999, "costOfRevenue": 3524907000, "grossProfit": 650666999, "grossProfitRatio": 0.1558269592, "researchAndDevelopmentExpenses": 0, "generalAndAdministrativeExpenses": 327674000, "sellingAndMarketingExpenses": 0, "sellingGeneralAndAdministrativeExpenses": 327674000, "otherExpenses": -6739000, "operatingExpenses": 327674000, "costAndExpenses": 3852581000, "interestIncome": 0, "interestExpense": 52603000, "depreciationAndAmortization": 163092000, "ebitda": 486085000, "ebitdaratio": 0.1164115401, "operatingIncome": 322993000, "operatingIncomeRatio": 0.077352958, "totalOtherIncomeExpensesNet": -30994000, "incomeBeforeTax": 291999000, "incomeBeforeTaxRatio": 0.0699302659, "incomeTaxExpense": 73076000, "netIncome": 218923000, "netIncomeRatio": 0.0524294385, "eps": 7.46, "epsdiluted": 7.37, "weightedAverageShsOut": 29333054, "weightedAverageShsOutDil": 29698926, "link": "https://www.sec.gov/Archives/edgar/data/67215/000006721524000014/0000067215-24-000014-index.htm", "finalLink": "https://www.sec.gov/Archives/edgar/data/67215/000006721524000014/dy-20240127.htm", "calculatedOtherExpenses": -1, "calculatedOperatingExpenses": 327673999, "calculatedNetInterest": -52603000, "calculatedOtherIncome": 21609000, "calculatedIncomeNonControlling": 0, "calculatedEbitda": 486085000}, {"date": "2023-01-28", "symbol": "DY", "reportedCurrency": "USD", "cik": "0000067215", "fillingDate": "2023-03-03", "acceptedDate": "2023-03-03 08:39:14", "calendarYear": "2023", "period": "FY", "revenue": 3808462000, "costOfRevenue": 3160264000, "grossProfit": 648198000, "grossProfitRatio": 0.1701994138, "researchAndDevelopmentExpenses": 0, "generalAndAdministrativeExpenses": 293478000, "sellingAndMarketingExpenses": 0, "sellingGeneralAndAdministrativeExpenses": 293478000, "otherExpenses": 144181000, "operatingExpenses": 437659000, "costAndExpenses": 3597923000, "interestIncome": 0, "interestExpense": 40618000, "depreciationAndAmortization": 144181000, "ebitda": 364921000, "ebitdaratio": 0.0958184695, "operatingIncome": 220740000, "operatingIncomeRatio": 0.057960405, "totalOtherIncomeExpensesNet": -40618000, "incomeBeforeTax": 180122000, "incomeBeforeTaxRatio": 0.0472952074, "incomeTaxExpense": 37909000, "netIncome": 142213000, "netIncomeRatio": 0.0373413205, "eps": 4.81, "epsdiluted": 4.74, "weightedAverageShsOut": 29549990, "weightedAverageShsOutDil": 29996591, "link": "https://www.sec.gov/Archives/edgar/data/67215/000006721523000011/0000067215-23-000011-index.htm", "finalLink": "https://www.sec.gov/Archives/edgar/data/67215/000006721523000011/dy-20230128.htm", "calculatedOtherExpenses": 133980000, "calculatedOperatingExpenses": 427458000, "calculatedNetInterest": -40618000, "calculatedOtherIncome": 0, "calculatedIncomeNonControlling": 0, "calculatedEbitda": 364921000}, {"date": "2022-01-29", "symbol": "DY", "reportedCurrency": "USD", "cik": "0000067215", "fillingDate": "2022-03-04", "acceptedDate": "2022-03-04 09:06:43", "calendarYear": "2022", "period": "FY", "revenue": 3130519000, "costOfRevenue": 2633877000, "grossProfit": 496642000, "grossProfitRatio": 0.1586452598, "researchAndDevelopmentExpenses": 0, "generalAndAdministrativeExpenses": 262432000, "sellingAndMarketingExpenses": 0, "sellingGeneralAndAdministrativeExpenses": 262432000, "otherExpenses": 152652000, "operatingExpenses": 415084000, "costAndExpenses": 3048961000, "interestIncome": 0, "interestExpense": 33166000, "depreciationAndAmortization": 152652000, "ebitda": 238656000, "ebitdaratio": 0.0762352824, "operatingIncome": 86004000, "operatingIncomeRatio": 0.0274727609, "totalOtherIncomeExpensesNet": -33228000, "incomeBeforeTax": 52776000, "incomeBeforeTaxRatio": 0.0168585465, "incomeTaxExpense": 4202000, "netIncome": 48574000, "netIncomeRatio": 0.015516277, "eps": 1.6, "epsdiluted": 1.57, "weightedAverageShsOut": 30337544, "weightedAverageShsOutDil": 30844211, "link": "https://www.sec.gov/Archives/edgar/data/67215/000006721522000011/0000067215-22-000011-index.htm", "finalLink": "https://www.sec.gov/Archives/edgar/data/67215/000006721522000011/dy-20220129.htm", "calculatedOtherExpenses": 148206000, "calculatedOperatingExpenses": 410638000, "calculatedNetInterest": -33166000, "calculatedOtherIncome": -62000, "calculatedIncomeNonControlling": 0, "calculatedEbitda": 238656000}, {"date": "2021-01-30", "symbol": "DY", "reportedCurrency": "USD", "cik": "0000067215", "fillingDate": "2021-03-05", "acceptedDate": "2021-03-05 09:24:13", "calendarYear": "2021", "period": "FY", "revenue": 3199165000, "costOfRevenue": 2641989000, "grossProfit": 557176000, "grossProfitRatio": 0.1741629456, "researchAndDevelopmentExpenses": 0, "generalAndAdministrativeExpenses": 259770000, "sellingAndMarketingExpenses": 0, "sellingGeneralAndAdministrativeExpenses": 259770000, "otherExpenses": 175897000, "operatingExpenses": 435667000, "costAndExpenses": 3077656000, "interestIncome": 0, "interestExpense": 29671000, "depreciationAndAmortization": 175897000, "ebitda": 306003000, "ebitdaratio": 0.0956508964, "operatingIncome": 130106000, "operatingIncomeRatio": 0.040668737, "totalOtherIncomeExpensesNet": -70889000, "incomeBeforeTax": 59217000, "incomeBeforeTaxRatio": 0.0185101425, "incomeTaxExpense": 24880000, "netIncome": 34337000, "netIncomeRatio": 0.0107331132, "eps": 1.08, "epsdiluted": 1.07, "weightedAverageShsOut": 31665183, "weightedAverageShsOutDil": 32090578, "link": "https://www.sec.gov/Archives/edgar/data/67215/000006721521000010/0000067215-21-000010-index.htm", "finalLink": "https://www.sec.gov/Archives/edgar/data/67215/000006721521000010/dy-20210130.htm", "calculatedOtherExpenses": 167300000, "calculatedOperatingExpenses": 427070000, "calculatedNetInterest": -29671000, "calculatedOtherIncome": -41218000, "calculatedIncomeNonControlling": 0, "calculatedEbitda": 306003000}, {"date": "2020-01-25", "symbol": "DY", "reportedCurrency": "USD", "cik": "0000067215", "fillingDate": "2020-03-02", "acceptedDate": "2020-03-02 08:31:52", "calendarYear": "2020", "period": "FY", "revenue": 3339682000, "costOfRevenue": 2779730000, "grossProfit": 559952000, "grossProfitRatio": 0.1676662628, "researchAndDevelopmentExpenses": 0, "generalAndAdministrativeExpenses": 254590000, "sellingAndMarketingExpenses": 0, "sellingGeneralAndAdministrativeExpenses": 254590000, "otherExpenses": 187556000, "operatingExpenses": 442146000, "costAndExpenses": 3221876000, "interestIncome": 0, "interestExpense": 50859000, "depreciationAndAmortization": 187556000, "ebitda": 317027000, "ebitdaratio": 0.0949273015, "operatingIncome": 129471000, "operatingIncomeRatio": 0.0387674635, "totalOtherIncomeExpensesNet": -50935000, "incomeBeforeTax": 78536000, "incomeBeforeTaxRatio": 0.0235160114, "incomeTaxExpense": 21321000, "netIncome": 57215000, "netIncomeRatio": 0.0171318706, "eps": 1.82, "epsdiluted": 1.8, "weightedAverageShsOut": 31498474, "weightedAverageShsOutDil": 31821782, "link": "https://www.sec.gov/Archives/edgar/data/67215/000006721520000012/0000067215-20-000012-index.htm", "finalLink": "https://www.sec.gov/Archives/edgar/data/67215/000006721520000012/dyfy202010k.htm", "calculatedOtherExpenses": 175891000, "calculatedOperatingExpenses": 430481000, "calculatedNetInterest": -50859000, "calculatedOtherIncome": -76000, "calculatedIncomeNonControlling": 0, "calculatedEbitda": 317027000}, {"date": "2019-01-26", "symbol": "DY", "reportedCurrency": "USD", "cik": "0000067215", "fillingDate": "2019-03-04", "acceptedDate": "2019-03-04 06:55:43", "calendarYear": "2019", "period": "FY", "revenue": 3127700000, "costOfRevenue": 2562392000, "grossProfit": 565308000, "grossProfitRatio": 0.1807423986, "researchAndDevelopmentExpenses": 0, "generalAndAdministrativeExpenses": 269140000, "sellingAndMarketingExpenses": 0, "sellingGeneralAndAdministrativeExpenses": 269140000, "otherExpenses": 15842000, "operatingExpenses": 448743000, "costAndExpenses": 3011135000, "interestIncome": 0, "interestExpense": 44369000, "depreciationAndAmortization": 179603000, "ebitda": 312010000, "ebitdaratio": 0.0997570099, "operatingIncome": 113017000, "operatingIncomeRatio": 0.03613422, "totalOtherIncomeExpensesNet": 15842000, "incomeBeforeTax": 88038000, "incomeBeforeTaxRatio": 0.0281478403, "incomeTaxExpense": 25131000, "netIncome": 62907000, "netIncomeRatio": 0.0201128625, "eps": 2.01, "epsdiluted": 1.97, "weightedAverageShsOut": 31250376, "weightedAverageShsOutDil": 31990168, "link": "https://www.sec.gov/Archives/edgar/data/67215/000006721519000008/0000067215-19-000008-index.htm", "finalLink": "https://www.sec.gov/Archives/edgar/data/67215/000006721519000008/dyfy201910k.htm", "calculatedOtherExpenses": 183151000, "calculatedOperatingExpenses": 452291000, "calculatedNetInterest": -44369000, "calculatedOtherIncome": 19390000, "calculatedIncomeNonControlling": 0, "calculatedEbitda": 292620000}, {"date": "2017-07-29", "symbol": "DY", "reportedCurrency": "USD", "cik": "0000067215", "fillingDate": "2017-09-01", "acceptedDate": "2017-09-01 16:48:59", "calendarYear": "2018", "period": "FY", "revenue": 3066880000, "costOfRevenue": 2404734000, "grossProfit": 662146000, "grossProfitRatio": 0.2159021546, "researchAndDevelopmentExpenses": 0, "generalAndAdministrativeExpenses": 239231000, "sellingAndMarketingExpenses": 0, "sellingGeneralAndAdministrativeExpenses": 239231000, "otherExpenses": 12780000, "operatingExpenses": 387137000, "costAndExpenses": 2791871000, "interestIncome": 0, "interestExpense": 37364000, "depreciationAndAmortization": 147906000, "ebitda": 435695000, "ebitdaratio": 0.1420645738, "operatingIncome": 272923000, "operatingIncomeRatio": 0.0889904398, "totalOtherIncomeExpensesNet": 12780000, "incomeBeforeTax": 250425000, "incomeBeforeTaxRatio": 0.0816546458, "incomeTaxExpense": 93208000, "netIncome": 157217000, "netIncomeRatio": 0.0512628469, "eps": 5.01, "epsdiluted": 4.92, "weightedAverageShsOut": 31351367, "weightedAverageShsOutDil": 31984731, "link": "https://www.sec.gov/Archives/edgar/data/67215/000006721517000033/0000067215-17-000033-index.htm", "finalLink": "https://www.sec.gov/Archives/edgar/data/67215/000006721517000033/dyq4fy201710k.htm", "calculatedOtherExpenses": 149992000, "calculatedOperatingExpenses": 389223000, "calculatedNetInterest": -37364000, "calculatedOtherIncome": 14866000, "calculatedIncomeNonControlling": 0, "calculatedEbitda": 420829000}, {"date": "2016-07-30", "symbol": "DY", "reportedCurrency": "USD", "cik": "0000067215", "fillingDate": "2016-08-31", "acceptedDate": "2016-08-31 16:37:37", "calendarYear": "2017", "period": "FY", "revenue": 2672542000, "costOfRevenue": 2083579000, "grossProfit": 588963000, "grossProfitRatio": 0.2203755825, "researchAndDevelopmentExpenses": 0, "generalAndAdministrativeExpenses": 217149000, "sellingAndMarketingExpenses": 0, "sellingGeneralAndAdministrativeExpenses": 217149000, "otherExpenses": 10433000, "operatingExpenses": 342089000, "costAndExpenses": 2425668000, "interestIncome": 0, "interestExpense": 34720000, "depreciationAndAmortization": 124940000, "ebitda": 382247000, "ebitdaratio": 0.1430274997, "operatingIncome": 247501000, "operatingIncomeRatio": 0.0926088346, "totalOtherIncomeExpensesNet": -5827000, "incomeBeforeTax": 206327000, "incomeBeforeTaxRatio": 0.0772025285, "incomeTaxExpense": 77587000, "netIncome": 128740000, "netIncomeRatio": 0.0481713664, "eps": 3.98, "epsdiluted": 3.89, "weightedAverageShsOut": 32315636, "weightedAverageShsOutDil": 33115755, "link": "https://www.sec.gov/Archives/edgar/data/67215/000006721516000096/0000067215-16-000096-index.htm", "finalLink": "https://www.sec.gov/Archives/edgar/data/67215/000006721516000096/dyq4fy201610k.htm", "calculatedOtherExpenses": 124313000, "calculatedOperatingExpenses": 341462000, "calculatedNetInterest": -34720000, "calculatedOtherIncome": -6454000, "calculatedIncomeNonControlling": 0, "calculatedEbitda": 372441000}, {"date": "2015-07-25", "symbol": "DY", "reportedCurrency": "USD", "cik": "0000067215", "fillingDate": "2015-09-04", "acceptedDate": "2015-09-04 17:11:28", "calendarYear": "2016", "period": "FY", "revenue": 2022312000, "costOfRevenue": 1593250000, "grossProfit": 429062000, "grossProfitRatio": 0.2121640973, "researchAndDevelopmentExpenses": 0, "generalAndAdministrativeExpenses": 178700000, "sellingAndMarketingExpenses": 0, "sellingGeneralAndAdministrativeExpenses": 178700000, "otherExpenses": 8291000, "operatingExpenses": 274744000, "costAndExpenses": 1867994000, "interestIncome": 0, "interestExpense": 27025000, "depreciationAndAmortization": 96044000, "ebitda": 258653000, "ebitdaratio": 0.1278996515, "operatingIncome": 155499000, "operatingIncomeRatio": 0.0768916962, "totalOtherIncomeExpensesNet": 8291000, "incomeBeforeTax": 135584000, "incomeBeforeTaxRatio": 0.0670440565, "incomeTaxExpense": 51260000, "netIncome": 84324000, "netIncomeRatio": 0.0416968302, "eps": 2.48, "epsdiluted": 2.41, "weightedAverageShsOut": 34045481, "weightedAverageShsOutDil": 35026688, "link": "https://www.sec.gov/Archives/edgar/data/67215/000006721515000035/0000067215-15-000035-index.htm", "finalLink": "https://www.sec.gov/Archives/edgar/data/67215/000006721515000035/dyfy201510k.htm", "calculatedOtherExpenses": 94863000, "calculatedOperatingExpenses": 273563000, "calculatedNetInterest": -27025000, "calculatedOtherIncome": 7110000, "calculatedIncomeNonControlling": 0, "calculatedEbitda": 251543000}, {"date": "2014-07-26", "symbol": "DY", "reportedCurrency": "USD", "cik": "0000067215", "fillingDate": "2014-09-09", "acceptedDate": "2014-09-08 20:01:09", "calendarYear": "2015", "period": "FY", "revenue": 1811593000, "costOfRevenue": 1475045000, "grossProfit": 336548000, "grossProfitRatio": 0.1857746194, "researchAndDevelopmentExpenses": 0, "generalAndAdministrativeExpenses": 161858000, "sellingAndMarketingExpenses": 0, "sellingGeneralAndAdministrativeExpenses": 161858000, "otherExpenses": 11228000, "operatingExpenses": 254630000, "costAndExpenses": 1729675000, "interestIncome": 0, "interestExpense": 26827000, "depreciationAndAmortization": 92772000, "ebitda": 185918000, "ebitdaratio": 0.1026268041, "operatingIncome": 82440000, "operatingIncomeRatio": 0.0455069102, "totalOtherIncomeExpensesNet": 11228000, "incomeBeforeTax": 66319000, "incomeBeforeTaxRatio": 0.0366081123, "incomeTaxExpense": 26341000, "netIncome": 39978000, "netIncomeRatio": 0.0220678707, "eps": 1.18, "epsdiluted": 1.15, "weightedAverageShsOut": 33773158, "weightedAverageShsOutDil": 34816381, "link": "https://www.sec.gov/Archives/edgar/data/67215/000006721514000035/0000067215-14-000035-index.htm", "finalLink": "https://www.sec.gov/Archives/edgar/data/67215/000006721514000035/dyfy201410-k.htm", "calculatedOtherExpenses": 92250000, "calculatedOperatingExpenses": 254108000, "calculatedNetInterest": -26827000, "calculatedOtherIncome": 10706000, "calculatedIncomeNonControlling": 0, "calculatedEbitda": 175212000}, {"date": "2013-07-27", "symbol": "DY", "reportedCurrency": "USD", "cik": "0000067215", "fillingDate": "2013-09-13", "acceptedDate": "2013-09-12 21:59:42", "calendarYear": "2014", "period": "FY", "revenue": 1608612000, "costOfRevenue": 1300416000, "grossProfit": 308196000, "grossProfitRatio": 0.19159126, "researchAndDevelopmentExpenses": 0, "generalAndAdministrativeExpenses": 145771000, "sellingAndMarketingExpenses": 0, "sellingGeneralAndAdministrativeExpenses": 145771000, "otherExpenses": 4589000, "operatingExpenses": 231252000, "costAndExpenses": 1531668000, "interestIncome": 0, "interestExpense": 23334000, "depreciationAndAmortization": 85481000, "ebitda": 167014000, "ebitdaratio": 0.1038249124, "operatingIncome": 76850000, "operatingIncomeRatio": 0.0477741059, "totalOtherIncomeExpensesNet": 4589000, "incomeBeforeTax": 58199000, "incomeBeforeTaxRatio": 0.0361796381, "incomeTaxExpense": 23011000, "netIncome": 35188000, "netIncomeRatio": 0.0218747591, "eps": 1.07, "epsdiluted": 1.04, "weightedAverageShsOut": 33012595, "weightedAverageShsOutDil": 33782187, "link": "https://www.sec.gov/Archives/edgar/data/67215/000006721513000046/0000067215-13-000046-index.htm", "finalLink": "https://www.sec.gov/Archives/edgar/data/67215/000006721513000046/dyfy201310-k.htm", "calculatedOtherExpenses": 85575000, "calculatedOperatingExpenses": 231346000, "calculatedNetInterest": -23334000, "calculatedOtherIncome": 4683000, "calculatedIncomeNonControlling": 0, "calculatedEbitda": 162331000}, {"date": "2012-07-28", "symbol": "DY", "reportedCurrency": "USD", "cik": "0000067215", "fillingDate": "2012-09-04", "acceptedDate": "2012-09-04 12:49:40", "calendarYear": "2013", "period": "FY", "revenue": 1201119000, "costOfRevenue": 968949000, "grossProfit": 232170000, "grossProfitRatio": 0.1932947526, "researchAndDevelopmentExpenses": 0, "generalAndAdministrativeExpenses": 104024000, "sellingAndMarketingExpenses": 0, "sellingGeneralAndAdministrativeExpenses": 104024000, "otherExpenses": 62693000, "operatingExpenses": 166717000, "costAndExpenses": 1135666000, "interestIncome": 0, "interestExpense": 16717000, "depreciationAndAmortization": 62693000, "ebitda": 112321000, "ebitdaratio": 0.0935136319, "operatingIncome": 65453000, "operatingIncomeRatio": 0.0544933516, "totalOtherIncomeExpensesNet": 15825000, "incomeBeforeTax": 64561000, "incomeBeforeTaxRatio": 0.0537507108, "incomeTaxExpense": 25183000, "netIncome": 39378000, "netIncomeRatio": 0.0327844285, "eps": 1.17, "epsdiluted": 1.14, "weightedAverageShsOut": 33653055, "weightedAverageShsOutDil": 34481895, "link": "https://www.sec.gov/Archives/edgar/data/67215/000006721512000041/0000067215-12-000041-index.htm", "finalLink": "https://www.sec.gov/Archives/edgar/data/67215/000006721512000041/form10k.htm", "calculatedOtherExpenses": 62693000, "calculatedOperatingExpenses": 166717000, "calculatedNetInterest": -16717000, "calculatedOtherIncome": 15825000, "calculatedIncomeNonControlling": 0, "calculatedEbitda": 128146000}, {"date": "2011-07-30", "symbol": "DY", "reportedCurrency": "USD", "cik": "0000067215", "fillingDate": "2011-09-02", "acceptedDate": "2011-09-02 16:12:44", "calendarYear": "2012", "period": "FY", "revenue": 1035868000, "costOfRevenue": 837119000, "grossProfit": 198749000, "grossProfitRatio": 0.1918671105, "researchAndDevelopmentExpenses": 0, "generalAndAdministrativeExpenses": 94622000, "sellingAndMarketingExpenses": 0, "sellingGeneralAndAdministrativeExpenses": 94622000, "otherExpenses": 62533000, "operatingExpenses": 157155000, "costAndExpenses": 994274000, "interestIncome": 106000, "interestExpense": 16017000, "depreciationAndAmortization": 62533000, "ebitda": 104233000, "ebitdaratio": 0.1006238247, "operatingIncome": 41700000, "operatingIncomeRatio": 0.0402560944, "totalOtherIncomeExpensesNet": 2801000, "incomeBeforeTax": 28484000, "incomeBeforeTaxRatio": 0.0274977121, "incomeTaxExpense": 12377000, "netIncome": 16107000, "netIncomeRatio": 0.0155492785, "eps": 0.46, "epsdiluted": 0.45, "weightedAverageShsOut": 35306900, "weightedAverageShsOutDil": 35754168, "link": "https://www.sec.gov/Archives/edgar/data/67215/000006721511000027/0000067215-11-000027-index.htm", "finalLink": "https://www.sec.gov/Archives/edgar/data/67215/000006721511000027/form10-k.htm", "calculatedOtherExpenses": 62427000, "calculatedOperatingExpenses": 157049000, "calculatedNetInterest": -15911000, "calculatedOtherIncome": 2695000, "calculatedIncomeNonControlling": 0, "calculatedEbitda": 104233000}, {"date": "2010-07-31", "symbol": "DY", "reportedCurrency": "USD", "cik": "0000067215", "fillingDate": "2010-09-03", "acceptedDate": "2010-09-02 19:10:30", "calendarYear": "2011", "period": "FY", "revenue": 988623000, "costOfRevenue": 810064000, "grossProfit": 178559000, "grossProfitRatio": 0.1806138437, "researchAndDevelopmentExpenses": 0, "generalAndAdministrativeExpenses": 98140000, "sellingAndMarketingExpenses": 0, "sellingGeneralAndAdministrativeExpenses": 98140000, "otherExpenses": 63607000, "operatingExpenses": 161747000, "costAndExpenses": 971811000, "interestIncome": 97000, "interestExpense": 14272000, "depreciationAndAmortization": 63607000, "ebitda": 80516000, "ebitdaratio": 0.0814425721, "operatingIncome": 25002000, "operatingIncomeRatio": 0.0252897212, "totalOtherIncomeExpensesNet": 8093000, "incomeBeforeTax": 10730000, "incomeBeforeTaxRatio": 0.01085348, "incomeTaxExpense": 4881000, "netIncome": 5849000, "netIncomeRatio": 0.0059163099, "eps": 0.15, "epsdiluted": 0.15, "weightedAverageShsOut": 38931029, "weightedAverageShsOutDil": 38996866, "link": "https://www.sec.gov/Archives/edgar/data/67215/000006721510000020/0000067215-10-000020-index.htm", "finalLink": "https://www.sec.gov/Archives/edgar/data/67215/000006721510000020/form10k.htm", "calculatedOtherExpenses": 55417000, "calculatedOperatingExpenses": 153557000, "calculatedNetInterest": -14175000, "calculatedOtherIncome": -97000, "calculatedIncomeNonControlling": 0, "calculatedEbitda": 88609000}, {"date": "2009-07-25", "symbol": "DY", "reportedCurrency": "USD", "cik": "0000067215", "fillingDate": "2009-09-03", "acceptedDate": "2009-09-03 17:01:27", "calendarYear": "2010", "period": "FY", "revenue": 1106900000, "costOfRevenue": 894885000, "grossProfit": 212015000, "grossProfitRatio": 0.1915394345, "researchAndDevelopmentExpenses": 0, "generalAndAdministrativeExpenses": 98700, "sellingAndMarketingExpenses": 98633300, "sellingGeneralAndAdministrativeExpenses": 98732000, "otherExpenses": 65435000, "operatingExpenses": 164167000, "costAndExpenses": 1059052000, "interestIncome": 260000, "interestExpense": 14742000, "depreciationAndAmortization": 65435000, "ebitda": 113543000, "ebitdaratio": 0.1025774686, "operatingIncome": 48109000, "operatingIncomeRatio": 0.0434628241, "totalOtherIncomeExpensesNet": -87865000, "incomeBeforeTax": -54499000, "incomeBeforeTaxRatio": -0.0492357033, "incomeTaxExpense": -1405000, "netIncome": -53180000, "netIncomeRatio": -0.0480440871, "eps": -1.35, "epsdiluted": -1.35, "weightedAverageShsOut": 39254813, "weightedAverageShsOutDil": 39254813, "link": "https://www.sec.gov/Archives/edgar/data/67215/000095012309040918/0000950123-09-040918-index.htm", "finalLink": "https://www.sec.gov/Archives/edgar/data/67215/000095012309040918/g20394e10vk.htm", "calculatedOtherExpenses": 65174000, "calculatedOperatingExpenses": 163906000, "calculatedNetInterest": -14482000, "calculatedOtherIncome": -88126000, "calculatedIncomeNonControlling": 86000, "calculatedEbitda": 113544000}, {"date": "2008-07-26", "symbol": "DY", "reportedCurrency": "USD", "cik": "0000067215", "fillingDate": "2008-09-04", "acceptedDate": "2008-09-03 21:15:26", "calendarYear": "2009", "period": "FY", "revenue": 1229956000, "costOfRevenue": 1011219000, "grossProfit": 218737000, "grossProfitRatio": 0.1778413212, "researchAndDevelopmentExpenses": 0, "generalAndAdministrativeExpenses": 8000, "sellingAndMarketingExpenses": 98934000, "sellingGeneralAndAdministrativeExpenses": 98942000, "otherExpenses": 67288000, "operatingExpenses": 166230000, "costAndExpenses": 1177449000, "interestIncome": 100, "interestExpense": 20167000, "depreciationAndAmortization": 68108000, "ebitda": 123133000, "ebitdaratio": 0.1001117113, "operatingIncome": 55025000, "operatingIncomeRatio": 0.0447373727, "totalOtherIncomeExpensesNet": -2518000, "incomeBeforeTax": 37584000, "incomeBeforeTaxRatio": 0.0305571907, "incomeTaxExpense": 13180000, "netIncome": 21678000, "netIncomeRatio": 0.0176250207, "eps": 0.54, "epsdiluted": 0.53, "weightedAverageShsOut": 40417945, "weightedAverageShsOutDil": 40601739, "link": "https://www.sec.gov/Archives/edgar/data/67215/000095014408006879/0000950144-08-006879-index.htm", "finalLink": "https://www.sec.gov/Archives/edgar/data/67215/000095014408006879/g14976e10vk.htm", "calculatedOtherExpenses": 64770000, "calculatedOperatingExpenses": 163712000, "calculatedNetInterest": -20166900, "calculatedOtherIncome": 2725900, "calculatedIncomeNonControlling": 2726000, "calculatedEbitda": 123133000}, {"date": "2007-07-28", "symbol": "DY", "reportedCurrency": "USD", "cik": "0000067215", "fillingDate": "2007-09-07", "acceptedDate": "2007-09-06 20:02:13", "calendarYear": "2008", "period": "FY", "revenue": 1137812000, "costOfRevenue": 915250000, "grossProfit": 222562000, "grossProfitRatio": 0.1956052494, "researchAndDevelopmentExpenses": 0, "generalAndAdministrativeExpenses": 90100, "sellingAndMarketingExpenses": 89999900, "sellingGeneralAndAdministrativeExpenses": 90090000, "otherExpenses": 57799000, "operatingExpenses": 147889000, "costAndExpenses": 1063139000, "interestIncome": 1000, "interestExpense": -3133000, "depreciationAndAmortization": 59370000, "ebitda": 125396000, "ebitdaratio": 0.1102080133, "operatingIncome": 66026000, "operatingIncomeRatio": 0.0580289187, "totalOtherIncomeExpensesNet": 8647000, "incomeBeforeTax": 69477000, "incomeBeforeTaxRatio": 0.0610619329, "incomeTaxExpense": 27275000, "netIncome": 41884000, "netIncomeRatio": 0.0368110022, "eps": 1.04, "epsdiluted": 1.03, "weightedAverageShsOut": 40407641, "weightedAverageShsOutDil": 40713895, "link": "https://www.sec.gov/Archives/edgar/data/67215/000095014407008441/0000950144-07-008441-index.htm", "finalLink": "https://www.sec.gov/Archives/edgar/data/67215/000095014407008441/g09316e10vk.htm", "calculatedOtherExpenses": 66446000, "calculatedOperatingExpenses": 156536000, "calculatedNetInterest": 3134000, "calculatedOtherIncome": 317000, "calculatedIncomeNonControlling": 318000, "calculatedEbitda": 125396000}, {"date": "2006-07-29", "symbol": "DY", "reportedCurrency": "USD", "cik": "0000067215", "fillingDate": "2006-09-11", "acceptedDate": "2006-09-08 19:39:54", "calendarYear": "2007", "period": "FY", "revenue": 1023673000, "costOfRevenue": 835889000, "grossProfit": 187784000, "grossProfitRatio": 0.1834413919, "researchAndDevelopmentExpenses": 0, "generalAndAdministrativeExpenses": 7900, "sellingAndMarketingExpenses": 80860100, "sellingGeneralAndAdministrativeExpenses": 80868000, "otherExpenses": 47955000, "operatingExpenses": 128823000, "costAndExpenses": 964712000, "interestIncome": 200, "interestExpense": 26984000, "depreciationAndAmortization": 48634000, "ebitda": 116048000, "ebitdaratio": 0.1133643263, "operatingIncome": 67414000, "operatingIncomeRatio": 0.0658550142, "totalOtherIncomeExpensesNet": -8453000, "incomeBeforeTax": 40430000, "incomeBeforeTaxRatio": 0.0394950341, "incomeTaxExpense": 22250000, "netIncome": 18180000, "netIncomeRatio": 0.0177595775, "eps": 0.43, "epsdiluted": 0.43, "weightedAverageShsOut": 41835966, "weightedAverageShsOutDil": 42056597, "link": "https://www.sec.gov/Archives/edgar/data/67215/000095014406008646/0000950144-06-008646-index.htm", "finalLink": "https://www.sec.gov/Archives/edgar/data/67215/000095014406008646/g03267e10vk.htm", "calculatedOtherExpenses": 39502000, "calculatedOperatingExpenses": 120370000, "calculatedNetInterest": -26983800, "calculatedOtherIncome": -200, "calculatedIncomeNonControlling": 0, "calculatedEbitda": 116048000}, {"date": "2005-07-30", "symbol": "DY", "reportedCurrency": "USD", "cik": "0000067215", "fillingDate": "2005-09-09", "acceptedDate": "2005-09-08 19:09:55", "calendarYear": "2006", "period": "FY", "revenue": 986627000, "costOfRevenue": 785616000, "grossProfit": 201011000, "grossProfitRatio": 0.2037355556, "researchAndDevelopmentExpenses": 0, "generalAndAdministrativeExpenses": 7900, "sellingAndMarketingExpenses": 79719100, "sellingGeneralAndAdministrativeExpenses": 79727000, "otherExpenses": 46593000, "operatingExpenses": 126320000, "costAndExpenses": 911936000, "interestIncome": 200, "interestExpense": 33038000, "depreciationAndAmortization": 46593000, "ebitda": 138265000, "ebitdaratio": 0.1401390799, "operatingIncome": 91672000, "operatingIncomeRatio": 0.0929145462, "totalOtherIncomeExpensesNet": -16981000, "incomeBeforeTax": 58634000, "incomeBeforeTaxRatio": 0.0594287405, "incomeTaxExpense": 34320000, "netIncome": 24314000, "netIncomeRatio": 0.0246435583, "eps": 0.49, "epsdiluted": 0.49, "weightedAverageShsOut": 48746745, "weightedAverageShsOutDil": 49184570, "link": "https://www.sec.gov/Archives/edgar/data/67215/000095014405009429/0000950144-05-009429-index.htm", "finalLink": "https://www.sec.gov/Archives/edgar/data/67215/000095014405009429/g97261e10vk.htm", "calculatedOtherExpenses": 29612000, "calculatedOperatingExpenses": 109339000, "calculatedNetInterest": -33037800, "calculatedOtherIncome": -200, "calculatedIncomeNonControlling": 0, "calculatedEbitda": 138265000}, {"date": "2004-07-31", "symbol": "DY", "reportedCurrency": "USD", "cik": "0000067215", "fillingDate": "2004-10-13", "acceptedDate": "2004-10-13 16:07:22", "calendarYear": "2005", "period": "FY", "revenue": 872715988, "costOfRevenue": 673561514, "grossProfit": 199154474, "grossProfitRatio": 0.2282007855, "researchAndDevelopmentExpenses": 0, "generalAndAdministrativeExpenses": 0, "sellingAndMarketingExpenses": 0, "sellingGeneralAndAdministrativeExpenses": 75356353, "otherExpenses": 42066398, "operatingExpenses": 117422751, "costAndExpenses": 790984265, "interestIncome": 775179, "interestExpense": 963908, "depreciationAndAmortization": 42066398, "ebitda": 108161404, "ebitdaratio": 0.1239365446, "operatingIncome": 81731723, "operatingIncomeRatio": 0.0936521436, "totalOtherIncomeExpensesNet": 15636717, "incomeBeforeTax": 97179711, "incomeBeforeTaxRatio": 0.111353192, "incomeTaxExpense": 38546825, "netIncome": 58632886, "netIncomeRatio": 0.0671843839, "eps": 1.21, "epsdiluted": 1.2, "weightedAverageShsOut": 48348509, "weightedAverageShsOutDil": 48819766, "link": "https://www.sec.gov/Archives/edgar/data/67215/000095014404009678/0000950144-04-009678-index.htm", "finalLink": "https://www.sec.gov/Archives/edgar/data/67215/000095014404009678/g91228e10vk.htm", "calculatedOtherExpenses": 42066398, "calculatedOperatingExpenses": 117422751, "calculatedNetInterest": -188729, "calculatedOtherIncome": 15636717, "calculatedIncomeNonControlling": 0, "calculatedEbitda": 123798121}, {"date": "2003-07-26", "symbol": "DY", "reportedCurrency": "USD", "cik": "0000067215", "fillingDate": "2003-10-02", "acceptedDate": "2003-10-02 14:30:04", "calendarYear": "2004", "period": "FY", "revenue": 618182653, "costOfRevenue": 482876707, "grossProfit": 135305946, "grossProfitRatio": 0.21887697, "researchAndDevelopmentExpenses": 0, "generalAndAdministrativeExpenses": 0, "sellingAndMarketingExpenses": 0, "sellingGeneralAndAdministrativeExpenses": 70058588, "otherExpenses": 39073959, "operatingExpenses": 109132547, "costAndExpenses": 592009254, "interestIncome": 0, "interestExpense": -7263223, "depreciationAndAmortization": 39073959, "ebitda": 62266194, "ebitdaratio": 0.1007245896, "operatingIncome": 23192235, "operatingIncomeRatio": 0.0375168001, "totalOtherIncomeExpensesNet": 2981164, "incomeBeforeTax": 30455458, "incomeBeforeTaxRatio": 0.0492661155, "incomeTaxExpense": 13306167, "netIncome": 17149291, "netIncomeRatio": 0.0277414627, "eps": 0.36, "epsdiluted": 0.36, "weightedAverageShsOut": 47636111, "weightedAverageShsOutDil": 47636111, "link": "https://www.sec.gov/Archives/edgar/data/67215/000095014403011246/0000950144-03-011246-index.htm", "finalLink": "https://www.sec.gov/Archives/edgar/data/67215/000095014403011246/g84734e10vk.htm", "calculatedOtherExpenses": 42055123, "calculatedOperatingExpenses": 112113711, "calculatedNetInterest": 7263223, "calculatedOtherIncome": 0, "calculatedIncomeNonControlling": 0, "calculatedEbitda": 62266194}, {"date": "2002-07-27", "symbol": "DY", "reportedCurrency": "USD", "cik": "0000067215", "fillingDate": "2002-10-18", "acceptedDate": "2002-10-18 11:23:20", "calendarYear": "2003", "period": "FY", "revenue": 624020977, "costOfRevenue": 478971354, "grossProfit": 145049623, "grossProfitRatio": 0.2324435049, "researchAndDevelopmentExpenses": 0, "generalAndAdministrativeExpenses": 0, "sellingAndMarketingExpenses": 0, "sellingGeneralAndAdministrativeExpenses": 88996096, "otherExpenses": 38843698, "operatingExpenses": 127839794, "costAndExpenses": 606811148, "interestIncome": 0, "interestExpense": 177149791, "depreciationAndAmortization": 38843698, "ebitda": 102473932, "ebitdaratio": 0.1642155244, "operatingIncome": 63630234, "operatingIncomeRatio": 0.101968101, "totalOtherIncomeExpensesNet": -46420405, "incomeBeforeTax": -26590215, "incomeBeforeTaxRatio": -0.0426110916, "incomeTaxExpense": 9507931, "netIncome": -123027488, "netIncomeRatio": -0.1971528082, "eps": -2.73, "epsdiluted": -2.73, "weightedAverageShsOut": 45049452, "weightedAverageShsOutDil": 45049452, "link": "https://www.sec.gov/Archives/edgar/data/67215/000095014402010610/0000950144-02-010610-index.htm", "finalLink": "https://www.sec.gov/Archives/edgar/data/67215/000095014402010610/g78449e10vk.htm", "calculatedOtherExpenses": -7576707, "calculatedOperatingExpenses": 81419389, "calculatedNetInterest": -177149791, "calculatedOtherIncome": 86929342, "calculatedIncomeNonControlling": 86929342, "calculatedEbitda": 102473932}, {"date": "2001-07-28", "symbol": "DY", "reportedCurrency": "USD", "cik": "0000067215", "fillingDate": "2001-10-10", "acceptedDate": "2001-10-10 00:00:00", "calendarYear": "2002", "period": "FY", "revenue": 826745782, "costOfRevenue": 615238565, "grossProfit": 211507217, "grossProfitRatio": 0.2558310204, "researchAndDevelopmentExpenses": 0, "generalAndAdministrativeExpenses": 0, "sellingAndMarketingExpenses": 0, "sellingGeneralAndAdministrativeExpenses": 73576207, "otherExpenses": 40116865, "operatingExpenses": 113693072, "costAndExpenses": 728931637, "interestIncome": 0, "interestExpense": -9841970, "depreciationAndAmortization": 40116865, "ebitda": 135258187, "ebitdaratio": 0.1636031171, "operatingIncome": 95141322, "operatingIncomeRatio": 0.1150792953, "totalOtherIncomeExpensesNet": 2672823, "incomeBeforeTax": 104983292, "incomeBeforeTaxRatio": 0.1269837649, "incomeTaxExpense": 43572761, "netIncome": 61410531, "netIncomeRatio": 0.0742798238, "eps": 1.45, "epsdiluted": 1.44, "weightedAverageShsOut": 42445242, "weightedAverageShsOutDil": 42770042, "link": "https://www.sec.gov/Archives/edgar/data/67215/000095014401507681/0000950144-01-507681-index.htm", "finalLink": "https://www.sec.gov/Archives/edgar/data/67215/000095014401507681/g71448e10-k.txt", "calculatedOtherExpenses": 42789688, "calculatedOperatingExpenses": 116365895, "calculatedNetInterest": 9841970, "calculatedOtherIncome": 0, "calculatedIncomeNonControlling": 0, "calculatedEbitda": 135258187}, {"date": "2000-07-29", "symbol": "DY", "reportedCurrency": "USD", "cik": "0000067215", "fillingDate": "2000-10-10", "acceptedDate": "2000-10-10 00:00:00", "calendarYear": "2001", "period": "FY", "revenue": 806269779, "costOfRevenue": 600489384, "grossProfit": 205780395, "grossProfitRatio": 0.2552252365, "researchAndDevelopmentExpenses": 0, "generalAndAdministrativeExpenses": 0, "sellingAndMarketingExpenses": 0, "sellingGeneralAndAdministrativeExpenses": 65477887, "otherExpenses": 31759084, "operatingExpenses": 97236971, "costAndExpenses": 697726355, "interestIncome": 0, "interestExpense": 2067597, "depreciationAndAmortization": 31759084, "ebitda": 143060162, "ebitdaratio": 0.1774346078, "operatingIncome": 111301078, "operatingIncomeRatio": 0.1380444622, "totalOtherIncomeExpensesNet": -2757654, "incomeBeforeTax": 109233481, "incomeBeforeTaxRatio": 0.1354800637, "incomeTaxExpense": 44201241, "netIncome": 65032240, "netIncomeRatio": 0.0806581639, "eps": 1.56, "epsdiluted": 1.54, "weightedAverageShsOut": 41580557, "weightedAverageShsOutDil": 42314746, "link": "https://www.sec.gov/Archives/edgar/data/67215/000095014400012086/0000950144-00-012086-index.htm", "finalLink": "https://www.sec.gov/Archives/edgar/data/67215/000095014400012086/g64534e10-k405.txt", "calculatedOtherExpenses": 29001430, "calculatedOperatingExpenses": 94479317, "calculatedNetInterest": -2067597, "calculatedOtherIncome": 0, "calculatedIncomeNonControlling": 0, "calculatedEbitda": 143060162}, {"date": "1999-07-31", "symbol": "DY", "reportedCurrency": "USD", "cik": "0000067215", "fillingDate": "1999-10-07", "acceptedDate": "1999-10-07 00:00:00", "calendarYear": "2000", "period": "FY", "revenue": 470100000, "costOfRevenue": 347700000, "grossProfit": 122400000, "grossProfitRatio": 0.260370134, "researchAndDevelopmentExpenses": 0, "generalAndAdministrativeExpenses": 0, "sellingAndMarketingExpenses": 0, "sellingGeneralAndAdministrativeExpenses": 45000000, "otherExpenses": 20100000, "operatingExpenses": 65100000, "costAndExpenses": 412800000, "interestIncome": 0, "interestExpense": -6600000, "depreciationAndAmortization": 20100000, "ebitda": 74100000, "ebitdaratio": 0.157626037, "operatingIncome": 54000000, "operatingIncomeRatio": 0.1148691768, "totalOtherIncomeExpensesNet": 3300000, "incomeBeforeTax": 60600000, "incomeBeforeTaxRatio": 0.1289087428, "incomeTaxExpense": 24200000, "netIncome": 36400000, "netIncomeRatio": 0.077430334, "eps": 1.08, "epsdiluted": 1.06, "weightedAverageShsOut": 37246805, "weightedAverageShsOutDil": 37911247, "link": "https://www.sec.gov/Archives/edgar/data/67215/0000950144-99-011693-index.html", "finalLink": "https://www.sec.gov/Archives/edgar/data/67215/000095014499011693/0000950144-99-011693.txt", "calculatedOtherExpenses": 23400000, "calculatedOperatingExpenses": 68400000, "calculatedNetInterest": 6600000, "calculatedOtherIncome": 0, "calculatedIncomeNonControlling": 0, "calculatedEbitda": 74100000}, {"date": "1998-07-31", "symbol": "DY", "reportedCurrency": "USD", "cik": "0000067215", "fillingDate": "1998-09-04", "acceptedDate": "1998-09-04 00:00:00", "calendarYear": "1999", "period": "FY", "revenue": 371400000, "costOfRevenue": 285000000, "grossProfit": 86400000, "grossProfitRatio": 0.2326332795, "researchAndDevelopmentExpenses": 0, "generalAndAdministrativeExpenses": 0, "sellingAndMarketingExpenses": 0, "sellingGeneralAndAdministrativeExpenses": 36700000, "otherExpenses": 13500000, "operatingExpenses": 50200000, "costAndExpenses": 335200000, "interestIncome": 0, "interestExpense": 100000, "depreciationAndAmortization": 13500000, "ebitda": 49700000, "ebitdaratio": 0.133817986, "operatingIncome": 36200000, "operatingIncomeRatio": 0.0974690361, "totalOtherIncomeExpensesNet": -100000, "incomeBeforeTax": 36100000, "incomeBeforeTaxRatio": 0.0971997846, "incomeTaxExpense": 13100000, "netIncome": 23000000, "netIncomeRatio": 0.0619278406, "eps": 0.69, "epsdiluted": 0.68, "weightedAverageShsOut": 34680716, "weightedAverageShsOutDil": 35190726, "link": "https://www.sec.gov/Archives/edgar/data/67215/000095012398008120/0000950123-98-008120-index.html", "finalLink": "https://www.sec.gov/Archives/edgar/data/67215/", "calculatedOtherExpenses": 13500000, "calculatedOperatingExpenses": 50200000, "calculatedNetInterest": -100000, "calculatedOtherIncome": 0, "calculatedIncomeNonControlling": 0, "calculatedEbitda": 49700000}, {"date": "1997-07-31", "symbol": "DY", "reportedCurrency": "USD", "cik": "0000067215", "fillingDate": "1997-10-01", "acceptedDate": "1997-10-01 00:00:00", "calendarYear": "1998", "period": "FY", "revenue": 243000000, "costOfRevenue": 192400000, "grossProfit": 50600000, "grossProfitRatio": 0.2082304527, "researchAndDevelopmentExpenses": 0, "generalAndAdministrativeExpenses": 0, "sellingAndMarketingExpenses": 0, "sellingGeneralAndAdministrativeExpenses": 23800000, "otherExpenses": 8700000, "operatingExpenses": 32500000, "costAndExpenses": 224900000, "interestIncome": 0, "interestExpense": -1900000, "depreciationAndAmortization": 8700000, "ebitda": 25800000, "ebitdaratio": 0.1061728395, "operatingIncome": 17100000, "operatingIncomeRatio": 0.0703703704, "totalOtherIncomeExpensesNet": 1000000, "incomeBeforeTax": 19000000, "incomeBeforeTaxRatio": 0.0781893004, "incomeTaxExpense": 7800000, "netIncome": 11200000, "netIncomeRatio": 0.046090535, "eps": 0.56, "epsdiluted": 0.55, "weightedAverageShsOut": 28214286, "weightedAverageShsOutDil": 28727273, "link": "https://www.sec.gov/Archives/edgar/data/67215/000095014497010566/0000950144-97-010566-index.html", "finalLink": "https://www.sec.gov/Archives/edgar/data/67215/", "calculatedOtherExpenses": 9700000, "calculatedOperatingExpenses": 33500000, "calculatedNetInterest": 1900000, "calculatedOtherIncome": 0, "calculatedIncomeNonControlling": 0, "calculatedEbitda": 25800000}, {"date": "1996-07-31", "symbol": "DY", "reportedCurrency": "USD", "cik": "0000067215", "fillingDate": "1996-10-17", "acceptedDate": "1996-10-17 00:00:00", "calendarYear": "1997", "period": "FY", "revenue": 143900000, "costOfRevenue": 115700000, "grossProfit": 28200000, "grossProfitRatio": 0.1959694232, "researchAndDevelopmentExpenses": 0, "generalAndAdministrativeExpenses": 0, "sellingAndMarketingExpenses": 0, "sellingGeneralAndAdministrativeExpenses": 14600000, "otherExpenses": 5700000, "operatingExpenses": 20300000, "costAndExpenses": 136000000, "interestIncome": 0, "interestExpense": -2400000, "depreciationAndAmortization": 5700000, "ebitda": 12400000, "ebitdaratio": 0.0861709521, "operatingIncome": 6700000, "operatingIncomeRatio": 0.0465601112, "totalOtherIncomeExpensesNet": 1200000, "incomeBeforeTax": 9100000, "incomeBeforeTaxRatio": 0.06323836, "incomeTaxExpense": 2700000, "netIncome": 6400000, "netIncomeRatio": 0.0444753301, "eps": 0.31, "epsdiluted": 0.31, "weightedAverageShsOut": 24838710, "weightedAverageShsOutDil": 24838710, "link": "https://www.sec.gov/Archives/edgar/data/67215/000006721596000005/0000067215-96-000005-index.html", "finalLink": "https://www.sec.gov/Archives/edgar/data/67215/", "calculatedOtherExpenses": 6900000, "calculatedOperatingExpenses": 21500000, "calculatedNetInterest": 2400000, "calculatedOtherIncome": 0, "calculatedIncomeNonControlling": 0, "calculatedEbitda": 12400000}, {"date": "1995-07-31", "symbol": "DY", "reportedCurrency": "USD", "cik": "0000067215", "fillingDate": "1995-10-23", "acceptedDate": "1995-10-23 00:00:00", "calendarYear": "1996", "period": "FY", "revenue": 143900000, "costOfRevenue": 117700000, "grossProfit": 26200000, "grossProfitRatio": 0.1820708826, "researchAndDevelopmentExpenses": 0, "generalAndAdministrativeExpenses": 0, "sellingAndMarketingExpenses": 0, "sellingGeneralAndAdministrativeExpenses": 14100000, "otherExpenses": 5900000, "operatingExpenses": 20000000, "costAndExpenses": 137700000, "interestIncome": 0, "interestExpense": -2700000, "depreciationAndAmortization": 5900000, "ebitda": 10700000, "ebitdaratio": 0.0743571925, "operatingIncome": 4800000, "operatingIncomeRatio": 0.0333564976, "totalOtherIncomeExpensesNet": 1400000, "incomeBeforeTax": 7500000, "incomeBeforeTaxRatio": 0.0521195274, "incomeTaxExpense": 3100000, "netIncome": 4400000, "netIncomeRatio": 0.0305767894, "eps": 0.22, "epsdiluted": 0.22, "weightedAverageShsOut": 23181818, "weightedAverageShsOutDil": 23181818, "link": "https://www.sec.gov/Archives/edgar/data/67215/000006721595000006/0000067215-95-000006-index.html", "finalLink": "https://www.sec.gov/Archives/edgar/data/67215/", "calculatedOtherExpenses": 7300000, "calculatedOperatingExpenses": 21400000, "calculatedNetInterest": 2700000, "calculatedOtherIncome": 0, "calculatedIncomeNonControlling": 0, "calculatedEbitda": 10700000}, {"date": "1994-07-31", "symbol": "DY", "reportedCurrency": "USD", "cik": "0000067215", "fillingDate": "1994-07-31", "acceptedDate": "1994-07-31 00:00:00", "calendarYear": "1995", "period": "FY", "revenue": 121400000, "costOfRevenue": 105600000, "grossProfit": 15800000, "grossProfitRatio": 0.1301482702, "researchAndDevelopmentExpenses": 0, "generalAndAdministrativeExpenses": 0, "sellingAndMarketingExpenses": 0, "sellingGeneralAndAdministrativeExpenses": 15600000, "otherExpenses": 7300000, "operatingExpenses": 22900000, "costAndExpenses": 128500000, "interestIncome": 0, "interestExpense": 700000, "depreciationAndAmortization": 7300000, "ebitda": 500000, "ebitdaratio": 0.0041186161, "operatingIncome": -6800000, "operatingIncomeRatio": -0.0560131796, "totalOtherIncomeExpensesNet": -300000, "incomeBeforeTax": -7500000, "incomeBeforeTaxRatio": -0.0617792422, "incomeTaxExpense": 300000, "netIncome": -7800000, "netIncomeRatio": -0.0642504119, "eps": -0.42, "epsdiluted": -0.42, "weightedAverageShsOut": 18750000, "weightedAverageShsOutDil": 18750000, "link": null, "finalLink": null, "calculatedOtherExpenses": 7000000, "calculatedOperatingExpenses": 22600000, "calculatedNetInterest": -700000, "calculatedOtherIncome": 0, "calculatedIncomeNonControlling": 0, "calculatedEbitda": 500000}, {"date": "1993-07-31", "symbol": "DY", "reportedCurrency": "USD", "cik": "0000067215", "fillingDate": "1993-07-31", "acceptedDate": "1993-07-31 00:00:00", "calendarYear": "1994", "period": "FY", "revenue": 135600000, "costOfRevenue": 114700000, "grossProfit": 20900000, "grossProfitRatio": 0.1541297935, "researchAndDevelopmentExpenses": 0, "generalAndAdministrativeExpenses": 0, "sellingAndMarketingExpenses": 0, "sellingGeneralAndAdministrativeExpenses": 46300000, "otherExpenses": 8400000, "operatingExpenses": 54700000, "costAndExpenses": 169400000, "interestIncome": 0, "interestExpense": -400000, "depreciationAndAmortization": 8400000, "ebitda": -26800000, "ebitdaratio": -0.197640118, "operatingIncome": -35200000, "operatingIncomeRatio": -0.2595870206, "totalOtherIncomeExpensesNet": 1400000, "incomeBeforeTax": -32500000, "incomeBeforeTaxRatio": -0.2396755162, "incomeTaxExpense": -3300000, "netIncome": -31500000, "netIncomeRatio": -0.232300885, "eps": -1.63, "epsdiluted": -1.63, "weightedAverageShsOut": 19325153, "weightedAverageShsOutDil": 19325153, "link": null, "finalLink": null, "calculatedOtherExpenses": 9800000, "calculatedOperatingExpenses": 56100000, "calculatedNetInterest": 400000, "calculatedOtherIncome": 2300000, "calculatedIncomeNonControlling": 2300000, "calculatedEbitda": -26800000}, {"date": "1992-07-31", "symbol": "DY", "reportedCurrency": "USD", "cik": "0000067215", "fillingDate": "1992-07-31", "acceptedDate": "1992-07-31 00:00:00", "calendarYear": "1993", "period": "FY", "revenue": 134000000, "costOfRevenue": 111100000, "grossProfit": 22900000, "grossProfitRatio": 0.1708955224, "researchAndDevelopmentExpenses": 0, "generalAndAdministrativeExpenses": 0, "sellingAndMarketingExpenses": 0, "sellingGeneralAndAdministrativeExpenses": 20700000, "otherExpenses": 7800000, "operatingExpenses": 28500000, "costAndExpenses": 139600000, "interestIncome": 0, "interestExpense": -400000, "depreciationAndAmortization": 7800000, "ebitda": 2000000, "ebitdaratio": 0.0149253731, "operatingIncome": -5800000, "operatingIncomeRatio": -0.0432835821, "totalOtherIncomeExpensesNet": 200000, "incomeBeforeTax": -5400000, "incomeBeforeTaxRatio": -0.0402985075, "incomeTaxExpense": -800000, "netIncome": -4600000, "netIncomeRatio": -0.0343283582, "eps": -0.24, "epsdiluted": -0.24, "weightedAverageShsOut": 19166667, "weightedAverageShsOutDil": 19166667, "link": null, "finalLink": null, "calculatedOtherExpenses": 8000000, "calculatedOperatingExpenses": 28700000, "calculatedNetInterest": 400000, "calculatedOtherIncome": 0, "calculatedIncomeNonControlling": 0, "calculatedEbitda": 2000000}, {"date": "1991-07-31", "symbol": "DY", "reportedCurrency": "USD", "cik": "0000067215", "fillingDate": "1991-07-31", "acceptedDate": "1991-07-31 00:00:00", "calendarYear": "1992", "period": "FY", "revenue": 148500000, "costOfRevenue": 118700000, "grossProfit": 29800000, "grossProfitRatio": 0.2006734007, "researchAndDevelopmentExpenses": 0, "generalAndAdministrativeExpenses": 0, "sellingAndMarketingExpenses": 0, "sellingGeneralAndAdministrativeExpenses": 23900000, "otherExpenses": 7200000, "operatingExpenses": 31100000, "costAndExpenses": 149800000, "interestIncome": 0, "interestExpense": -1900000, "depreciationAndAmortization": 7200000, "ebitda": 4900000, "ebitdaratio": 0.032996633, "operatingIncome": -2300000, "operatingIncomeRatio": -0.0154882155, "totalOtherIncomeExpensesNet": 1000000, "incomeBeforeTax": -400000, "incomeBeforeTaxRatio": -0.0026936027, "incomeTaxExpense": 1300000, "netIncome": -1700000, "netIncomeRatio": -0.0114478114, "eps": -0.09, "epsdiluted": -0.09, "weightedAverageShsOut": 18888889, "weightedAverageShsOutDil": 18888889, "link": null, "finalLink": null, "calculatedOtherExpenses": 8200000, "calculatedOperatingExpenses": 32100000, "calculatedNetInterest": 1900000, "calculatedOtherIncome": 0, "calculatedIncomeNonControlling": 0, "calculatedEbitda": 4900000}, {"date": "1990-07-31", "symbol": "DY", "reportedCurrency": "USD", "cik": "0000067215", "fillingDate": "1990-07-31", "acceptedDate": "1990-07-31 00:00:00", "calendarYear": "1991", "period": "FY", "revenue": 165400000, "costOfRevenue": 129000000, "grossProfit": 36400000, "grossProfitRatio": 0.2200725514, "researchAndDevelopmentExpenses": 0, "generalAndAdministrativeExpenses": 0, "sellingAndMarketingExpenses": 0, "sellingGeneralAndAdministrativeExpenses": 20000000, "otherExpenses": 4900000, "operatingExpenses": 24900000, "costAndExpenses": 153900000, "interestIncome": 0, "interestExpense": -2600000, "depreciationAndAmortization": 4900000, "ebitda": 15100000, "ebitdaratio": 0.0912938331, "operatingIncome": 10200000, "operatingIncomeRatio": 0.061668682, "totalOtherIncomeExpensesNet": 1300000, "incomeBeforeTax": 12800000, "incomeBeforeTaxRatio": 0.0773881499, "incomeTaxExpense": 3200000, "netIncome": 9600000, "netIncomeRatio": 0.0580411125, "eps": 0.49, "epsdiluted": 0.49, "weightedAverageShsOut": 13826000, "weightedAverageShsOutDil": 13826000, "link": null, "finalLink": null, "calculatedOtherExpenses": 6200000, "calculatedOperatingExpenses": 26200000, "calculatedNetInterest": 2600000, "calculatedOtherIncome": 0, "calculatedIncomeNonControlling": 0, "calculatedEbitda": 15100000}, {"date": "1989-07-31", "symbol": "DY", "reportedCurrency": "USD", "cik": "0000067215", "fillingDate": "1989-07-31", "acceptedDate": "1989-07-31 00:00:00", "calendarYear": "1990", "period": "FY", "revenue": 118900000, "costOfRevenue": 90700000, "grossProfit": 28200000, "grossProfitRatio": 0.2371740959, "researchAndDevelopmentExpenses": 0, "generalAndAdministrativeExpenses": 0, "sellingAndMarketingExpenses": 0, "sellingGeneralAndAdministrativeExpenses": 15300000, "otherExpenses": 4700000, "operatingExpenses": 20000000, "costAndExpenses": 110700000, "interestIncome": 0, "interestExpense": -2000000, "depreciationAndAmortization": 4700000, "ebitda": 11900000, "ebitdaratio": 0.1000841043, "operatingIncome": 8200000, "operatingIncomeRatio": 0.0689655172, "totalOtherIncomeExpensesNet": 1000000, "incomeBeforeTax": 9200000, "incomeBeforeTaxRatio": 0.0773759462, "incomeTaxExpense": 3600000, "netIncome": 5600000, "netIncomeRatio": 0.047098402, "eps": 0.36, "epsdiluted": 0.36, "weightedAverageShsOut": 15555556, "weightedAverageShsOutDil": 15555556, "link": null, "finalLink": null, "calculatedOtherExpenses": 4700000, "calculatedOperatingExpenses": 20000000, "calculatedNetInterest": 2000000, "calculatedOtherIncome": -1000000, "calculatedIncomeNonControlling": 0, "calculatedEbitda": 12900000}, {"date": "1988-07-31", "symbol": "DY", "reportedCurrency": "USD", "cik": "0000067215", "fillingDate": "1988-07-31", "acceptedDate": "1988-07-31 00:00:00", "calendarYear": "1989", "period": "FY", "revenue": 116000000, "costOfRevenue": 92900000, "grossProfit": 23100000, "grossProfitRatio": 0.199137931, "researchAndDevelopmentExpenses": 0, "generalAndAdministrativeExpenses": 0, "sellingAndMarketingExpenses": 0, "sellingGeneralAndAdministrativeExpenses": 11800000, "otherExpenses": 4200000, "operatingExpenses": 16000000, "costAndExpenses": 108900000, "interestIncome": 0, "interestExpense": -600000, "depreciationAndAmortization": 4200000, "ebitda": 11000000, "ebitdaratio": 0.0948275862, "operatingIncome": 6800000, "operatingIncomeRatio": 0.0586206897, "totalOtherIncomeExpensesNet": 300000, "incomeBeforeTax": 7400000, "incomeBeforeTaxRatio": 0.0637931034, "incomeTaxExpense": 2900000, "netIncome": 4500000, "netIncomeRatio": 0.0387931034, "eps": 0.3, "epsdiluted": 0.3, "weightedAverageShsOut": 15000000, "weightedAverageShsOutDil": 15000000, "link": null, "finalLink": null, "calculatedOtherExpenses": 4500000, "calculatedOperatingExpenses": 16300000, "calculatedNetInterest": 600000, "calculatedOtherIncome": 0, "calculatedIncomeNonControlling": 0, "calculatedEbitda": 11000000}, {"date": "1987-07-31", "symbol": "DY", "reportedCurrency": "USD", "cik": "0000067215", "fillingDate": "1987-07-31", "acceptedDate": "1987-07-31 00:00:00", "calendarYear": "1988", "period": "FY", "revenue": 66100000, "costOfRevenue": 49500000, "grossProfit": 16600000, "grossProfitRatio": 0.2511346445, "researchAndDevelopmentExpenses": 0, "generalAndAdministrativeExpenses": 0, "sellingAndMarketingExpenses": 0, "sellingGeneralAndAdministrativeExpenses": 8500000, "otherExpenses": 2800000, "operatingExpenses": 11300000, "costAndExpenses": 60800000, "interestIncome": 0, "interestExpense": -1000000, "depreciationAndAmortization": 2800000, "ebitda": 7700000, "ebitdaratio": 0.1164901664, "operatingIncome": 4900000, "operatingIncomeRatio": 0.0741301059, "totalOtherIncomeExpensesNet": 400000, "incomeBeforeTax": 5900000, "incomeBeforeTaxRatio": 0.0892586989, "incomeTaxExpense": 2900000, "netIncome": 3000000, "netIncomeRatio": 0.0453857791, "eps": 0.21, "epsdiluted": 0.21, "weightedAverageShsOut": 14285714, "weightedAverageShsOutDil": 14285714, "link": null, "finalLink": null, "calculatedOtherExpenses": 3200000, "calculatedOperatingExpenses": 11700000, "calculatedNetInterest": 1000000, "calculatedOtherIncome": 0, "calculatedIncomeNonControlling": 0, "calculatedEbitda": 7700000}, {"date": "1986-07-31", "symbol": "DY", "reportedCurrency": "USD", "cik": "0000067215", "fillingDate": "1986-07-31", "acceptedDate": "1986-07-31 00:00:00", "calendarYear": "1987", "period": "FY", "revenue": 45600000, "costOfRevenue": 35700000, "grossProfit": 9900000, "grossProfitRatio": 0.2171052632, "researchAndDevelopmentExpenses": 0, "generalAndAdministrativeExpenses": 0, "sellingAndMarketingExpenses": 0, "sellingGeneralAndAdministrativeExpenses": 5200000, "otherExpenses": 1300000, "operatingExpenses": 6500000, "costAndExpenses": 42200000, "interestIncome": 0, "interestExpense": -500000, "depreciationAndAmortization": 1300000, "ebitda": 4500000, "ebitdaratio": 0.0986842105, "operatingIncome": 3200000, "operatingIncomeRatio": 0.0701754386, "totalOtherIncomeExpensesNet": 200000, "incomeBeforeTax": 3700000, "incomeBeforeTaxRatio": 0.0811403509, "incomeTaxExpense": 1800000, "netIncome": 1900000, "netIncomeRatio": 0.0416666667, "eps": 0.15, "epsdiluted": 0.15, "weightedAverageShsOut": 12666667, "weightedAverageShsOutDil": 12666667, "link": null, "finalLink": null, "calculatedOtherExpenses": 1500000, "calculatedOperatingExpenses": 6700000, "calculatedNetInterest": 500000, "calculatedOtherIncome": 0, "calculatedIncomeNonControlling": 0, "calculatedEbitda": 4500000}]}