{"originalCurrency": "USD", "convertedCurrency": "USD", "report": [{"date": "2023-12-31", "symbol": "DYN", "reportedCurrency": "USD", "cik": "0001818794", "fillingDate": "2024-03-05", "acceptedDate": "2024-03-05 07:35:27", "calendarYear": "2023", "period": "FY", "revenue": 0, "costOfRevenue": 2461000, "grossProfit": -2461000, "grossProfitRatio": 0, "researchAndDevelopmentExpenses": 210762000, "generalAndAdministrativeExpenses": 31400000, "sellingAndMarketingExpenses": -2461000, "sellingGeneralAndAdministrativeExpenses": 28939000, "otherExpenses": 0, "operatingExpenses": 239701000, "costAndExpenses": 242162000, "interestIncome": 7641000, "interestExpense": 0, "depreciationAndAmortization": 2461000, "ebitda": -239701000, "ebitdaratio": 0, "operatingIncome": -242162000, "operatingIncomeRatio": 0, "totalOtherIncomeExpensesNet": 6225000, "incomeBeforeTax": -235937000, "incomeBeforeTaxRatio": 0, "incomeTaxExpense": 0, "netIncome": -235937000, "netIncomeRatio": 0, "eps": -3.95, "epsdiluted": -3.95, "weightedAverageShsOut": 59683851, "weightedAverageShsOutDil": 59683851, "link": "https://www.sec.gov/Archives/edgar/data/1818794/000095017024025402/0000950170-24-025402-index.htm", "finalLink": "https://www.sec.gov/Archives/edgar/data/1818794/000095017024025402/dyn-20231231.htm", "calculatedOtherExpenses": 0, "calculatedOperatingExpenses": 239701000, "calculatedNetInterest": 7641000, "calculatedOtherIncome": -1416000, "calculatedIncomeNonControlling": 0, "calculatedEbitda": -239701000}, {"date": "2022-12-31", "symbol": "DYN", "reportedCurrency": "USD", "cik": "0001818794", "fillingDate": "2023-03-02", "acceptedDate": "2023-03-02 07:21:01", "calendarYear": "2022", "period": "FY", "revenue": 0, "costOfRevenue": 3345000, "grossProfit": -3345000, "grossProfitRatio": 0, "researchAndDevelopmentExpenses": 142760000, "generalAndAdministrativeExpenses": 28202000, "sellingAndMarketingExpenses": 0, "sellingGeneralAndAdministrativeExpenses": 28202000, "otherExpenses": 2863000, "operatingExpenses": 170962000, "costAndExpenses": 170962000, "interestIncome": 2917000, "interestExpense": 2917000, "depreciationAndAmortization": 1683000, "ebitda": -170962000, "ebitdaratio": 0, "operatingIncome": -170962000, "operatingIncomeRatio": 0, "totalOtherIncomeExpensesNet": 2863000, "incomeBeforeTax": -168099000, "incomeBeforeTaxRatio": 0, "incomeTaxExpense": -2862000, "netIncome": -165237000, "netIncomeRatio": 0, "eps": -3.18, "epsdiluted": -3.18, "weightedAverageShsOut": 51976343, "weightedAverageShsOutDil": 51976343, "link": "https://www.sec.gov/Archives/edgar/data/1818794/000095017023005708/0000950170-23-005708-index.htm", "finalLink": "https://www.sec.gov/Archives/edgar/data/1818794/000095017023005708/dyn-20221231.htm", "calculatedOtherExpenses": -3345000, "calculatedOperatingExpenses": 167617000, "calculatedNetInterest": 0, "calculatedOtherIncome": 2863000, "calculatedIncomeNonControlling": 0, "calculatedEbitda": -169279000}, {"date": "2021-12-31", "symbol": "DYN", "reportedCurrency": "USD", "cik": "0001818794", "fillingDate": "2022-03-10", "acceptedDate": "2022-03-10 07:21:20", "calendarYear": "2021", "period": "FY", "revenue": 0, "costOfRevenue": 1088000, "grossProfit": -1088000, "grossProfitRatio": 0, "researchAndDevelopmentExpenses": 121308000, "generalAndAdministrativeExpenses": 28717000, "sellingAndMarketingExpenses": 0, "sellingGeneralAndAdministrativeExpenses": 28717000, "otherExpenses": -8000, "operatingExpenses": 150025000, "costAndExpenses": 150025000, "interestIncome": 742000, "interestExpense": 0, "depreciationAndAmortization": 1822000, "ebitda": -148203000, "ebitdaratio": 0, "operatingIncome": -150025000, "operatingIncomeRatio": 0, "totalOtherIncomeExpensesNet": 734000, "incomeBeforeTax": -149291000, "incomeBeforeTaxRatio": 0, "incomeTaxExpense": -8000, "netIncome": -149283000, "netIncomeRatio": 0, "eps": -2.93, "epsdiluted": -2.93, "weightedAverageShsOut": 50895044, "weightedAverageShsOutDil": 50895044, "link": "https://www.sec.gov/Archives/edgar/data/1818794/000095017022003290/0000950170-22-003290-index.htm", "finalLink": "https://www.sec.gov/Archives/edgar/data/1818794/000095017022003290/dyn-20211231.htm", "calculatedOtherExpenses": -1088000, "calculatedOperatingExpenses": 148937000, "calculatedNetInterest": 742000, "calculatedOtherIncome": -8000, "calculatedIncomeNonControlling": 0, "calculatedEbitda": -148203000}, {"date": "2020-12-31", "symbol": "DYN", "reportedCurrency": "USD", "cik": "0001818794", "fillingDate": "2021-03-04", "acceptedDate": "2021-03-04 07:26:25", "calendarYear": "2020", "period": "FY", "revenue": 0, "costOfRevenue": 700000, "grossProfit": -700000, "grossProfitRatio": 0, "researchAndDevelopmentExpenses": 45200000, "generalAndAdministrativeExpenses": 13447000, "sellingAndMarketingExpenses": 0, "sellingGeneralAndAdministrativeExpenses": 13447000, "otherExpenses": -790000, "operatingExpenses": 58647000, "costAndExpenses": 58647000, "interestIncome": 56000, "interestExpense": 396000, "depreciationAndAmortization": 700000, "ebitda": -58647000, "ebitdaratio": 0, "operatingIncome": -58647000, "operatingIncomeRatio": 0, "totalOtherIncomeExpensesNet": -790000, "incomeBeforeTax": -59437000, "incomeBeforeTaxRatio": 0, "incomeTaxExpense": -700000, "netIncome": -58737000, "netIncomeRatio": 0, "eps": -4.08, "epsdiluted": -4.08, "weightedAverageShsOut": 14395955, "weightedAverageShsOutDil": 14395955, "link": "https://www.sec.gov/Archives/edgar/data/1818794/000156459021010726/0001564590-21-010726-index.htm", "finalLink": "https://www.sec.gov/Archives/edgar/data/1818794/000156459021010726/dyn-10k_20201231.htm", "calculatedOtherExpenses": -700000, "calculatedOperatingExpenses": 57947000, "calculatedNetInterest": -340000, "calculatedOtherIncome": -450000, "calculatedIncomeNonControlling": 0, "calculatedEbitda": -57947000}, {"date": "2019-12-31", "symbol": "DYN", "reportedCurrency": "USD", "cik": "0001818794", "fillingDate": "2019-12-31", "acceptedDate": "2019-12-31 00:00:00", "calendarYear": "2019", "period": "FY", "revenue": 0, "costOfRevenue": 271000, "grossProfit": -271000, "grossProfitRatio": 0, "researchAndDevelopmentExpenses": 11040000, "generalAndAdministrativeExpenses": 2786000, "sellingAndMarketingExpenses": 0, "sellingGeneralAndAdministrativeExpenses": 2786000, "otherExpenses": -1323000, "operatingExpenses": 13826000, "costAndExpenses": 13826000, "interestIncome": 290000, "interestExpense": 0, "depreciationAndAmortization": -762000, "ebitda": -14588000, "ebitdaratio": 0, "operatingIncome": -13826000, "operatingIncomeRatio": 0, "totalOtherIncomeExpensesNet": -1033000, "incomeBeforeTax": -14859000, "incomeBeforeTaxRatio": 0, "incomeTaxExpense": -1323000, "netIncome": -13536000, "netIncomeRatio": 0, "eps": -0.3, "epsdiluted": -0.3, "weightedAverageShsOut": 45422957, "weightedAverageShsOutDil": 45422957, "link": null, "finalLink": null, "calculatedOtherExpenses": -271000, "calculatedOperatingExpenses": 13555000, "calculatedNetInterest": 290000, "calculatedOtherIncome": -1323000, "calculatedIncomeNonControlling": 0, "calculatedEbitda": -14588000}, {"date": "2018-12-31", "symbol": "DYN", "reportedCurrency": "USD", "cik": "0001818794", "fillingDate": "2018-12-31", "acceptedDate": "2018-12-30 19:00:00", "calendarYear": "2018", "period": "FY", "revenue": 0, "costOfRevenue": 24000, "grossProfit": -24000, "grossProfitRatio": 0, "researchAndDevelopmentExpenses": 4278000, "generalAndAdministrativeExpenses": 517000, "sellingAndMarketingExpenses": 0, "sellingGeneralAndAdministrativeExpenses": 517000, "otherExpenses": -21000, "operatingExpenses": 4795000, "costAndExpenses": 4795000, "interestIncome": 5000, "interestExpense": 5000, "depreciationAndAmortization": 24000, "ebitda": -4787000, "ebitdaratio": 0, "operatingIncome": -4795000, "operatingIncomeRatio": 0, "totalOtherIncomeExpensesNet": -21000, "incomeBeforeTax": -4811000, "incomeBeforeTaxRatio": 0, "incomeTaxExpense": -11000, "netIncome": -4811000, "netIncomeRatio": 0, "eps": -0.47, "epsdiluted": -0.47, "weightedAverageShsOut": 10324875, "weightedAverageShsOutDil": 10324875, "link": "", "finalLink": "", "calculatedOtherExpenses": -24000, "calculatedOperatingExpenses": 4771000, "calculatedNetInterest": 0, "calculatedOtherIncome": -16000, "calculatedIncomeNonControlling": 11000, "calculatedEbitda": -4771000}, {"date": "2017-12-31", "symbol": "DYN", "reportedCurrency": "USD", "cik": "0001818794", "fillingDate": "2018-02-22", "acceptedDate": "2018-02-22 16:32:39", "calendarYear": "2017", "period": "FY", "revenue": 506000000, "costOfRevenue": 2932000000, "grossProfit": -2426000000, "grossProfitRatio": -4.7944664032, "researchAndDevelopmentExpenses": 0, "generalAndAdministrativeExpenses": 189000000, "sellingAndMarketingExpenses": 0, "sellingGeneralAndAdministrativeExpenses": 189000000, "otherExpenses": 0, "operatingExpenses": 189000000, "costAndExpenses": 3121000000, "interestIncome": 0, "interestExpense": 616000000, "depreciationAndAmortization": 867000000, "ebitda": 949000000, "ebitdaratio": 1.8754940711, "operatingIncome": -412000000, "operatingIncomeRatio": -0.814229249, "totalOtherIncomeExpensesNet": -126000000, "incomeBeforeTax": -538000000, "incomeBeforeTaxRatio": -1.0632411067, "incomeTaxExpense": -610000000, "netIncome": 76000000, "netIncomeRatio": 0.1501976285, "eps": 0.47, "epsdiluted": 0.47, "weightedAverageShsOut": 162000000, "weightedAverageShsOutDil": 162000000, "link": "https://www.sec.gov/Archives/edgar/data/1379895/000137989518000003/0001379895-18-000003-index.htm", "finalLink": "https://www.sec.gov/Archives/edgar/data/1379895/000137989518000003/dyn-20171231_10k.htm", "calculatedOtherExpenses": -2203000000, "calculatedOperatingExpenses": -2014000000, "calculatedNetInterest": -616000000, "calculatedOtherIncome": 490000000, "calculatedIncomeNonControlling": -4000000, "calculatedEbitda": 455000000}, {"date": "2016-12-31", "symbol": "DYN", "reportedCurrency": "USD", "cik": "0001818794", "fillingDate": "2017-02-24", "acceptedDate": "2017-02-24 11:25:35", "calendarYear": "2016", "period": "FY", "revenue": 1366000000, "costOfRevenue": 2281000000, "grossProfit": -915000000, "grossProfitRatio": -0.6698389458, "researchAndDevelopmentExpenses": 0, "generalAndAdministrativeExpenses": 161000000, "sellingAndMarketingExpenses": 0, "sellingGeneralAndAdministrativeExpenses": 161000000, "otherExpenses": 0, "operatingExpenses": 161000000, "costAndExpenses": 2442000000, "interestIncome": 0, "interestExpense": 625000000, "depreciationAndAmortization": 766000000, "ebitda": 106000000, "ebitdaratio": 0.0775988287, "operatingIncome": -640000000, "operatingIncomeRatio": -0.4685212299, "totalOtherIncomeExpensesNet": -649000000, "incomeBeforeTax": -1289000000, "incomeBeforeTaxRatio": -0.9436310395, "incomeTaxExpense": -45000000, "netIncome": -1240000000, "netIncomeRatio": -0.9077598829, "eps": -9.61, "epsdiluted": -9.61, "weightedAverageShsOut": 129000000, "weightedAverageShsOutDil": 129000000, "link": "https://www.sec.gov/Archives/edgar/data/1379895/000137989517000004/0001379895-17-000004-index.html", "finalLink": "https://www.sec.gov/Archives/edgar/data/1379895/000137989517000004/dyn-20161231_10k.htm", "calculatedOtherExpenses": -436000000, "calculatedOperatingExpenses": -275000000, "calculatedNetInterest": -625000000, "calculatedOtherIncome": -24000000, "calculatedIncomeNonControlling": -4000000, "calculatedEbitda": 126000000}, {"date": "2015-12-31", "symbol": "DYN", "reportedCurrency": "USD", "cik": "0001818794", "fillingDate": "2016-02-25", "acceptedDate": "2016-02-25 10:55:18", "calendarYear": "2015", "period": "FY", "revenue": 842000000, "costOfRevenue": 2028000000, "grossProfit": -1186000000, "grossProfitRatio": -1.4085510689, "researchAndDevelopmentExpenses": 0, "generalAndAdministrativeExpenses": 128000000, "sellingAndMarketingExpenses": 0, "sellingGeneralAndAdministrativeExpenses": 128000000, "otherExpenses": 0, "operatingExpenses": 128000000, "costAndExpenses": 2156000000, "interestIncome": 0, "interestExpense": 546000000, "depreciationAndAmortization": 614000000, "ebitda": 736000000, "ebitdaratio": 0.8741092637, "operatingIncome": 64000000, "operatingIncomeRatio": 0.0760095012, "totalOtherIncomeExpensesNet": -491000000, "incomeBeforeTax": -427000000, "incomeBeforeTaxRatio": -0.5071258907, "incomeTaxExpense": -474000000, "netIncome": 50000000, "netIncomeRatio": 0.0593824228, "eps": 0.4, "epsdiluted": 0.4, "weightedAverageShsOut": 125000000, "weightedAverageShsOutDil": 126000000, "link": "https://www.sec.gov/Archives/edgar/data/1379895/000137989516000022/0001379895-16-000022-index.html", "finalLink": "https://www.sec.gov/Archives/edgar/data/1379895/000137989516000022/dyn-20151231_10k.htm", "calculatedOtherExpenses": -1378000000, "calculatedOperatingExpenses": -1250000000, "calculatedNetInterest": -546000000, "calculatedOtherIncome": 55000000, "calculatedIncomeNonControlling": -3000000, "calculatedEbitda": 678000000}, {"date": "2014-12-31", "symbol": "DYN", "reportedCurrency": "USD", "cik": "0001818794", "fillingDate": "2015-02-25", "acceptedDate": "2015-02-25 10:58:44", "calendarYear": "2014", "period": "FY", "revenue": 1466000000, "costOfRevenue": 1145000000, "grossProfit": 321000000, "grossProfitRatio": 0.2189631651, "researchAndDevelopmentExpenses": 0, "generalAndAdministrativeExpenses": -97000000, "sellingAndMarketingExpenses": 0, "sellingGeneralAndAdministrativeExpenses": -97000000, "otherExpenses": -211000000, "operatingExpenses": -308000000, "costAndExpenses": 837000000, "interestIncome": 0, "interestExpense": 67000000, "depreciationAndAmortization": 292000000, "ebitda": 292000000, "ebitdaratio": 0.1991814461, "operatingIncome": -318000000, "operatingIncomeRatio": -0.2169167804, "totalOtherIncomeExpensesNet": 50000000, "incomeBeforeTax": -268000000, "incomeBeforeTaxRatio": -0.1828103683, "incomeTaxExpense": 117000000, "netIncome": -67000000, "netIncomeRatio": -0.0457025921, "eps": -0.53, "epsdiluted": -0.53, "weightedAverageShsOut": 126000000, "weightedAverageShsOutDil": 126000000, "link": "https://www.sec.gov/Archives/edgar/data/1379895/000137989515000005/0001379895-15-000005-index.htm", "finalLink": "https://www.sec.gov/Archives/edgar/data/1379895/000137989515000005/dyn-20141231_10k.htm", "calculatedOtherExpenses": 736000000, "calculatedOperatingExpenses": 639000000, "calculatedNetInterest": -67000000, "calculatedOtherIncome": 117000000, "calculatedIncomeNonControlling": -318000000, "calculatedEbitda": -26000000}, {"date": "2013-12-31", "symbol": "DYN", "reportedCurrency": "USD", "cik": "0001818794", "fillingDate": "2014-02-27", "acceptedDate": "2014-02-27 11:42:29", "calendarYear": "2013", "period": "FY", "revenue": 3000000, "costOfRevenue": 1145000000, "grossProfit": -1142000000, "grossProfitRatio": -380.6666666667, "researchAndDevelopmentExpenses": 0, "generalAndAdministrativeExpenses": 97000000, "sellingAndMarketingExpenses": 0, "sellingGeneralAndAdministrativeExpenses": 97000000, "otherExpenses": 0, "operatingExpenses": 97000000, "costAndExpenses": 1242000000, "interestIncome": 0, "interestExpense": 97000000, "depreciationAndAmortization": 467000000, "ebitda": 150000000, "ebitdaratio": 50, "operatingIncome": -318000000, "operatingIncomeRatio": -106, "totalOtherIncomeExpensesNet": -99000000, "incomeBeforeTax": -417000000, "incomeBeforeTaxRatio": -139, "incomeTaxExpense": -58000000, "netIncome": -356000000, "netIncomeRatio": -118.6666666667, "eps": -3.56, "epsdiluted": -3.56, "weightedAverageShsOut": 100000000, "weightedAverageShsOutDil": 100000000, "link": "https://www.sec.gov/Archives/edgar/data/1379895/000137989514000004/0001379895-14-000004-index.htm", "finalLink": "https://www.sec.gov/Archives/edgar/data/1379895/000137989514000004/dyn-20131231_10k.htm", "calculatedOtherExpenses": -921000000, "calculatedOperatingExpenses": -824000000, "calculatedNetInterest": -97000000, "calculatedOtherIncome": -2000000, "calculatedIncomeNonControlling": -3000000, "calculatedEbitda": 149000000}, {"date": "2012-12-31", "symbol": "DYN", "reportedCurrency": "USD", "cik": "0001818794", "fillingDate": "2013-03-14", "acceptedDate": "2013-03-14 10:42:57", "calendarYear": "2012", "period": "FY", "revenue": 3000000, "costOfRevenue": 268000000, "grossProfit": -265000000, "grossProfitRatio": -88.3333333333, "researchAndDevelopmentExpenses": 0, "generalAndAdministrativeExpenses": -22000000, "sellingAndMarketingExpenses": 0, "sellingGeneralAndAdministrativeExpenses": -22000000, "otherExpenses": -59000000, "operatingExpenses": -81000000, "costAndExpenses": 187000000, "interestIncome": 0, "interestExpense": 0, "depreciationAndAmortization": 26000000, "ebitda": 113000000, "ebitdaratio": 37.6666666667, "operatingIncome": 714000000, "operatingIncomeRatio": 238, "totalOtherIncomeExpensesNet": -627000000, "incomeBeforeTax": 87000000, "incomeBeforeTaxRatio": 29, "incomeTaxExpense": -627000000, "netIncome": 87000000, "netIncomeRatio": 29, "eps": 0.87, "epsdiluted": 0.87, "weightedAverageShsOut": 100000000, "weightedAverageShsOutDil": 100000000, "link": "https://www.sec.gov/Archives/edgar/data/1379895/000137989513000007/0001379895-13-000007-index.html", "finalLink": "https://www.sec.gov/Archives/edgar/data/1379895/000137989513000007/dyn-20121231_10k.htm", "calculatedOtherExpenses": -957000000, "calculatedOperatingExpenses": -979000000, "calculatedNetInterest": 0, "calculatedOtherIncome": -627000000, "calculatedIncomeNonControlling": 627000000, "calculatedEbitda": 740000000}, {"date": "2011-12-31", "symbol": "DYN", "reportedCurrency": "USD", "cik": "0001818794", "fillingDate": "2012-03-08", "acceptedDate": "2012-03-08 12:43:25", "calendarYear": "2011", "period": "FY", "revenue": 1585000000, "costOfRevenue": 963000000, "grossProfit": 622000000, "grossProfitRatio": 0.3924290221, "researchAndDevelopmentExpenses": 0, "generalAndAdministrativeExpenses": 135000000, "sellingAndMarketingExpenses": 0, "sellingGeneralAndAdministrativeExpenses": 135000000, "otherExpenses": 0, "operatingExpenses": 135000000, "costAndExpenses": 1098000000, "interestIncome": 0, "interestExpense": 357000000, "depreciationAndAmortization": 346000000, "ebitda": -1574000000, "ebitdaratio": -0.9930599369, "operatingIncome": -236000000, "operatingIncomeRatio": -0.1488958991, "totalOtherIncomeExpensesNet": -2041000000, "incomeBeforeTax": -2277000000, "incomeBeforeTaxRatio": -1.4365930599, "incomeTaxExpense": -632000000, "netIncome": -1645000000, "netIncomeRatio": -1.0378548896, "eps": -13.48, "epsdiluted": -13.48, "weightedAverageShsOut": 122000000, "weightedAverageShsOutDil": 122000000, "link": "https://www.sec.gov/Archives/edgar/data/1379895/000104746912002275/0001047469-12-002275-index.html", "finalLink": "https://www.sec.gov/Archives/edgar/data/1379895/000104746912002275/a2207827z10-k.htm", "calculatedOtherExpenses": 723000000, "calculatedOperatingExpenses": 858000000, "calculatedNetInterest": -357000000, "calculatedOtherIncome": -1684000000, "calculatedIncomeNonControlling": 0, "calculatedEbitda": 110000000}, {"date": "2010-12-31", "symbol": "DYN", "reportedCurrency": "USD", "cik": "0001818794", "fillingDate": "2011-03-08", "acceptedDate": "2011-03-07 19:00:00", "calendarYear": "2010", "period": "FY", "revenue": 2323000000, "costOfRevenue": 1181000000, "grossProfit": 1142000000, "grossProfitRatio": 0.4916056823, "researchAndDevelopmentExpenses": 0, "generalAndAdministrativeExpenses": 163000000, "sellingAndMarketingExpenses": 0, "sellingGeneralAndAdministrativeExpenses": 163000000, "otherExpenses": 0, "operatingExpenses": 163000000, "costAndExpenses": 1344000000, "interestIncome": 0, "interestExpense": 363000000, "depreciationAndAmortization": 408000000, "ebitda": 734000000, "ebitdaratio": 0.3159707275, "operatingIncome": -11000000, "operatingIncomeRatio": -0.0047352561, "totalOtherIncomeExpensesNet": -224000000, "incomeBeforeTax": -235000000, "incomeBeforeTaxRatio": -0.1011622901, "incomeTaxExpense": 197000000, "netIncome": -234000000, "netIncomeRatio": -0.1007318123, "eps": -1.95, "epsdiluted": -1.93, "weightedAverageShsOut": 120000000, "weightedAverageShsOutDil": 121000000, "link": "https://www.sec.gov/Archives/edgar/data/1379895/000114036111015138/0001140361-11-015138-index.htm", "finalLink": "https://www.sec.gov/Archives/edgar/data/1379895/000114036111015138/form_10-k.htm", "calculatedOtherExpenses": 990000000, "calculatedOperatingExpenses": 1153000000, "calculatedNetInterest": -363000000, "calculatedOtherIncome": 139000000, "calculatedIncomeNonControlling": -198000000, "calculatedEbitda": 397000000}, {"date": "2009-12-31", "symbol": "DYN", "reportedCurrency": "USD", "cik": "0001818794", "fillingDate": "2010-02-25", "acceptedDate": "2010-02-25 13:01:41", "calendarYear": "2009", "period": "FY", "revenue": 2468000000, "costOfRevenue": 1194000000, "grossProfit": 1274000000, "grossProfitRatio": 0.5162074554, "researchAndDevelopmentExpenses": 0, "generalAndAdministrativeExpenses": -159000000, "sellingAndMarketingExpenses": 0, "sellingGeneralAndAdministrativeExpenses": -159000000, "otherExpenses": -360000000, "operatingExpenses": -519000000, "costAndExpenses": 675000000, "interestIncome": 0, "interestExpense": 415000000, "depreciationAndAmortization": 359000000, "ebitda": -173000000, "ebitdaratio": -0.0700972447, "operatingIncome": -834000000, "operatingIncomeRatio": -0.3379254457, "totalOtherIncomeExpensesNet": -521000000, "incomeBeforeTax": -1355000000, "incomeBeforeTaxRatio": -0.5490275527, "incomeTaxExpense": 315000000, "netIncome": -1262000000, "netIncomeRatio": -0.5113452188, "eps": -1.25, "epsdiluted": -1.25, "weightedAverageShsOut": 1009600000, "weightedAverageShsOutDil": 1009600000, "link": "https://www.sec.gov/Archives/edgar/data/1105055/000114036110008372/0001140361-10-008372-index.html", "finalLink": "https://www.sec.gov/Archives/edgar/data/1105055/000114036110008372/form10k.htm", "calculatedOtherExpenses": 2267000000, "calculatedOperatingExpenses": 2108000000, "calculatedNetInterest": -415000000, "calculatedOtherIncome": -106000000, "calculatedIncomeNonControlling": -408000000, "calculatedEbitda": -475000000}, {"date": "2008-12-31", "symbol": "DYN", "reportedCurrency": "USD", "cik": "0001818794", "fillingDate": "2009-02-26", "acceptedDate": "2009-02-26 10:55:32", "calendarYear": "2008", "period": "FY", "revenue": 3549000000, "costOfRevenue": 1853000000, "grossProfit": 1696000000, "grossProfitRatio": 0.4778810933, "researchAndDevelopmentExpenses": 0, "generalAndAdministrativeExpenses": -157000000, "sellingAndMarketingExpenses": 0, "sellingGeneralAndAdministrativeExpenses": -157000000, "otherExpenses": -337000000, "operatingExpenses": -494000000, "costAndExpenses": 1359000000, "interestIncome": 0, "interestExpense": 427000000, "depreciationAndAmortization": 376000000, "ebitda": 902000000, "ebitdaratio": 0.2541561003, "operatingIncome": 709000000, "operatingIncomeRatio": 0.1997745844, "totalOtherIncomeExpensesNet": -463000000, "incomeBeforeTax": 246000000, "incomeBeforeTaxRatio": 0.0693153001, "incomeTaxExpense": -75000000, "netIncome": 174000000, "netIncomeRatio": 0.0490278952, "eps": 0.2, "epsdiluted": 0.2, "weightedAverageShsOut": 870000000, "weightedAverageShsOutDil": 870000000, "link": "https://www.sec.gov/Archives/edgar/data/1105055/000136231009002804/0001362310-09-002804-index.html", "finalLink": "https://www.sec.gov/Archives/edgar/data/1105055/000136231009002804/c81453e10vk.htm", "calculatedOtherExpenses": 1144000000, "calculatedOperatingExpenses": 987000000, "calculatedNetInterest": -427000000, "calculatedOtherIncome": -36000000, "calculatedIncomeNonControlling": 147000000, "calculatedEbitda": 1085000000}, {"date": "2007-12-31", "symbol": "DYN", "reportedCurrency": "USD", "cik": "0001818794", "fillingDate": "2008-02-28", "acceptedDate": "2008-02-28 17:09:14", "calendarYear": "2007", "period": "FY", "revenue": 3103000000, "costOfRevenue": 2013000000, "grossProfit": 1090000000, "grossProfitRatio": 0.3512729617, "researchAndDevelopmentExpenses": 0, "generalAndAdministrativeExpenses": -203000000, "sellingAndMarketingExpenses": 0, "sellingGeneralAndAdministrativeExpenses": -203000000, "otherExpenses": 0, "operatingExpenses": -203000000, "costAndExpenses": 1810000000, "interestIncome": 0, "interestExpense": 384000000, "depreciationAndAmortization": 333000000, "ebitda": 830000000, "ebitdaratio": 0.2674830809, "operatingIncome": 605000000, "operatingIncomeRatio": 0.1949726072, "totalOtherIncomeExpensesNet": -338000000, "incomeBeforeTax": 267000000, "incomeBeforeTaxRatio": 0.0860457622, "incomeTaxExpense": -151000000, "netIncome": 264000000, "netIncomeRatio": 0.0850789558, "eps": 0.15, "epsdiluted": 0.15, "weightedAverageShsOut": 1760000000, "weightedAverageShsOutDil": 1760000000, "link": "https://www.sec.gov/Archives/edgar/data/1379895/000119312508041975/0001193125-08-041975-index.htm", "finalLink": "https://www.sec.gov/Archives/edgar/data/1379895/000119312508041975/d10k.htm", "calculatedOtherExpenses": 688000000, "calculatedOperatingExpenses": 485000000, "calculatedNetInterest": -384000000, "calculatedOtherIncome": 46000000, "calculatedIncomeNonControlling": 154000000, "calculatedEbitda": 938000000}]}