{"originalCurrency": "USD", "convertedCurrency": "USD", "report": [{"date": "2023-06-28", "symbol": "EAT", "reportedCurrency": "USD", "cik": "0000703351", "fillingDate": "2023-08-23", "acceptedDate": "2023-08-23 16:59:17", "calendarYear": "2023", "period": "FY", "revenue": 4133200000, "costOfRevenue": 3633100000, "grossProfit": 500100000, "grossProfitRatio": 0.1209958386, "researchAndDevelopmentExpenses": 0, "generalAndAdministrativeExpenses": 154500000, "sellingAndMarketingExpenses": 0, "sellingGeneralAndAdministrativeExpenses": 154500000, "otherExpenses": -6500000, "operatingExpenses": 326700000, "costAndExpenses": 3959800000, "interestIncome": 54900000, "interestExpense": 54900000, "depreciationAndAmortization": 168500000, "ebitda": 335400000, "ebitdaratio": 0.081147779, "operatingIncome": 144400000, "operatingIncomeRatio": 0.0349366109, "totalOtherIncomeExpensesNet": -27700000, "incomeBeforeTax": 90800000, "incomeBeforeTaxRatio": 0.0219684506, "incomeTaxExpense": -11800000, "netIncome": 102600000, "netIncomeRatio": 0.0248233814, "eps": 2.33, "epsdiluted": 2.28, "weightedAverageShsOut": 44100000, "weightedAverageShsOutDil": 45000000, "link": "https://www.sec.gov/Archives/edgar/data/703351/000070335123000043/0000703351-23-000043-index.htm", "finalLink": "https://www.sec.gov/Archives/edgar/data/703351/000070335123000043/eat-20230628.htm", "calculatedOtherExpenses": 201200000, "calculatedOperatingExpenses": 355700000, "calculatedNetInterest": 0, "calculatedOtherIncome": -53600000, "calculatedIncomeNonControlling": 0, "calculatedEbitda": 312900000}, {"date": "2022-06-29", "symbol": "EAT", "reportedCurrency": "USD", "cik": "0000703351", "fillingDate": "2022-08-26", "acceptedDate": "2022-08-26 08:12:35", "calendarYear": "2022", "period": "FY", "revenue": 3804100000, "costOfRevenue": 3304900000, "grossProfit": 499200000, "grossProfitRatio": 0.1312268342, "researchAndDevelopmentExpenses": 0, "generalAndAdministrativeExpenses": 144100000, "sellingAndMarketingExpenses": 0, "sellingGeneralAndAdministrativeExpenses": 144100000, "otherExpenses": 170000000, "operatingExpenses": 314100000, "costAndExpenses": 3619000000, "interestIncome": 46100000, "interestExpense": 46100000, "depreciationAndAmortization": 181400000, "ebitda": 340900000, "ebitdaratio": 0.0896138377, "operatingIncome": 159500000, "operatingIncomeRatio": 0.0419284456, "totalOtherIncomeExpensesNet": -44300000, "incomeBeforeTax": 115200000, "incomeBeforeTaxRatio": 0.0302831156, "incomeTaxExpense": -2400000, "netIncome": 117600000, "netIncomeRatio": 0.0309140138, "eps": 2.63, "epsdiluted": 2.58, "weightedAverageShsOut": 44800000, "weightedAverageShsOutDil": 45600000, "link": "https://www.sec.gov/Archives/edgar/data/703351/000070335122000036/0000703351-22-000036-index.htm", "finalLink": "https://www.sec.gov/Archives/edgar/data/703351/000070335122000036/eat-20220629.htm", "calculatedOtherExpenses": 195600000, "calculatedOperatingExpenses": 339700000, "calculatedNetInterest": 0, "calculatedOtherIncome": -44300000, "calculatedIncomeNonControlling": 0, "calculatedEbitda": 340900000}, {"date": "2021-06-30", "symbol": "EAT", "reportedCurrency": "USD", "cik": "0000703351", "fillingDate": "2021-08-26", "acceptedDate": "2021-08-26 16:34:38", "calendarYear": "2021", "period": "FY", "revenue": 3337800000, "costOfRevenue": 2834500000, "grossProfit": 503300000, "grossProfitRatio": 0.1507879442, "researchAndDevelopmentExpenses": 0, "generalAndAdministrativeExpenses": 134800000, "sellingAndMarketingExpenses": 0, "sellingGeneralAndAdministrativeExpenses": 134800000, "otherExpenses": 150200000, "operatingExpenses": 285000000, "costAndExpenses": 3119500000, "interestIncome": 56200000, "interestExpense": 56200000, "depreciationAndAmortization": 163800000, "ebitda": 363100000, "ebitdaratio": 0.1087842291, "operatingIncome": 199300000, "operatingIncomeRatio": 0.0597099886, "totalOtherIncomeExpensesNet": -54100000, "incomeBeforeTax": 145200000, "incomeBeforeTaxRatio": 0.0435017077, "incomeTaxExpense": 13600000, "netIncome": 131600000, "netIncomeRatio": 0.0394271676, "eps": 2.89, "epsdiluted": 2.82, "weightedAverageShsOut": 45500000, "weightedAverageShsOutDil": 46600000, "link": "https://www.sec.gov/Archives/edgar/data/703351/000070335121000031/0000703351-21-000031-index.htm", "finalLink": "https://www.sec.gov/Archives/edgar/data/703351/000070335121000031/eat-20210630.htm", "calculatedOtherExpenses": 169200000, "calculatedOperatingExpenses": 304000000, "calculatedNetInterest": 0, "calculatedOtherIncome": -54100000, "calculatedIncomeNonControlling": 0, "calculatedEbitda": 363100000}, {"date": "2020-06-24", "symbol": "EAT", "reportedCurrency": "USD", "cik": "0000703351", "fillingDate": "2020-08-24", "acceptedDate": "2020-08-21 17:51:28", "calendarYear": "2020", "period": "FY", "revenue": 3078500000, "costOfRevenue": 2669900000, "grossProfit": 408600000, "grossProfitRatio": 0.1327269774, "researchAndDevelopmentExpenses": 0, "generalAndAdministrativeExpenses": 136300000, "sellingAndMarketingExpenses": 0, "sellingGeneralAndAdministrativeExpenses": 136300000, "otherExpenses": 168000000, "operatingExpenses": 304300000, "costAndExpenses": 2974200000, "interestIncome": 59600000, "interestExpense": 59600000, "depreciationAndAmortization": 162300000, "ebitda": 265300000, "ebitdaratio": 0.0861783336, "operatingIncome": 103000000, "operatingIncomeRatio": 0.0334578529, "totalOtherIncomeExpensesNet": -98100000, "incomeBeforeTax": 4900000, "incomeBeforeTaxRatio": 0.0015916843, "incomeTaxExpense": -19500000, "netIncome": 24400000, "netIncomeRatio": 0.007925938, "eps": 0.64, "epsdiluted": 0.63, "weightedAverageShsOut": 38200000, "weightedAverageShsOutDil": 38900000, "link": "https://www.sec.gov/Archives/edgar/data/703351/000070335120000059/0000703351-20-000059-index.htm", "finalLink": "https://www.sec.gov/Archives/edgar/data/703351/000070335120000059/eat202062410k.htm", "calculatedOtherExpenses": 169300000, "calculatedOperatingExpenses": 305600000, "calculatedNetInterest": 0, "calculatedOtherIncome": -98100000, "calculatedIncomeNonControlling": 0, "calculatedEbitda": 265300000}, {"date": "2019-06-26", "symbol": "EAT", "reportedCurrency": "USD", "cik": "0000703351", "fillingDate": "2019-08-22", "acceptedDate": "2019-08-22 16:28:45", "calendarYear": "2019", "period": "FY", "revenue": 3217900000, "costOfRevenue": 2695000000, "grossProfit": 522900000, "grossProfitRatio": 0.1624972808, "researchAndDevelopmentExpenses": 0, "generalAndAdministrativeExpenses": 149100000, "sellingAndMarketingExpenses": 0, "sellingGeneralAndAdministrativeExpenses": 149100000, "otherExpenses": 147600000, "operatingExpenses": 296700000, "costAndExpenses": 2991700000, "interestIncome": 61600000, "interestExpense": 61600000, "depreciationAndAmortization": 150300000, "ebitda": 381000000, "ebitdaratio": 0.1184001989, "operatingIncome": 230700000, "operatingIncomeRatio": 0.0716927189, "totalOtherIncomeExpensesNet": -58900000, "incomeBeforeTax": 171800000, "incomeBeforeTaxRatio": 0.0533888561, "incomeTaxExpense": 16900000, "netIncome": 154900000, "netIncomeRatio": 0.0481369837, "eps": 4.04, "epsdiluted": 3.96, "weightedAverageShsOut": 38300000, "weightedAverageShsOutDil": 39100000, "link": "https://www.sec.gov/Archives/edgar/data/703351/000070335119000037/0000703351-19-000037-index.htm", "finalLink": "https://www.sec.gov/Archives/edgar/data/703351/000070335119000037/eat2019062610k.htm", "calculatedOtherExpenses": 143100000, "calculatedOperatingExpenses": 292200000, "calculatedNetInterest": 0, "calculatedOtherIncome": -58900000, "calculatedIncomeNonControlling": 0, "calculatedEbitda": 381000000}, {"date": "2018-06-27", "symbol": "EAT", "reportedCurrency": "USD", "cik": "0000703351", "fillingDate": "2018-08-27", "acceptedDate": "2018-08-27 13:37:44", "calendarYear": "2018", "period": "FY", "revenue": 3135417000, "costOfRevenue": 2587407000, "grossProfit": 548010000, "grossProfitRatio": 0.1747805794, "researchAndDevelopmentExpenses": 0, "generalAndAdministrativeExpenses": 136012000, "sellingAndMarketingExpenses": 0, "sellingGeneralAndAdministrativeExpenses": 136012000, "otherExpenses": 1616000, "operatingExpenses": 293685000, "costAndExpenses": 2881092000, "interestIncome": 0, "interestExpense": 58986000, "depreciationAndAmortization": 151392000, "ebitda": 409265000, "ebitdaratio": 0.1305296871, "operatingIncome": 226106000, "operatingIncomeRatio": 0.0721135339, "totalOtherIncomeExpensesNet": -25117000, "incomeBeforeTax": 170222000, "incomeBeforeTaxRatio": 0.0542900673, "incomeTaxExpense": 44340000, "netIncome": 125882000, "netIncomeRatio": 0.0401484077, "eps": 2.75, "epsdiluted": 2.72, "weightedAverageShsOut": 45700000, "weightedAverageShsOutDil": 46300000, "link": "https://www.sec.gov/Archives/edgar/data/703351/000070335118000036/0000703351-18-000036-index.htm", "finalLink": "https://www.sec.gov/Archives/edgar/data/703351/000070335118000036/eat201862710k.htm", "calculatedOtherExpenses": 185892000, "calculatedOperatingExpenses": 321904000, "calculatedNetInterest": -58986000, "calculatedOtherIncome": 3102000, "calculatedIncomeNonControlling": 0, "calculatedEbitda": 377498000}, {"date": "2017-06-28", "symbol": "EAT", "reportedCurrency": "USD", "cik": "0000703351", "fillingDate": "2017-08-28", "acceptedDate": "2017-08-28 17:30:50", "calendarYear": "2017", "period": "FY", "revenue": 3150837000, "costOfRevenue": 2582776000, "grossProfit": 568061000, "grossProfitRatio": 0.1802889201, "researchAndDevelopmentExpenses": 0, "generalAndAdministrativeExpenses": 132819000, "sellingAndMarketingExpenses": 0, "sellingGeneralAndAdministrativeExpenses": 132819000, "otherExpenses": 1877000, "operatingExpenses": 295938000, "costAndExpenses": 2878714000, "interestIncome": 0, "interestExpense": 49547000, "depreciationAndAmortization": 156409000, "ebitda": 432397000, "ebitdaratio": 0.1372324243, "operatingIncome": 256178000, "operatingIncomeRatio": 0.0813047454, "totalOtherIncomeExpensesNet": -14068000, "incomeBeforeTax": 208508000, "incomeBeforeTaxRatio": 0.0661754321, "incomeTaxExpense": 57685000, "netIncome": 150823000, "netIncomeRatio": 0.0478675984, "eps": 2.98, "epsdiluted": 2.94, "weightedAverageShsOut": 50638000, "weightedAverageShsOutDil": 51250000, "link": "https://www.sec.gov/Archives/edgar/data/703351/000070335117000030/0000703351-17-000030-index.htm", "finalLink": "https://www.sec.gov/Archives/edgar/data/703351/000070335117000030/eat201762810k.htm", "calculatedOtherExpenses": 179064000, "calculatedOperatingExpenses": 311883000, "calculatedNetInterest": -49547000, "calculatedOtherIncome": 1877000, "calculatedIncomeNonControlling": 0, "calculatedEbitda": 412587000}, {"date": "2016-06-29", "symbol": "EAT", "reportedCurrency": "USD", "cik": "0000703351", "fillingDate": "2016-08-29", "acceptedDate": "2016-08-29 16:37:37", "calendarYear": "2016", "period": "FY", "revenue": 3257489000, "costOfRevenue": 2638872000, "grossProfit": 618617000, "grossProfitRatio": 0.1899060902, "researchAndDevelopmentExpenses": 0, "generalAndAdministrativeExpenses": 127593000, "sellingAndMarketingExpenses": 0, "sellingGeneralAndAdministrativeExpenses": 127593000, "otherExpenses": 1485000, "operatingExpenses": 287363000, "costAndExpenses": 2926235000, "interestIncome": 0, "interestExpense": 32574000, "depreciationAndAmortization": 156368000, "ebitda": 489107000, "ebitdaratio": 0.1501484733, "operatingIncome": 317476000, "operatingIncomeRatio": 0.0974603445, "totalOtherIncomeExpensesNet": -12293000, "incomeBeforeTax": 286387000, "incomeBeforeTaxRatio": 0.0879164903, "incomeTaxExpense": 85642000, "netIncome": 200745000, "netIncomeRatio": 0.0616256878, "eps": 3.47, "epsdiluted": 3.42, "weightedAverageShsOut": 57895000, "weightedAverageShsOutDil": 58684000, "link": "https://www.sec.gov/Archives/edgar/data/703351/000070335116000098/0000703351-16-000098-index.htm", "finalLink": "https://www.sec.gov/Archives/edgar/data/703351/000070335116000098/eat201662910k.htm", "calculatedOtherExpenses": 173548000, "calculatedOperatingExpenses": 301141000, "calculatedNetInterest": -32574000, "calculatedOtherIncome": 1485000, "calculatedIncomeNonControlling": 0, "calculatedEbitda": 473844000}, {"date": "2015-06-24", "symbol": "EAT", "reportedCurrency": "USD", "cik": "0000703351", "fillingDate": "2015-08-24", "acceptedDate": "2015-08-24 16:58:10", "calendarYear": "2015", "period": "FY", "revenue": 3002278000, "costOfRevenue": 2407603000, "grossProfit": 594675000, "grossProfitRatio": 0.1980745954, "researchAndDevelopmentExpenses": 0, "generalAndAdministrativeExpenses": 133467000, "sellingAndMarketingExpenses": 0, "sellingGeneralAndAdministrativeExpenses": 133467000, "otherExpenses": 2081000, "operatingExpenses": 278215000, "costAndExpenses": 2685818000, "interestIncome": 0, "interestExpense": 29006000, "depreciationAndAmortization": 145242000, "ebitda": 463783000, "ebitdaratio": 0.1544770338, "operatingIncome": 311202000, "operatingIncomeRatio": 0.1036552911, "totalOtherIncomeExpensesNet": -3177000, "incomeBeforeTax": 284277000, "incomeBeforeTaxRatio": 0.0946871009, "incomeTaxExpense": 87583000, "netIncome": 196694000, "netIncomeRatio": 0.065514919, "eps": 3.12, "epsdiluted": 3.05, "weightedAverageShsOut": 63072000, "weightedAverageShsOutDil": 64404000, "link": "https://www.sec.gov/Archives/edgar/data/703351/000070335115000046/0000703351-15-000046-index.htm", "finalLink": "https://www.sec.gov/Archives/edgar/data/703351/000070335115000046/eat201562410k.htm", "calculatedOtherExpenses": 150006000, "calculatedOperatingExpenses": 283473000, "calculatedNetInterest": -29006000, "calculatedOtherIncome": 2081000, "calculatedIncomeNonControlling": 0, "calculatedEbitda": 456444000}, {"date": "2014-06-25", "symbol": "EAT", "reportedCurrency": "USD", "cik": "0000703351", "fillingDate": "2014-08-25", "acceptedDate": "2014-08-25 16:51:29", "calendarYear": "2014", "period": "FY", "revenue": 2905452000, "costOfRevenue": 2345888000, "grossProfit": 559564000, "grossProfitRatio": 0.1925910323, "researchAndDevelopmentExpenses": 0, "generalAndAdministrativeExpenses": 132094000, "sellingAndMarketingExpenses": 0, "sellingGeneralAndAdministrativeExpenses": 132094000, "otherExpenses": 2214000, "operatingExpenses": 268452000, "costAndExpenses": 2614340000, "interestIncome": 0, "interestExpense": 28091000, "depreciationAndAmortization": 136081000, "ebitda": 429407000, "ebitdaratio": 0.1477935275, "operatingIncome": 242165000, "operatingIncomeRatio": 0.0833484773, "totalOtherIncomeExpensesNet": -46733000, "incomeBeforeTax": 216288000, "incomeBeforeTaxRatio": 0.0744421178, "incomeTaxExpense": 62249000, "netIncome": 154039000, "netIncomeRatio": 0.0530172242, "eps": 2.33, "epsdiluted": 2.26, "weightedAverageShsOut": 66251000, "weightedAverageShsOutDil": 68152000, "link": "https://www.sec.gov/Archives/edgar/data/703351/000070335114000020/0000703351-14-000020-index.htm", "finalLink": "https://www.sec.gov/Archives/edgar/data/703351/000070335114000020/eat201462510k.htm", "calculatedOtherExpenses": 185305000, "calculatedOperatingExpenses": 317399000, "calculatedNetInterest": -28091000, "calculatedOtherIncome": 2214000, "calculatedIncomeNonControlling": 0, "calculatedEbitda": 378246000}, {"date": "2013-06-26", "symbol": "EAT", "reportedCurrency": "USD", "cik": "0000703351", "fillingDate": "2013-08-26", "acceptedDate": "2013-08-26 16:48:20", "calendarYear": "2013", "period": "FY", "revenue": 2846098000, "costOfRevenue": 2306004000, "grossProfit": 540094000, "grossProfitRatio": 0.1897664803, "researchAndDevelopmentExpenses": 0, "generalAndAdministrativeExpenses": 134538000, "sellingAndMarketingExpenses": 0, "sellingGeneralAndAdministrativeExpenses": 134538000, "otherExpenses": 2658000, "operatingExpenses": 267461000, "costAndExpenses": 2573465000, "interestIncome": 0, "interestExpense": 29118000, "depreciationAndAmortization": 131481000, "ebitda": 406772000, "ebitdaratio": 0.1429226963, "operatingIncome": 256775000, "operatingIncomeRatio": 0.0902200135, "totalOtherIncomeExpensesNet": -13200000, "incomeBeforeTax": 230315000, "incomeBeforeTaxRatio": 0.0809230743, "incomeTaxExpense": 66956000, "netIncome": 163359000, "netIncomeRatio": 0.0573975316, "eps": 2.28, "epsdiluted": 2.2, "weightedAverageShsOut": 71788000, "weightedAverageShsOutDil": 74158000, "link": "https://www.sec.gov/Archives/edgar/data/703351/000070335113000009/0000703351-13-000009-index.htm", "finalLink": "https://www.sec.gov/Archives/edgar/data/703351/000070335113000009/eat201362610k.htm", "calculatedOtherExpenses": 148781000, "calculatedOperatingExpenses": 283319000, "calculatedNetInterest": -29118000, "calculatedOtherIncome": 2658000, "calculatedIncomeNonControlling": 0, "calculatedEbitda": 388256000}, {"date": "2012-06-27", "symbol": "EAT", "reportedCurrency": "USD", "cik": "0000703351", "fillingDate": "2012-08-27", "acceptedDate": "2012-08-27 16:49:18", "calendarYear": "2012", "period": "FY", "revenue": 2820722000, "costOfRevenue": 2311469000, "grossProfit": 509253000, "grossProfitRatio": 0.1805399469, "researchAndDevelopmentExpenses": 0, "generalAndAdministrativeExpenses": 143388000, "sellingAndMarketingExpenses": 0, "sellingGeneralAndAdministrativeExpenses": 143388000, "otherExpenses": -5202000, "operatingExpenses": 268442000, "costAndExpenses": 2579911000, "interestIncome": 0, "interestExpense": 26800000, "depreciationAndAmortization": 125054000, "ebitda": 360663000, "ebitdaratio": 0.1278619446, "operatingIncome": 231837000, "operatingIncomeRatio": 0.082190659, "totalOtherIncomeExpensesNet": -5202000, "incomeBeforeTax": 208809000, "incomeBeforeTaxRatio": 0.0740267917, "incomeTaxExpense": 57577000, "netIncome": 151232000, "netIncomeRatio": 0.0536146419, "eps": 1.93, "epsdiluted": 1.87, "weightedAverageShsOut": 78559000, "weightedAverageShsOutDil": 80664000, "link": "https://www.sec.gov/Archives/edgar/data/703351/000119312512369923/0001193125-12-369923-index.htm", "finalLink": "https://www.sec.gov/Archives/edgar/data/703351/000119312512369923/d365811d10k.htm", "calculatedOtherExpenses": 134028000, "calculatedOperatingExpenses": 277416000, "calculatedNetInterest": -26800000, "calculatedOtherIncome": 3772000, "calculatedIncomeNonControlling": 0, "calculatedEbitda": 356891000}, {"date": "2011-06-29", "symbol": "EAT", "reportedCurrency": "USD", "cik": "0000703351", "fillingDate": "2011-08-29", "acceptedDate": "2011-08-29 16:48:02", "calendarYear": "2011", "period": "FY", "revenue": 2761386000, "costOfRevenue": 742283000, "grossProfit": 2019103000, "grossProfitRatio": 0.7311918725, "researchAndDevelopmentExpenses": 0, "generalAndAdministrativeExpenses": 1674453000, "sellingAndMarketingExpenses": 0, "sellingGeneralAndAdministrativeExpenses": 1674453000, "otherExpenses": 128447000, "operatingExpenses": 1813683000, "costAndExpenses": 2555966000, "interestIncome": 0, "interestExpense": 28311000, "depreciationAndAmortization": 128447000, "ebitda": 333867000, "ebitdaratio": 0.1209055887, "operatingIncome": 216203000, "operatingIncomeRatio": 0.0782951025, "totalOtherIncomeExpensesNet": 6220000, "incomeBeforeTax": 183329000, "incomeBeforeTaxRatio": 0.0663902113, "incomeTaxExpense": 42269000, "netIncome": 141060000, "netIncomeRatio": 0.0510830431, "eps": 1.55, "epsdiluted": 1.53, "weightedAverageShsOut": 90807000, "weightedAverageShsOutDil": 92320000, "link": "https://www.sec.gov/Archives/edgar/data/703351/000119312511235557/0001193125-11-235557-index.htm", "finalLink": "https://www.sec.gov/Archives/edgar/data/703351/000119312511235557/d10k.htm", "calculatedOtherExpenses": 128447000, "calculatedOperatingExpenses": 1802900000, "calculatedNetInterest": -28311000, "calculatedOtherIncome": -4563000, "calculatedIncomeNonControlling": 0, "calculatedEbitda": 344650000}, {"date": "2010-06-30", "symbol": "EAT", "reportedCurrency": "USD", "cik": "0000703351", "fillingDate": "2010-08-24", "acceptedDate": "2010-08-24 16:45:56", "calendarYear": "2010", "period": "FY", "revenue": 2858498000, "costOfRevenue": 816015000, "grossProfit": 2042483000, "grossProfitRatio": 0.7145301484, "researchAndDevelopmentExpenses": 0, "generalAndAdministrativeExpenses": 0, "sellingAndMarketingExpenses": 0, "sellingGeneralAndAdministrativeExpenses": 1723666000, "otherExpenses": 164317000, "operatingExpenses": 1887983000, "costAndExpenses": 2703998000, "interestIncome": 0, "interestExpense": 28515000, "depreciationAndAmortization": 135832000, "ebitda": 290332000, "ebitdaratio": 0.1015680263, "operatingIncome": 154500000, "operatingIncomeRatio": 0.0540493644, "totalOtherIncomeExpensesNet": 6001000, "incomeBeforeTax": 131986000, "incomeBeforeTaxRatio": 0.0461732001, "incomeTaxExpense": 28264000, "netIncome": 137704000, "netIncomeRatio": 0.0481735513, "eps": 1.35, "epsdiluted": 1.34, "weightedAverageShsOut": 102287000, "weightedAverageShsOutDil": 103044000, "link": "https://www.sec.gov/Archives/edgar/data/703351/000119312510195848/0001193125-10-195848-index.htm", "finalLink": "https://www.sec.gov/Archives/edgar/data/703351/000119312510195848/d10k.htm", "calculatedOtherExpenses": 164317000, "calculatedOperatingExpenses": 1887983000, "calculatedNetInterest": -28515000, "calculatedOtherIncome": 6001000, "calculatedIncomeNonControlling": -33982000, "calculatedEbitda": 290332000}, {"date": "2009-06-24", "symbol": "EAT", "reportedCurrency": "USD", "cik": "0000703351", "fillingDate": "2009-08-24", "acceptedDate": "2009-08-24 16:47:44", "calendarYear": "2009", "period": "FY", "revenue": 3620580000, "costOfRevenue": 1010515000, "grossProfit": 2610065000, "grossProfitRatio": 0.7208969281, "researchAndDevelopmentExpenses": 0, "generalAndAdministrativeExpenses": 0, "sellingAndMarketingExpenses": 0, "sellingGeneralAndAdministrativeExpenses": 2203244000, "otherExpenses": 296587000, "operatingExpenses": 2365044000, "costAndExpenses": 3375559000, "interestIncome": 0, "interestExpense": 33330000, "depreciationAndAmortization": 161800000, "ebitda": 406821000, "ebitdaratio": 0.1123634887, "operatingIncome": 110234000, "operatingIncomeRatio": 0.030446503, "totalOtherIncomeExpensesNet": -124953000, "incomeBeforeTax": 86738000, "incomeBeforeTaxRatio": 0.0239569351, "incomeTaxExpense": 7572000, "netIncome": 79166000, "netIncomeRatio": 0.0218655575, "eps": 0.78, "epsdiluted": 0.77, "weightedAverageShsOut": 101852000, "weightedAverageShsOutDil": 102713000, "link": "https://www.sec.gov/Archives/edgar/data/703351/000104746909007949/0001047469-09-007949-index.htm", "finalLink": "https://www.sec.gov/Archives/edgar/data/703351/000104746909007949/a2194262z10-k.htm", "calculatedOtherExpenses": 296587000, "calculatedOperatingExpenses": 2499831000, "calculatedNetInterest": -33330000, "calculatedOtherIncome": 9834000, "calculatedIncomeNonControlling": 0, "calculatedEbitda": 272034000}, {"date": "2008-06-25", "symbol": "EAT", "reportedCurrency": "USD", "cik": "0000703351", "fillingDate": "2008-08-25", "acceptedDate": "2008-08-25 16:43:41", "calendarYear": "2008", "period": "FY", "revenue": 4235223000, "costOfRevenue": 1200763000, "grossProfit": 3034460000, "grossProfitRatio": 0.7164817531, "researchAndDevelopmentExpenses": 0, "generalAndAdministrativeExpenses": 0, "sellingAndMarketingExpenses": 0, "sellingGeneralAndAdministrativeExpenses": 2568612000, "otherExpenses": 369178000, "operatingExpenses": 2937790000, "costAndExpenses": 4138553000, "interestIncome": 0, "interestExpense": 0, "depreciationAndAmortization": 165512000, "ebitda": 462086000, "ebitdaratio": 0.109105471, "operatingIncome": 96670000, "operatingIncomeRatio": 0.0228252444, "totalOtherIncomeExpensesNet": -199904000, "incomeBeforeTax": 54854000, "incomeBeforeTaxRatio": 0.0129518564, "incomeTaxExpense": 3132000, "netIncome": 51722000, "netIncomeRatio": 0.012212344, "eps": 0.5, "epsdiluted": 0.49, "weightedAverageShsOut": 103101000, "weightedAverageShsOutDil": 104897000, "link": "https://www.sec.gov/Archives/edgar/data/703351/000104746908009621/0001047469-08-009621-index.htm", "finalLink": "https://www.sec.gov/Archives/edgar/data/703351/000104746908009621/a2187600z10-k.htm", "calculatedOtherExpenses": 369178000, "calculatedOperatingExpenses": 2937790000, "calculatedNetInterest": 0, "calculatedOtherIncome": -41816000, "calculatedIncomeNonControlling": 0, "calculatedEbitda": 262182000}, {"date": "2007-06-27", "symbol": "EAT", "reportedCurrency": "USD", "cik": "0000703351", "fillingDate": "2007-08-27", "acceptedDate": "2007-08-27 06:14:58", "calendarYear": "2007", "period": "FY", "revenue": 4376904000, "costOfRevenue": 1222198000, "grossProfit": 3154706000, "grossProfitRatio": 0.7207619815, "researchAndDevelopmentExpenses": 0, "generalAndAdministrativeExpenses": 207080000, "sellingAndMarketingExpenses": 2423135000, "sellingGeneralAndAdministrativeExpenses": 2630215000, "otherExpenses": 186425000, "operatingExpenses": 2816640000, "costAndExpenses": 4038838000, "interestIncome": 0, "interestExpense": 22857000, "depreciationAndAmortization": 189032000, "ebitda": 513158000, "ebitdaratio": 0.1172422333, "operatingIncome": 338066000, "operatingIncomeRatio": 0.0772386143, "totalOtherIncomeExpensesNet": 14070000, "incomeBeforeTax": 318470000, "incomeBeforeTaxRatio": 0.0727614771, "incomeTaxExpense": 88421000, "netIncome": 230049000, "netIncomeRatio": 0.0525597546, "eps": 1.9, "epsdiluted": 1.85, "weightedAverageShsOut": 121062000, "weightedAverageShsOutDil": 124116000, "link": "https://www.sec.gov/Archives/edgar/data/703351/000104746907006683/0001047469-07-006683-index.htm", "finalLink": "https://www.sec.gov/Archives/edgar/data/703351/000104746907006683/a2179499z10-k.htm", "calculatedOtherExpenses": 186425000, "calculatedOperatingExpenses": 2816640000, "calculatedNetInterest": -22857000, "calculatedOtherIncome": 3261000, "calculatedIncomeNonControlling": 0, "calculatedEbitda": 527098000}, {"date": "2006-06-28", "symbol": "EAT", "reportedCurrency": "USD", "cik": "0000703351", "fillingDate": "2006-08-23", "acceptedDate": "2006-08-23 17:01:56", "calendarYear": "2006", "period": "FY", "revenue": 4151291000, "costOfRevenue": 3425456000, "grossProfit": 725835000, "grossProfitRatio": 0.1748456083, "researchAndDevelopmentExpenses": 0, "generalAndAdministrativeExpenses": 0, "sellingAndMarketingExpenses": 0, "sellingGeneralAndAdministrativeExpenses": 207080000, "otherExpenses": 190206000, "operatingExpenses": 397286000, "costAndExpenses": 3822742000, "interestIncome": 0, "interestExpense": 0, "depreciationAndAmortization": 190167000, "ebitda": 519049000, "ebitdaratio": 0.1250331523, "operatingIncome": 328549000, "operatingIncomeRatio": 0.0791438133, "totalOtherIncomeExpensesNet": -294000, "incomeBeforeTax": 305398000, "incomeBeforeTaxRatio": 0.073566994, "incomeTaxExpense": 91448000, "netIncome": 212395000, "netIncomeRatio": 0.0511636019, "eps": 1.65, "epsdiluted": 1.62, "weightedAverageShsOut": 128766000, "weightedAverageShsOutDil": 130934000, "link": "https://www.sec.gov/Archives/edgar/data/703351/000110465906056762/0001104659-06-056762-index.htm", "finalLink": "https://www.sec.gov/Archives/edgar/data/703351/000110465906056762/a06-18312_110k.htm", "calculatedOtherExpenses": 190206000, "calculatedOperatingExpenses": 397286000, "calculatedNetInterest": 0, "calculatedOtherIncome": -23151000, "calculatedIncomeNonControlling": 1555000, "calculatedEbitda": 518716000}, {"date": "2005-06-29", "symbol": "EAT", "reportedCurrency": "USD", "cik": "0000703351", "fillingDate": "2005-09-12", "acceptedDate": "2005-09-09 17:37:31", "calendarYear": "2005", "period": "FY", "revenue": 3912850000, "costOfRevenue": 1100842000, "grossProfit": 2812008000, "grossProfitRatio": 0.7186598004, "researchAndDevelopmentExpenses": 0, "generalAndAdministrativeExpenses": 0, "sellingAndMarketingExpenses": 0, "sellingGeneralAndAdministrativeExpenses": 2336390000, "otherExpenses": 190889000, "operatingExpenses": 2527279000, "costAndExpenses": 3628121000, "interestIncome": 0, "interestExpense": 0, "depreciationAndAmortization": 195254000, "ebitda": 544931000, "ebitdaratio": 0.1392670304, "operatingIncome": 284729000, "operatingIncomeRatio": 0.0727676757, "totalOtherIncomeExpensesNet": -64948000, "incomeBeforeTax": 194413000, "incomeBeforeTaxRatio": 0.0496857789, "incomeTaxExpense": 34194000, "netIncome": 160219000, "netIncomeRatio": 0.0409468802, "eps": 1.21, "epsdiluted": 1.15, "weightedAverageShsOut": 132795000, "weightedAverageShsOutDil": 141343500, "link": "https://www.sec.gov/Archives/edgar/data/703351/000070335105000088/0000703351-05-000088-index.htm", "finalLink": "https://www.sec.gov/Archives/edgar/data/703351/000070335105000088/form10k051.htm", "calculatedOtherExpenses": 190889000, "calculatedOperatingExpenses": 2527279000, "calculatedNetInterest": 0, "calculatedOtherIncome": -90316000, "calculatedIncomeNonControlling": 0, "calculatedEbitda": 479983000}, {"date": "2004-06-30", "symbol": "EAT", "reportedCurrency": "USD", "cik": "0000703351", "fillingDate": "2004-09-13", "acceptedDate": "2004-09-13 15:07:21", "calendarYear": "2004", "period": "FY", "revenue": 3707486000, "costOfRevenue": 1024724000, "grossProfit": 2682762000, "grossProfitRatio": 0.7236067783, "researchAndDevelopmentExpenses": 0, "generalAndAdministrativeExpenses": 0, "sellingAndMarketingExpenses": 0, "sellingGeneralAndAdministrativeExpenses": 2181800000, "otherExpenses": 175449000, "operatingExpenses": 2357249000, "costAndExpenses": 3381973000, "interestIncome": 0, "interestExpense": 0, "depreciationAndAmortization": 184767000, "ebitda": 586259000, "ebitdaratio": 0.1581284461, "operatingIncome": 325513000, "operatingIncomeRatio": 0.0877988481, "totalOtherIncomeExpensesNet": -75979000, "incomeBeforeTax": 237931000, "incomeBeforeTaxRatio": 0.0641758324, "incomeTaxExpense": 83970000, "netIncome": 153961000, "netIncomeRatio": 0.0415270617, "eps": 1.05, "epsdiluted": 0.98, "weightedAverageShsOut": 144108000, "weightedAverageShsOutDil": 158609000, "link": "https://www.sec.gov/Archives/edgar/data/703351/000070335104000063/0000703351-04-000063-index.htm", "finalLink": "https://www.sec.gov/Archives/edgar/data/703351/000070335104000063/form10k04_f1.htm", "calculatedOtherExpenses": 175449000, "calculatedOperatingExpenses": 2357249000, "calculatedNetInterest": 0, "calculatedOtherIncome": -87582000, "calculatedIncomeNonControlling": 0, "calculatedEbitda": 510280000}, {"date": "2003-06-25", "symbol": "EAT", "reportedCurrency": "USD", "cik": "0000703351", "fillingDate": "2003-09-23", "acceptedDate": "2003-09-23 12:35:35", "calendarYear": "2003", "period": "FY", "revenue": 3285394000, "costOfRevenue": 2728875000, "grossProfit": 556519000, "grossProfitRatio": 0.1693918598, "researchAndDevelopmentExpenses": 0, "generalAndAdministrativeExpenses": 0, "sellingAndMarketingExpenses": 0, "sellingGeneralAndAdministrativeExpenses": 131763000, "otherExpenses": 158153000, "operatingExpenses": 289916000, "costAndExpenses": 3018791000, "interestIncome": 0, "interestExpense": 0, "depreciationAndAmortization": 169874000, "ebitda": 437044000, "ebitdaratio": 0.1330263585, "operatingIncome": 266603000, "operatingIncomeRatio": 0.0811479536, "totalOtherIncomeExpensesNet": -567000, "incomeBeforeTax": 253587000, "incomeBeforeTaxRatio": 0.0771861761, "incomeTaxExpense": 84951000, "netIncome": 168636000, "netIncomeRatio": 0.0513290035, "eps": 1.14, "epsdiluted": 1.08, "weightedAverageShsOut": 145644000, "weightedAverageShsOutDil": 160403000, "link": "https://www.sec.gov/Archives/edgar/data/703351/000070335103000069/0000703351-03-000069-index.htm", "finalLink": "https://www.sec.gov/Archives/edgar/data/703351/000070335103000069/form10k03.htm", "calculatedOtherExpenses": 158153000, "calculatedOperatingExpenses": 289916000, "calculatedNetInterest": 0, "calculatedOtherIncome": -13016000, "calculatedIncomeNonControlling": 0, "calculatedEbitda": 436477000}, {"date": "2002-06-26", "symbol": "EAT", "reportedCurrency": "USD", "cik": "0000703351", "fillingDate": "2002-09-24", "acceptedDate": "2002-09-24 16:55:15", "calendarYear": "2002", "period": "FY", "revenue": 2887111000, "costOfRevenue": 2388081000, "grossProfit": 499030000, "grossProfitRatio": 0.1728475282, "researchAndDevelopmentExpenses": 0, "generalAndAdministrativeExpenses": 0, "sellingAndMarketingExpenses": 0, "sellingGeneralAndAdministrativeExpenses": 121420000, "otherExpenses": 130102000, "operatingExpenses": 251522000, "costAndExpenses": 2639603000, "interestIncome": 0, "interestExpense": 0, "depreciationAndAmortization": 138354000, "ebitda": 388194000, "ebitdaratio": 0.1344575945, "operatingIncome": 247508000, "operatingIncomeRatio": 0.0857286055, "totalOtherIncomeExpensesNet": -2332000, "incomeBeforeTax": 231849000, "incomeBeforeTaxRatio": 0.0803048445, "incomeTaxExpense": 79136000, "netIncome": 152713000, "netIncomeRatio": 0.052894745, "eps": 1.04, "epsdiluted": 1.01, "weightedAverageShsOut": 146793000, "weightedAverageShsOutDil": 150847500, "link": "https://www.sec.gov/Archives/edgar/data/703351/000070335102000022/0000703351-02-000022-index.htm", "finalLink": "https://www.sec.gov/Archives/edgar/data/703351/000070335102000022/form10k02.txt", "calculatedOtherExpenses": 130102000, "calculatedOperatingExpenses": 251522000, "calculatedNetInterest": 0, "calculatedOtherIncome": -15659000, "calculatedIncomeNonControlling": 0, "calculatedEbitda": 385862000}, {"date": "2001-06-27", "symbol": "EAT", "reportedCurrency": "USD", "cik": "0000703351", "fillingDate": "2001-09-10", "acceptedDate": "2001-09-10 00:00:00", "calendarYear": "2001", "period": "FY", "revenue": 2473656000, "costOfRevenue": 2033488000, "grossProfit": 440168000, "grossProfitRatio": 0.1779422846, "researchAndDevelopmentExpenses": 0, "generalAndAdministrativeExpenses": 109110000, "sellingAndMarketingExpenses": 0, "sellingGeneralAndAdministrativeExpenses": 109110000, "otherExpenses": 100064000, "operatingExpenses": 209174000, "costAndExpenses": 2242662000, "interestIncome": 0, "interestExpense": 8608000, "depreciationAndAmortization": 101371000, "ebitda": 332824000, "ebitdaratio": 0.1345474068, "operatingIncome": 230994000, "operatingIncomeRatio": 0.0933816181, "totalOtherIncomeExpensesNet": -459000, "incomeBeforeTax": 221927000, "incomeBeforeTaxRatio": 0.0897161934, "incomeTaxExpense": 76779000, "netIncome": 145148000, "netIncomeRatio": 0.0586775202, "eps": 0.97, "epsdiluted": 0.94, "weightedAverageShsOut": 148651500, "weightedAverageShsOutDil": 153147000, "link": "https://www.sec.gov/Archives/edgar/data/703351/000091205701531833/0000912057-01-531833-index.htm", "finalLink": "https://www.sec.gov/Archives/edgar/data/703351/000091205701531833/a2058839z10-k.htm", "calculatedOtherExpenses": 100064000, "calculatedOperatingExpenses": 209174000, "calculatedNetInterest": -8608000, "calculatedOtherIncome": -459000, "calculatedIncomeNonControlling": 0, "calculatedEbitda": 332365000}, {"date": "2000-06-28", "symbol": "EAT", "reportedCurrency": "USD", "cik": "0000703351", "fillingDate": "2000-09-22", "acceptedDate": "2000-09-22 00:00:00", "calendarYear": "2000", "period": "FY", "revenue": 2159837000, "costOfRevenue": 1771274000, "grossProfit": 388563000, "grossProfitRatio": 0.1799038539, "researchAndDevelopmentExpenses": 0, "generalAndAdministrativeExpenses": 0, "sellingAndMarketingExpenses": 0, "sellingGeneralAndAdministrativeExpenses": 100123000, "otherExpenses": 92771000, "operatingExpenses": 192894000, "costAndExpenses": 1964168000, "interestIncome": 0, "interestExpense": 0, "depreciationAndAmortization": 92771000, "ebitda": 291821000, "ebitdaratio": 0.1351125108, "operatingIncome": 195669000, "operatingIncomeRatio": 0.0905943365, "totalOtherIncomeExpensesNet": -3381000, "incomeBeforeTax": 181542000, "incomeBeforeTaxRatio": 0.0840535652, "incomeTaxExpense": 63702000, "netIncome": 117840000, "netIncomeRatio": 0.0545596728, "eps": 0.8, "epsdiluted": 0.78, "weightedAverageShsOut": 147667500, "weightedAverageShsOutDil": 151671000, "link": "https://www.sec.gov/Archives/edgar/data/703351/000070335100000013/0000703351-00-000013-index.htm", "finalLink": "https://www.sec.gov/Archives/edgar/data/703351/000070335100000013/0000703351-00-000013-0001.txt", "calculatedOtherExpenses": 92771000, "calculatedOperatingExpenses": 192894000, "calculatedNetInterest": 0, "calculatedOtherIncome": -14127000, "calculatedIncomeNonControlling": 0, "calculatedEbitda": 288440000}, {"date": "1999-06-30", "symbol": "EAT", "reportedCurrency": "USD", "cik": "0000703351", "fillingDate": "1999-09-24", "acceptedDate": "1999-09-24 00:00:00", "calendarYear": "1999", "period": "FY", "revenue": 1870600000, "costOfRevenue": 1543700000, "grossProfit": 326900000, "grossProfitRatio": 0.1747567625, "researchAndDevelopmentExpenses": 0, "generalAndAdministrativeExpenses": 0, "sellingAndMarketingExpenses": 0, "sellingGeneralAndAdministrativeExpenses": 90300000, "otherExpenses": 82400000, "operatingExpenses": 172700000, "costAndExpenses": 1716400000, "interestIncome": 0, "interestExpense": 0, "depreciationAndAmortization": 82400000, "ebitda": 251100000, "ebitdaratio": 0.1342350048, "operatingIncome": 154200000, "operatingIncomeRatio": 0.0824334438, "totalOtherIncomeExpensesNet": -14500000, "incomeBeforeTax": 130500000, "incomeBeforeTaxRatio": 0.0697637122, "incomeTaxExpense": 45300000, "netIncome": 78800000, "netIncomeRatio": 0.0421255212, "eps": 0.53, "epsdiluted": 0.51, "weightedAverageShsOut": 148332000, "weightedAverageShsOutDil": 153274500, "link": "https://www.sec.gov/Archives/edgar/data/703351/000070335199000014/0000703351-99-000014-index.html", "finalLink": "https://www.sec.gov/Archives/edgar/data/703351/000070335199000014/", "calculatedOtherExpenses": 82400000, "calculatedOperatingExpenses": 172700000, "calculatedNetInterest": 0, "calculatedOtherIncome": -23700000, "calculatedIncomeNonControlling": 6400000, "calculatedEbitda": 236600000}, {"date": "1998-06-24", "symbol": "EAT", "reportedCurrency": "USD", "cik": "0000703351", "fillingDate": "1998-09-18", "acceptedDate": "1998-09-18 00:00:00", "calendarYear": "1998", "period": "FY", "revenue": 1574400000, "costOfRevenue": 1292700000, "grossProfit": 281700000, "grossProfitRatio": 0.1789253049, "researchAndDevelopmentExpenses": 0, "generalAndAdministrativeExpenses": 0, "sellingAndMarketingExpenses": 0, "sellingGeneralAndAdministrativeExpenses": 77400000, "otherExpenses": 86400000, "operatingExpenses": 163800000, "costAndExpenses": 1456500000, "interestIncome": 0, "interestExpense": 0, "depreciationAndAmortization": 86400000, "ebitda": 205700000, "ebitdaratio": 0.1306529472, "operatingIncome": 117900000, "operatingIncomeRatio": 0.0748856707, "totalOtherIncomeExpensesNet": -1400000, "incomeBeforeTax": 105500000, "incomeBeforeTaxRatio": 0.0670096545, "incomeTaxExpense": 36400000, "netIncome": 69100000, "netIncomeRatio": 0.0438897358, "eps": 0.47, "epsdiluted": 0.45, "weightedAverageShsOut": 147973500, "weightedAverageShsOutDil": 151762500, "link": "https://www.sec.gov/Archives/edgar/data/703351/000070335198000014/0000703351-98-000014-index.html", "finalLink": "https://www.sec.gov/Archives/edgar/data/703351/", "calculatedOtherExpenses": 86400000, "calculatedOperatingExpenses": 163800000, "calculatedNetInterest": 0, "calculatedOtherIncome": -12400000, "calculatedIncomeNonControlling": 0, "calculatedEbitda": 204300000}, {"date": "1997-06-25", "symbol": "EAT", "reportedCurrency": "USD", "cik": "0000703351", "fillingDate": "1997-09-23", "acceptedDate": "1997-09-23 00:00:00", "calendarYear": "1997", "period": "FY", "revenue": 1335300000, "costOfRevenue": 1095300000, "grossProfit": 240000000, "grossProfitRatio": 0.179734891, "researchAndDevelopmentExpenses": 0, "generalAndAdministrativeExpenses": 0, "sellingAndMarketingExpenses": 0, "sellingGeneralAndAdministrativeExpenses": 64400000, "otherExpenses": 78800000, "operatingExpenses": 143200000, "costAndExpenses": 1238500000, "interestIncome": 0, "interestExpense": 0, "depreciationAndAmortization": 78800000, "ebitda": 172000000, "ebitdaratio": 0.1288100052, "operatingIncome": 96800000, "operatingIncomeRatio": 0.0724930727, "totalOtherIncomeExpensesNet": 3600000, "incomeBeforeTax": 91000000, "incomeBeforeTaxRatio": 0.0681494795, "incomeTaxExpense": 30500000, "netIncome": 60500000, "netIncomeRatio": 0.0453081704, "eps": 0.37, "epsdiluted": 0.36, "weightedAverageShsOut": 164917541, "weightedAverageShsOutDil": 167971570, "link": "https://www.sec.gov/Archives/edgar/data/703351/000070335197000009/0000703351-97-000009-index.html", "finalLink": "https://www.sec.gov/Archives/edgar/data/703351/", "calculatedOtherExpenses": 78800000, "calculatedOperatingExpenses": 143200000, "calculatedNetInterest": 0, "calculatedOtherIncome": -5800000, "calculatedIncomeNonControlling": 0, "calculatedEbitda": 175600000}, {"date": "1996-06-26", "symbol": "EAT", "reportedCurrency": "USD", "cik": "0000703351", "fillingDate": "1996-09-24", "acceptedDate": "1996-09-24 00:00:00", "calendarYear": "1996", "period": "FY", "revenue": 1163000000, "costOfRevenue": 950800000, "grossProfit": 212200000, "grossProfitRatio": 0.1824591574, "researchAndDevelopmentExpenses": 0, "generalAndAdministrativeExpenses": 0, "sellingAndMarketingExpenses": 0, "sellingGeneralAndAdministrativeExpenses": 54300000, "otherExpenses": 64600000, "operatingExpenses": 118900000, "costAndExpenses": 1069700000, "interestIncome": 0, "interestExpense": 0, "depreciationAndAmortization": 64600000, "ebitda": 194400000, "ebitdaratio": 0.1671539123, "operatingIncome": 93300000, "operatingIncomeRatio": 0.0802235598, "totalOtherIncomeExpensesNet": -36500000, "incomeBeforeTax": 52200000, "incomeBeforeTaxRatio": 0.0448839209, "incomeTaxExpense": 17800000, "netIncome": 34400000, "netIncomeRatio": 0.0295786758, "eps": 0.2, "epsdiluted": 0.19, "weightedAverageShsOut": 171914043, "weightedAverageShsOutDil": 177842113, "link": "https://www.sec.gov/Archives/edgar/data/703351/000070335196000017/0000703351-96-000017-index.html", "finalLink": "https://www.sec.gov/Archives/edgar/data/703351/", "calculatedOtherExpenses": 64600000, "calculatedOperatingExpenses": 118900000, "calculatedNetInterest": 0, "calculatedOtherIncome": -41100000, "calculatedIncomeNonControlling": 0, "calculatedEbitda": 157900000}, {"date": "1995-06-28", "symbol": "EAT", "reportedCurrency": "USD", "cik": "0000703351", "fillingDate": "1995-09-25", "acceptedDate": "1995-09-25 00:00:00", "calendarYear": "1995", "period": "FY", "revenue": 1042200000, "costOfRevenue": 824400000, "grossProfit": 217800000, "grossProfitRatio": 0.2089810017, "researchAndDevelopmentExpenses": 0, "generalAndAdministrativeExpenses": 0, "sellingAndMarketingExpenses": 0, "sellingGeneralAndAdministrativeExpenses": 50400000, "otherExpenses": 58600000, "operatingExpenses": 109000000, "costAndExpenses": 933400000, "interestIncome": 0, "interestExpense": 0, "depreciationAndAmortization": 58600000, "ebitda": 164200000, "ebitdaratio": 0.1575513337, "operatingIncome": 108800000, "operatingIncomeRatio": 0.10439455, "totalOtherIncomeExpensesNet": 3200000, "incomeBeforeTax": 111400000, "incomeBeforeTaxRatio": 0.1068892727, "incomeTaxExpense": 38700000, "netIncome": 72700000, "netIncomeRatio": 0.0697562848, "eps": 0.44, "epsdiluted": 0.44, "weightedAverageShsOut": 167136750, "weightedAverageShsOutDil": 167276250, "link": "https://www.sec.gov/Archives/edgar/data/703351/000070335195000016/0000703351-95-000016-index.html", "finalLink": "https://www.sec.gov/Archives/edgar/data/703351/", "calculatedOtherExpenses": 58600000, "calculatedOperatingExpenses": 109000000, "calculatedNetInterest": 0, "calculatedOtherIncome": 2600000, "calculatedIncomeNonControlling": 0, "calculatedEbitda": 167400000}, {"date": "1994-06-29", "symbol": "EAT", "reportedCurrency": "USD", "cik": "0000703351", "fillingDate": "1994-09-27", "acceptedDate": "1994-09-27 00:00:00", "calendarYear": "1994", "period": "FY", "revenue": 878500000, "costOfRevenue": 686700000, "grossProfit": 191800000, "grossProfitRatio": 0.2183266932, "researchAndDevelopmentExpenses": 0, "generalAndAdministrativeExpenses": 0, "sellingAndMarketingExpenses": 0, "sellingGeneralAndAdministrativeExpenses": 45700000, "otherExpenses": 51500000, "operatingExpenses": 97200000, "costAndExpenses": 783900000, "interestIncome": 0, "interestExpense": 0, "depreciationAndAmortization": 51500000, "ebitda": 144900000, "ebitdaratio": 0.164940239, "operatingIncome": 94600000, "operatingIncomeRatio": 0.1076835515, "totalOtherIncomeExpensesNet": 1200000, "incomeBeforeTax": 95400000, "incomeBeforeTaxRatio": 0.1085941946, "incomeTaxExpense": 33800000, "netIncome": 61600000, "netIncomeRatio": 0.0701195219, "eps": 0.37, "epsdiluted": 0.37, "weightedAverageShsOut": 167787000, "weightedAverageShsOutDil": 168003000, "link": "https://www.sec.gov/Archives/edgar/data/703351/000070335194000027/0000703351-94-000027-index.html", "finalLink": "https://www.sec.gov/Archives/edgar/data/703351/", "calculatedOtherExpenses": 51500000, "calculatedOperatingExpenses": 97200000, "calculatedNetInterest": 0, "calculatedOtherIncome": 800000, "calculatedIncomeNonControlling": 0, "calculatedEbitda": 146100000}, {"date": "1993-06-30", "symbol": "EAT", "reportedCurrency": "USD", "cik": "0000703351", "fillingDate": "1993-06-30", "acceptedDate": "1993-06-29 20:00:00", "calendarYear": "1993", "period": "FY", "revenue": 652900000, "costOfRevenue": 509900000, "grossProfit": 143000000, "grossProfitRatio": 0.2190228213, "researchAndDevelopmentExpenses": 0, "generalAndAdministrativeExpenses": 0, "sellingAndMarketingExpenses": 0, "sellingGeneralAndAdministrativeExpenses": 34200000, "otherExpenses": 36700000, "operatingExpenses": 70900000, "costAndExpenses": 580800000, "interestIncome": 0, "interestExpense": 0, "depreciationAndAmortization": 36700000, "ebitda": 105100000, "ebitdaratio": 0.1609741155, "operatingIncome": 72100000, "operatingIncomeRatio": 0.1104303875, "totalOtherIncomeExpensesNet": 3700000, "incomeBeforeTax": 75800000, "incomeBeforeTaxRatio": 0.1160974115, "incomeTaxExpense": 26900000, "netIncome": 48900000, "netIncomeRatio": 0.0748966151, "eps": 0.31, "epsdiluted": 0.31, "weightedAverageShsOut": 159376833, "weightedAverageShsOutDil": 159376833, "link": "", "finalLink": "", "calculatedOtherExpenses": 36700000, "calculatedOperatingExpenses": 70900000, "calculatedNetInterest": 0, "calculatedOtherIncome": 3700000, "calculatedIncomeNonControlling": 0, "calculatedEbitda": 108800000}, {"date": "1992-06-30", "symbol": "EAT", "reportedCurrency": "USD", "cik": "0000703351", "fillingDate": "1992-06-30", "acceptedDate": "1992-06-29 20:00:00", "calendarYear": "1992", "period": "FY", "revenue": 519300000, "costOfRevenue": 412100000, "grossProfit": 107200000, "grossProfitRatio": 0.206431735, "researchAndDevelopmentExpenses": 0, "generalAndAdministrativeExpenses": 0, "sellingAndMarketingExpenses": 0, "sellingGeneralAndAdministrativeExpenses": 28600000, "otherExpenses": 27300000, "operatingExpenses": 55900000, "costAndExpenses": 468000000, "interestIncome": 0, "interestExpense": 0, "depreciationAndAmortization": 27300000, "ebitda": 75400000, "ebitdaratio": 0.1451954554, "operatingIncome": 51300000, "operatingIncomeRatio": 0.0987868284, "totalOtherIncomeExpensesNet": 3200000, "incomeBeforeTax": 54500000, "incomeBeforeTaxRatio": 0.1049489698, "incomeTaxExpense": 18800000, "netIncome": 35700000, "netIncomeRatio": 0.0687463894, "eps": 0.23, "epsdiluted": 0.23, "weightedAverageShsOut": 157421289, "weightedAverageShsOutDil": 157421289, "link": "", "finalLink": "", "calculatedOtherExpenses": 27300000, "calculatedOperatingExpenses": 55900000, "calculatedNetInterest": 0, "calculatedOtherIncome": 3200000, "calculatedIncomeNonControlling": 0, "calculatedEbitda": 78600000}, {"date": "1991-06-30", "symbol": "EAT", "reportedCurrency": "USD", "cik": "0000703351", "fillingDate": "1991-06-30", "acceptedDate": "1991-06-29 20:00:00", "calendarYear": "1991", "period": "FY", "revenue": 426800000, "costOfRevenue": 343500000, "grossProfit": 83300000, "grossProfitRatio": 0.1951733833, "researchAndDevelopmentExpenses": 0, "generalAndAdministrativeExpenses": 0, "sellingAndMarketingExpenses": 0, "sellingGeneralAndAdministrativeExpenses": 23700000, "otherExpenses": 21300000, "operatingExpenses": 45000000, "costAndExpenses": 388500000, "interestIncome": 0, "interestExpense": 0, "depreciationAndAmortization": 21300000, "ebitda": 58100000, "ebitdaratio": 0.1361293346, "operatingIncome": 38300000, "operatingIncomeRatio": 0.089737582, "totalOtherIncomeExpensesNet": 1500000, "incomeBeforeTax": 39700000, "incomeBeforeTaxRatio": 0.0930178069, "incomeTaxExpense": 13600000, "netIncome": 26100000, "netIncomeRatio": 0.0611527648, "eps": 0.18, "epsdiluted": 0.18, "weightedAverageShsOut": 144927536, "weightedAverageShsOutDil": 144927536, "link": "", "finalLink": "", "calculatedOtherExpenses": 21300000, "calculatedOperatingExpenses": 45000000, "calculatedNetInterest": 0, "calculatedOtherIncome": 1400000, "calculatedIncomeNonControlling": 0, "calculatedEbitda": 59600000}, {"date": "1990-06-30", "symbol": "EAT", "reportedCurrency": "USD", "cik": "0000703351", "fillingDate": "1990-06-30", "acceptedDate": "1990-06-29 20:00:00", "calendarYear": "1990", "period": "FY", "revenue": 347100000, "costOfRevenue": 281900000, "grossProfit": 65200000, "grossProfitRatio": 0.1878421204, "researchAndDevelopmentExpenses": 0, "generalAndAdministrativeExpenses": 0, "sellingAndMarketingExpenses": 0, "sellingGeneralAndAdministrativeExpenses": 19700000, "otherExpenses": 17400000, "operatingExpenses": 37100000, "costAndExpenses": 319000000, "interestIncome": 0, "interestExpense": 0, "depreciationAndAmortization": 17400000, "ebitda": 44100000, "ebitdaratio": 0.1270527226, "operatingIncome": 28100000, "operatingIncomeRatio": 0.0809564967, "totalOtherIncomeExpensesNet": 1400000, "incomeBeforeTax": 27400000, "incomeBeforeTaxRatio": 0.0789397868, "incomeTaxExpense": 9300000, "netIncome": 18100000, "netIncomeRatio": 0.0521463555, "eps": 0.15, "epsdiluted": 0.15, "weightedAverageShsOut": 123347417, "weightedAverageShsOutDil": 123347417, "link": "", "finalLink": "", "calculatedOtherExpenses": 17400000, "calculatedOperatingExpenses": 37100000, "calculatedNetInterest": 0, "calculatedOtherIncome": -700000, "calculatedIncomeNonControlling": 0, "calculatedEbitda": 45500000}, {"date": "1989-06-30", "symbol": "EAT", "reportedCurrency": "USD", "cik": "0000703351", "fillingDate": "1989-06-30", "acceptedDate": "1989-06-29 20:00:00", "calendarYear": "1989", "period": "FY", "revenue": 284700000, "costOfRevenue": 230700000, "grossProfit": 54000000, "grossProfitRatio": 0.1896733404, "researchAndDevelopmentExpenses": 0, "generalAndAdministrativeExpenses": 0, "sellingAndMarketingExpenses": 0, "sellingGeneralAndAdministrativeExpenses": 16600000, "otherExpenses": 15100000, "operatingExpenses": 31700000, "costAndExpenses": 262400000, "interestIncome": 0, "interestExpense": 0, "depreciationAndAmortization": 15100000, "ebitda": 35900000, "ebitdaratio": 0.1260976466, "operatingIncome": 22300000, "operatingIncomeRatio": 0.0783280646, "totalOtherIncomeExpensesNet": 1500000, "incomeBeforeTax": 20800000, "incomeBeforeTaxRatio": 0.0730593607, "incomeTaxExpense": 6800000, "netIncome": 14000000, "netIncomeRatio": 0.0491745697, "eps": 0.12, "epsdiluted": 0.11, "weightedAverageShsOut": 116608362, "weightedAverageShsOutDil": 123467678, "link": "", "finalLink": "", "calculatedOtherExpenses": 15100000, "calculatedOperatingExpenses": 31700000, "calculatedNetInterest": 0, "calculatedOtherIncome": -1500000, "calculatedIncomeNonControlling": 0, "calculatedEbitda": 37400000}, {"date": "1988-06-30", "symbol": "EAT", "reportedCurrency": "USD", "cik": "0000703351", "fillingDate": "1988-06-30", "acceptedDate": "1988-06-29 20:00:00", "calendarYear": "1988", "period": "FY", "revenue": 218300000, "costOfRevenue": 61700000, "grossProfit": 156600000, "grossProfitRatio": 0.7173614292, "researchAndDevelopmentExpenses": 0, "generalAndAdministrativeExpenses": 0, "sellingAndMarketingExpenses": 0, "sellingGeneralAndAdministrativeExpenses": 128000000, "otherExpenses": 13400000, "operatingExpenses": 141400000, "costAndExpenses": 203100000, "interestIncome": 0, "interestExpense": 0, "depreciationAndAmortization": 13400000, "ebitda": 28000000, "ebitdaratio": 0.1282638571, "operatingIncome": 15200000, "operatingIncomeRatio": 0.069628951, "totalOtherIncomeExpensesNet": 600000, "incomeBeforeTax": 12400000, "incomeBeforeTaxRatio": 0.0568025653, "incomeTaxExpense": 4300000, "netIncome": 8100000, "netIncomeRatio": 0.0371049015, "eps": 0.08, "epsdiluted": 0.08, "weightedAverageShsOut": 101199400, "weightedAverageShsOutDil": 101199400, "link": "", "finalLink": "", "calculatedOtherExpenses": 13400000, "calculatedOperatingExpenses": 141400000, "calculatedNetInterest": 0, "calculatedOtherIncome": -2800000, "calculatedIncomeNonControlling": 0, "calculatedEbitda": 28600000}, {"date": "1987-06-30", "symbol": "EAT", "reportedCurrency": "USD", "cik": "0000703351", "fillingDate": "1987-06-30", "acceptedDate": "1987-06-29 20:00:00", "calendarYear": "1987", "period": "FY", "revenue": 177200000, "costOfRevenue": 50900000, "grossProfit": 126300000, "grossProfitRatio": 0.7127539503, "researchAndDevelopmentExpenses": 0, "generalAndAdministrativeExpenses": 0, "sellingAndMarketingExpenses": 0, "sellingGeneralAndAdministrativeExpenses": 102100000, "otherExpenses": 11200000, "operatingExpenses": 113300000, "costAndExpenses": 164200000, "interestIncome": 0, "interestExpense": 0, "depreciationAndAmortization": 11200000, "ebitda": 24200000, "ebitdaratio": 0.1365688488, "operatingIncome": 13000000, "operatingIncomeRatio": 0.0733634312, "totalOtherIncomeExpensesNet": -1700000, "incomeBeforeTax": 11300000, "incomeBeforeTaxRatio": 0.0637697517, "incomeTaxExpense": 4800000, "netIncome": 6500000, "netIncomeRatio": 0.0366817156, "eps": 0.0667, "epsdiluted": 0.0667, "weightedAverageShsOut": 97451274, "weightedAverageShsOutDil": 97451274, "link": "", "finalLink": "", "calculatedOtherExpenses": 11200000, "calculatedOperatingExpenses": 113300000, "calculatedNetInterest": 0, "calculatedOtherIncome": -1700000, "calculatedIncomeNonControlling": 0, "calculatedEbitda": 24200000}, {"date": "1986-06-30", "symbol": "EAT", "reportedCurrency": "USD", "cik": "0000703351", "fillingDate": "1986-06-30", "acceptedDate": "1986-06-29 20:00:00", "calendarYear": "1986", "period": "FY", "revenue": 107000000, "costOfRevenue": 29500000, "grossProfit": 77500000, "grossProfitRatio": 0.7242990654, "researchAndDevelopmentExpenses": 0, "generalAndAdministrativeExpenses": 0, "sellingAndMarketingExpenses": 0, "sellingGeneralAndAdministrativeExpenses": 63600000, "otherExpenses": 6700000, "operatingExpenses": 70300000, "costAndExpenses": 99800000, "interestIncome": 0, "interestExpense": 0, "depreciationAndAmortization": 6700000, "ebitda": 13900000, "ebitdaratio": 0.1299065421, "operatingIncome": 7200000, "operatingIncomeRatio": 0.0672897196, "totalOtherIncomeExpensesNet": -600000, "incomeBeforeTax": 6600000, "incomeBeforeTaxRatio": 0.061682243, "incomeTaxExpense": 1800000, "netIncome": 4800000, "netIncomeRatio": 0.0448598131, "eps": 0.0534, "epsdiluted": 0.0534, "weightedAverageShsOut": 89955022, "weightedAverageShsOutDil": 89955022, "link": "", "finalLink": "", "calculatedOtherExpenses": 6700000, "calculatedOperatingExpenses": 70300000, "calculatedNetInterest": 0, "calculatedOtherIncome": -600000, "calculatedIncomeNonControlling": 0, "calculatedEbitda": 13900000}]}