{"originalCurrency": "USD", "convertedCurrency": "USD", "report": [{"date": "2023-12-31", "symbol": "ED", "reportedCurrency": "USD", "cik": "0001047862", "fillingDate": "2024-02-15", "acceptedDate": "2024-02-15 16:55:28", "calendarYear": "2023", "period": "FY", "revenue": 14663000000, "costOfRevenue": 7258000000, "grossProfit": 7405000000, "grossProfitRatio": 0.5050126168, "researchAndDevelopmentExpenses": 0, "generalAndAdministrativeExpenses": 0, "sellingAndMarketingExpenses": 0, "sellingGeneralAndAdministrativeExpenses": 3606000000, "otherExpenses": 742000000, "operatingExpenses": 5074000000, "costAndExpenses": 12332000000, "interestIncome": 62000000, "interestExpense": 1023000000, "depreciationAndAmortization": 2031000000, "ebitda": 5104000000, "ebitdaratio": 0.3480870218, "operatingIncome": 3196000000, "operatingIncomeRatio": 0.2179635818, "totalOtherIncomeExpensesNet": 1695000000, "incomeBeforeTax": 3003000000, "incomeBeforeTaxRatio": 0.2048012003, "incomeTaxExpense": 487000000, "netIncome": 2519000000, "netIncomeRatio": 0.1717929482, "eps": 7.24, "epsdiluted": 7.21, "weightedAverageShsOut": 347700000, "weightedAverageShsOutDil": 349300000, "link": "https://www.sec.gov/Archives/edgar/data/1047862/000104786224000012/0001047862-24-000012-index.htm", "finalLink": "https://www.sec.gov/Archives/edgar/data/23632/000104786224000012/ed-20231231.htm", "calculatedOtherExpenses": 603000000, "calculatedOperatingExpenses": 4209000000, "calculatedNetInterest": -961000000, "calculatedOtherIncome": 768000000, "calculatedIncomeNonControlling": -3000000, "calculatedEbitda": 5227000000}, {"date": "2022-12-31", "symbol": "ED", "reportedCurrency": "USD", "cik": "0001047862", "fillingDate": "2023-02-16", "acceptedDate": "2023-02-16 16:40:43", "calendarYear": "2022", "period": "FY", "revenue": 15670000000, "costOfRevenue": 7985000000, "grossProfit": 7685000000, "grossProfitRatio": 0.4904275686, "researchAndDevelopmentExpenses": 27000000, "generalAndAdministrativeExpenses": 0, "sellingAndMarketingExpenses": 0, "sellingGeneralAndAdministrativeExpenses": 3905000000, "otherExpenses": 5061000000, "operatingExpenses": 5061000000, "costAndExpenses": 13046000000, "interestIncome": 99000000, "interestExpense": 951000000, "depreciationAndAmortization": 2442000000, "ebitda": 5066000000, "ebitdaratio": 0.3232929164, "operatingIncome": 2624000000, "operatingIncomeRatio": 0.1674537332, "totalOtherIncomeExpensesNet": -526000000, "incomeBeforeTax": 2098000000, "incomeBeforeTaxRatio": 0.1338864071, "incomeTaxExpense": 498000000, "netIncome": 1660000000, "netIncomeRatio": 0.1059349075, "eps": 4.68, "epsdiluted": 4.67, "weightedAverageShsOut": 354500000, "weightedAverageShsOutDil": 355800000, "link": "https://www.sec.gov/Archives/edgar/data/1047862/000104786223000038/0001047862-23-000038-index.htm", "finalLink": "https://www.sec.gov/Archives/edgar/data/23632/000104786223000038/ed-20221231.htm", "calculatedOtherExpenses": 1129000000, "calculatedOperatingExpenses": 5061000000, "calculatedNetInterest": -852000000, "calculatedOtherIncome": 326000000, "calculatedIncomeNonControlling": -60000000, "calculatedEbitda": 5066000000}, {"date": "2021-12-31", "symbol": "ED", "reportedCurrency": "USD", "cik": "0001047862", "fillingDate": "2022-02-17", "acceptedDate": "2022-02-17 17:05:00", "calendarYear": "2021", "period": "FY", "revenue": 13676000000, "costOfRevenue": 6008000000, "grossProfit": 7668000000, "grossProfitRatio": 0.5606902603, "researchAndDevelopmentExpenses": 25000000, "generalAndAdministrativeExpenses": 0, "sellingAndMarketingExpenses": 0, "sellingGeneralAndAdministrativeExpenses": 3254000000, "otherExpenses": 4842000000, "operatingExpenses": 4842000000, "costAndExpenses": 10850000000, "interestIncome": 14000000, "interestExpense": 919000000, "depreciationAndAmortization": 1907000000, "ebitda": 4733000000, "ebitdaratio": 0.3460807254, "operatingIncome": 2826000000, "operatingIncomeRatio": 0.2066393682, "totalOtherIncomeExpensesNet": -1443000000, "incomeBeforeTax": 1383000000, "incomeBeforeTaxRatio": 0.1011260603, "incomeTaxExpense": 190000000, "netIncome": 1346000000, "netIncomeRatio": 0.0984205908, "eps": 3.86, "epsdiluted": 3.85, "weightedAverageShsOut": 348400000, "weightedAverageShsOutDil": 349400000, "link": "https://www.sec.gov/Archives/edgar/data/1047862/000104786222000039/0001047862-22-000039-index.htm", "finalLink": "https://www.sec.gov/Archives/edgar/data/23632/000104786222000039/ed-20211231.htm", "calculatedOtherExpenses": 1563000000, "calculatedOperatingExpenses": 4842000000, "calculatedNetInterest": -905000000, "calculatedOtherIncome": -538000000, "calculatedIncomeNonControlling": -153000000, "calculatedEbitda": 4733000000}, {"date": "2020-12-31", "symbol": "ED", "reportedCurrency": "USD", "cik": "0001047862", "fillingDate": "2021-02-18", "acceptedDate": "2021-02-18 16:43:35", "calendarYear": "2020", "period": "FY", "revenue": 12246000000, "costOfRevenue": 5097000000, "grossProfit": 7149000000, "grossProfitRatio": 0.5837824596, "researchAndDevelopmentExpenses": 24000000, "generalAndAdministrativeExpenses": 0, "sellingAndMarketingExpenses": 0, "sellingGeneralAndAdministrativeExpenses": 2814000000, "otherExpenses": 4495000000, "operatingExpenses": 4495000000, "costAndExpenses": 9592000000, "interestIncome": 1033000000, "interestExpense": 1019000000, "depreciationAndAmortization": 1716000000, "ebitda": 4370000000, "ebitdaratio": 0.3568512167, "operatingIncome": 2654000000, "operatingIncomeRatio": 0.2167238282, "totalOtherIncomeExpensesNet": -1420000000, "incomeBeforeTax": 1234000000, "incomeBeforeTaxRatio": 0.1007675976, "incomeTaxExpense": 90000000, "netIncome": 1101000000, "netIncomeRatio": 0.0899069084, "eps": 3.29, "epsdiluted": 3.28, "weightedAverageShsOut": 334800000, "weightedAverageShsOutDil": 335700000, "link": "https://www.sec.gov/Archives/edgar/data/1047862/000104786221000049/0001047862-21-000049-index.htm", "finalLink": "https://www.sec.gov/Archives/edgar/data/23632/000104786221000049/ed-20201231.htm", "calculatedOtherExpenses": 1657000000, "calculatedOperatingExpenses": 4495000000, "calculatedNetInterest": 14000000, "calculatedOtherIncome": -1434000000, "calculatedIncomeNonControlling": 43000000, "calculatedEbitda": 4370000000}, {"date": "2019-12-31", "symbol": "ED", "reportedCurrency": "USD", "cik": "0001047862", "fillingDate": "2020-02-20", "acceptedDate": "2020-02-20 17:06:22", "calendarYear": "2019", "period": "FY", "revenue": 12574000000, "costOfRevenue": 5808000000, "grossProfit": 6766000000, "grossProfitRatio": 0.5380944807, "researchAndDevelopmentExpenses": 24000000, "generalAndAdministrativeExpenses": 0, "sellingAndMarketingExpenses": 0, "sellingGeneralAndAdministrativeExpenses": 3175000000, "otherExpenses": 4090000000, "operatingExpenses": 4090000000, "costAndExpenses": 9898000000, "interestIncome": 96000000, "interestExpense": 991000000, "depreciationAndAmortization": 1625000000, "ebitda": 4301000000, "ebitdaratio": 0.3420550342, "operatingIncome": 2676000000, "operatingIncomeRatio": 0.212820105, "totalOtherIncomeExpensesNet": -940000000, "incomeBeforeTax": 1736000000, "incomeBeforeTaxRatio": 0.138062669, "incomeTaxExpense": 296000000, "netIncome": 1343000000, "netIncomeRatio": 0.1068076984, "eps": 4.09, "epsdiluted": 4.08, "weightedAverageShsOut": 328500000, "weightedAverageShsOutDil": 329500000, "link": "https://www.sec.gov/Archives/edgar/data/1047862/000104786220000041/0001047862-20-000041-index.htm", "finalLink": "https://www.sec.gov/Archives/edgar/data/23632/000104786220000041/ed-20191231x10k.htm", "calculatedOtherExpenses": 891000000, "calculatedOperatingExpenses": 4090000000, "calculatedNetInterest": -895000000, "calculatedOtherIncome": -45000000, "calculatedIncomeNonControlling": 97000000, "calculatedEbitda": 4301000000}, {"date": "2018-12-31", "symbol": "ED", "reportedCurrency": "USD", "cik": "0001047862", "fillingDate": "2019-02-21", "acceptedDate": "2019-02-21 17:08:02", "calendarYear": "2018", "period": "FY", "revenue": 12337000000, "costOfRevenue": 6100000000, "grossProfit": 6237000000, "grossProfitRatio": 0.5055524033, "researchAndDevelopmentExpenses": 24000000, "generalAndAdministrativeExpenses": 0, "sellingAndMarketingExpenses": 0, "sellingGeneralAndAdministrativeExpenses": 3152000000, "otherExpenses": -193000000, "operatingExpenses": 3704000000, "costAndExpenses": 9804000000, "interestIncome": 0, "interestExpense": 819000000, "depreciationAndAmortization": 1438000000, "ebitda": 3778000000, "ebitdaratio": 0.306233282, "operatingIncome": 2664000000, "operatingIncomeRatio": 0.2159358029, "totalOtherIncomeExpensesNet": 69000000, "incomeBeforeTax": 1783000000, "incomeBeforeTaxRatio": 0.1445246008, "incomeTaxExpense": 401000000, "netIncome": 1382000000, "netIncomeRatio": 0.1120207506, "eps": 4.43, "epsdiluted": 4.42, "weightedAverageShsOut": 311700000, "weightedAverageShsOutDil": 312900000, "link": "https://www.sec.gov/Archives/edgar/data/1047862/000104786219000035/0001047862-19-000035-index.htm", "finalLink": "https://www.sec.gov/Archives/edgar/data/23632/000104786219000035/ed-20181231x10k.htm", "calculatedOtherExpenses": 397000000, "calculatedOperatingExpenses": 3573000000, "calculatedNetInterest": -819000000, "calculatedOtherIncome": -62000000, "calculatedIncomeNonControlling": 0, "calculatedEbitda": 4102000000}, {"date": "2017-12-31", "symbol": "ED", "reportedCurrency": "USD", "cik": "0001047862", "fillingDate": "2018-02-15", "acceptedDate": "2018-02-15 17:11:37", "calendarYear": "2017", "period": "FY", "revenue": 12033000000, "costOfRevenue": 5928000000, "grossProfit": 6105000000, "grossProfitRatio": 0.5073547744, "researchAndDevelopmentExpenses": 24000000, "generalAndAdministrativeExpenses": 0, "sellingAndMarketingExpenses": 0, "sellingGeneralAndAdministrativeExpenses": 3139000000, "otherExpenses": 26000000, "operatingExpenses": 3496000000, "costAndExpenses": 9424000000, "interestIncome": 0, "interestExpense": 729000000, "depreciationAndAmortization": 1341000000, "ebitda": 3976000000, "ebitdaratio": 0.3304246655, "operatingIncome": 2610000000, "operatingIncomeRatio": 0.2169035153, "totalOtherIncomeExpensesNet": 117000000, "incomeBeforeTax": 1997000000, "incomeBeforeTaxRatio": 0.1659602759, "incomeTaxExpense": 472000000, "netIncome": 1525000000, "netIncomeRatio": 0.1267348126, "eps": 4.97, "epsdiluted": 4.94, "weightedAverageShsOut": 307100000, "weightedAverageShsOutDil": 308800000, "link": "https://www.sec.gov/Archives/edgar/data/1047862/000104786218000037/0001047862-18-000037-index.htm", "finalLink": "https://www.sec.gov/Archives/edgar/data/23632/000104786218000037/ed-20171231x10k.htm", "calculatedOtherExpenses": 332000000, "calculatedOperatingExpenses": 3495000000, "calculatedNetInterest": -729000000, "calculatedOtherIncome": 116000000, "calculatedIncomeNonControlling": 0, "calculatedEbitda": 3951000000}, {"date": "2016-12-31", "symbol": "ED", "reportedCurrency": "USD", "cik": "0001047862", "fillingDate": "2017-02-16", "acceptedDate": "2017-02-16 16:47:46", "calendarYear": "2016", "period": "FY", "revenue": 12075000000, "costOfRevenue": 6357000000, "grossProfit": 5718000000, "grossProfitRatio": 0.4735403727, "researchAndDevelopmentExpenses": 24000000, "generalAndAdministrativeExpenses": 0, "sellingAndMarketingExpenses": 0, "sellingGeneralAndAdministrativeExpenses": 205000000, "otherExpenses": -37000000, "operatingExpenses": 3247000000, "costAndExpenses": 9604000000, "interestIncome": 0, "interestExpense": 696000000, "depreciationAndAmortization": 1216000000, "ebitda": 3650000000, "ebitdaratio": 0.3022774327, "operatingIncome": 2575000000, "operatingIncomeRatio": 0.2132505176, "totalOtherIncomeExpensesNet": 168000000, "incomeBeforeTax": 1943000000, "incomeBeforeTaxRatio": 0.1609109731, "incomeTaxExpense": 698000000, "netIncome": 1245000000, "netIncomeRatio": 0.1031055901, "eps": 4.15, "epsdiluted": 4.12, "weightedAverageShsOut": 300400000, "weightedAverageShsOutDil": 301900000, "link": "https://www.sec.gov/Archives/edgar/data/1047862/000104786217000029/0001047862-17-000029-index.htm", "finalLink": "https://www.sec.gov/Archives/edgar/data/23632/000104786217000029/ed-20161231x10k.htm", "calculatedOtherExpenses": 2914000000, "calculatedOperatingExpenses": 3143000000, "calculatedNetInterest": -696000000, "calculatedOtherIncome": 64000000, "calculatedIncomeNonControlling": 0, "calculatedEbitda": 3791000000}, {"date": "2015-12-31", "symbol": "ED", "reportedCurrency": "USD", "cik": "0001047862", "fillingDate": "2016-02-18", "acceptedDate": "2016-02-18 16:52:57", "calendarYear": "2015", "period": "FY", "revenue": 12554000000, "costOfRevenue": 7060000000, "grossProfit": 5494000000, "grossProfitRatio": 0.4376294408, "researchAndDevelopmentExpenses": 23000000, "generalAndAdministrativeExpenses": 0, "sellingAndMarketingExpenses": 0, "sellingGeneralAndAdministrativeExpenses": 0, "otherExpenses": -16000000, "operatingExpenses": 3067000000, "costAndExpenses": 10127000000, "interestIncome": 0, "interestExpense": 653000000, "depreciationAndAmortization": 1130000000, "ebitda": 3541000000, "ebitdaratio": 0.2820614943, "operatingIncome": 2427000000, "operatingIncomeRatio": 0.1933248367, "totalOtherIncomeExpensesNet": 24000000, "incomeBeforeTax": 1798000000, "incomeBeforeTaxRatio": 0.1432212841, "incomeTaxExpense": 605000000, "netIncome": 1193000000, "netIncomeRatio": 0.0950294727, "eps": 4.07, "epsdiluted": 4.05, "weightedAverageShsOut": 293000000, "weightedAverageShsOutDil": 294400000, "link": "https://www.sec.gov/Archives/edgar/data/1047862/000104786216000225/0001047862-16-000225-index.htm", "finalLink": "https://www.sec.gov/Archives/edgar/data/23632/000104786216000225/ed-20151231x10k.htm", "calculatedOtherExpenses": 3044000000, "calculatedOperatingExpenses": 3067000000, "calculatedNetInterest": -653000000, "calculatedOtherIncome": 24000000, "calculatedIncomeNonControlling": 0, "calculatedEbitda": 3557000000}, {"date": "2014-12-31", "symbol": "ED", "reportedCurrency": "USD", "cik": "0001047862", "fillingDate": "2015-02-19", "acceptedDate": "2015-02-19 17:03:05", "calendarYear": "2014", "period": "FY", "revenue": 12919000000, "costOfRevenue": 7807000000, "grossProfit": 5112000000, "grossProfitRatio": 0.3956962613, "researchAndDevelopmentExpenses": 22000000, "generalAndAdministrativeExpenses": 0, "sellingAndMarketingExpenses": 0, "sellingGeneralAndAdministrativeExpenses": 0, "otherExpenses": -14000000, "operatingExpenses": 2948000000, "costAndExpenses": 10755000000, "interestIncome": 0, "interestExpense": 591000000, "depreciationAndAmortization": 1071000000, "ebitda": 3221000000, "ebitdaratio": 0.249322703, "operatingIncome": 2209000000, "operatingIncomeRatio": 0.1709884666, "totalOtherIncomeExpensesNet": 87000000, "incomeBeforeTax": 1660000000, "incomeBeforeTaxRatio": 0.1284929174, "incomeTaxExpense": 568000000, "netIncome": 1092000000, "netIncomeRatio": 0.0845266662, "eps": 3.73, "epsdiluted": 3.71, "weightedAverageShsOut": 292900000, "weightedAverageShsOutDil": 294000000, "link": "https://www.sec.gov/Archives/edgar/data/1047862/000119312515054350/0001193125-15-054350-index.htm", "finalLink": "https://www.sec.gov/Archives/edgar/data/23632/000119312515054350/d821872d10k.htm", "calculatedOtherExpenses": 2881000000, "calculatedOperatingExpenses": 2903000000, "calculatedNetInterest": -591000000, "calculatedOtherIncome": 42000000, "calculatedIncomeNonControlling": 0, "calculatedEbitda": 3280000000}, {"date": "2013-12-31", "symbol": "ED", "reportedCurrency": "USD", "cik": "0001047862", "fillingDate": "2014-02-21", "acceptedDate": "2014-02-20 17:55:32", "calendarYear": "2013", "period": "FY", "revenue": 12354000000, "costOfRevenue": 7191000000, "grossProfit": 5163000000, "grossProfitRatio": 0.417921321, "researchAndDevelopmentExpenses": 18000000, "generalAndAdministrativeExpenses": 0, "sellingAndMarketingExpenses": 0, "sellingGeneralAndAdministrativeExpenses": 0, "otherExpenses": -15000000, "operatingExpenses": 2919000000, "costAndExpenses": 10110000000, "interestIncome": 0, "interestExpense": 719000000, "depreciationAndAmortization": 1024000000, "ebitda": 3253000000, "ebitdaratio": 0.2633155253, "operatingIncome": 2244000000, "operatingIncomeRatio": 0.1816415736, "totalOtherIncomeExpensesNet": 13000000, "incomeBeforeTax": 1538000000, "incomeBeforeTaxRatio": 0.124494091, "incomeTaxExpense": 476000000, "netIncome": 1062000000, "netIncomeRatio": 0.0859640602, "eps": 3.62, "epsdiluted": 3.61, "weightedAverageShsOut": 292900000, "weightedAverageShsOutDil": 294400000, "link": "https://www.sec.gov/Archives/edgar/data/1047862/000119312514061037/0001193125-14-061037-index.htm", "finalLink": "https://www.sec.gov/Archives/edgar/data/23632/000119312514061037/d629773d10k.htm", "calculatedOtherExpenses": 2901000000, "calculatedOperatingExpenses": 2919000000, "calculatedNetInterest": -719000000, "calculatedOtherIncome": 13000000, "calculatedIncomeNonControlling": 0, "calculatedEbitda": 3268000000}, {"date": "2012-12-31", "symbol": "ED", "reportedCurrency": "USD", "cik": "0001047862", "fillingDate": "2013-02-21", "acceptedDate": "2013-02-21 16:12:45", "calendarYear": "2012", "period": "FY", "revenue": 12188000000, "costOfRevenue": 7069000000, "grossProfit": 5119000000, "grossProfitRatio": 0.4200032819, "researchAndDevelopmentExpenses": 21000000, "generalAndAdministrativeExpenses": 0, "sellingAndMarketingExpenses": 0, "sellingGeneralAndAdministrativeExpenses": 0, "otherExpenses": -16000000, "operatingExpenses": 2780000000, "costAndExpenses": 9849000000, "interestIncome": 0, "interestExpense": 604000000, "depreciationAndAmortization": 955000000, "ebitda": 3278000000, "ebitdaratio": 0.2689530686, "operatingIncome": 2339000000, "operatingIncomeRatio": 0.1919100755, "totalOtherIncomeExpensesNet": 6000000, "incomeBeforeTax": 1741000000, "incomeBeforeTaxRatio": 0.1428454217, "incomeTaxExpense": 600000000, "netIncome": 1141000000, "netIncomeRatio": 0.0936166721, "eps": 3.88, "epsdiluted": 3.86, "weightedAverageShsOut": 292900000, "weightedAverageShsOutDil": 294500000, "link": "https://www.sec.gov/Archives/edgar/data/1047862/000119312513069310/0001193125-13-069310-index.htm", "finalLink": "https://www.sec.gov/Archives/edgar/data/23632/000119312513069310/d446447d10k.htm", "calculatedOtherExpenses": 2759000000, "calculatedOperatingExpenses": 2780000000, "calculatedNetInterest": -604000000, "calculatedOtherIncome": 6000000, "calculatedIncomeNonControlling": 0, "calculatedEbitda": 3294000000}, {"date": "2011-12-31", "symbol": "ED", "reportedCurrency": "USD", "cik": "0001047862", "fillingDate": "2012-02-21", "acceptedDate": "2012-02-21 12:18:05", "calendarYear": "2011", "period": "FY", "revenue": 12938000000, "costOfRevenue": 5001000000, "grossProfit": 7937000000, "grossProfitRatio": 0.6134642139, "researchAndDevelopmentExpenses": 0, "generalAndAdministrativeExpenses": 0, "sellingAndMarketingExpenses": 0, "sellingGeneralAndAdministrativeExpenses": 0, "otherExpenses": 5698000000, "operatingExpenses": 5698000000, "costAndExpenses": 10699000000, "interestIncome": 0, "interestExpense": 594000000, "depreciationAndAmortization": 884000000, "ebitda": 3123000000, "ebitdaratio": 0.2413819756, "operatingIncome": 2239000000, "operatingIncomeRatio": 0.1730561138, "totalOtherIncomeExpensesNet": 17000000, "incomeBeforeTax": 1662000000, "incomeBeforeTaxRatio": 0.1284588035, "incomeTaxExpense": 600000000, "netIncome": 1062000000, "netIncomeRatio": 0.0820837842, "eps": 3.59, "epsdiluted": 3.57, "weightedAverageShsOut": 292600000, "weightedAverageShsOutDil": 294400000, "link": "https://www.sec.gov/Archives/edgar/data/1047862/000119312512069828/0001193125-12-069828-index.htm", "finalLink": "https://www.sec.gov/Archives/edgar/data/23632/000119312512069828/d263151d10k.htm", "calculatedOtherExpenses": 5698000000, "calculatedOperatingExpenses": 5698000000, "calculatedNetInterest": -594000000, "calculatedOtherIncome": 17000000, "calculatedIncomeNonControlling": 0, "calculatedEbitda": 3123000000}, {"date": "2010-12-31", "symbol": "ED", "reportedCurrency": "USD", "cik": "0001047862", "fillingDate": "2011-02-22", "acceptedDate": "2011-02-22 16:07:08", "calendarYear": "2010", "period": "FY", "revenue": 13325000000, "costOfRevenue": 5732000000, "grossProfit": 7593000000, "grossProfitRatio": 0.5698311445, "researchAndDevelopmentExpenses": 0, "generalAndAdministrativeExpenses": 0, "sellingAndMarketingExpenses": 0, "sellingGeneralAndAdministrativeExpenses": 0, "otherExpenses": 5473000000, "operatingExpenses": 5473000000, "costAndExpenses": 11205000000, "interestIncome": 0, "interestExpense": 609000000, "depreciationAndAmortization": 840000000, "ebitda": 2960000000, "ebitdaratio": 0.2221388368, "operatingIncome": 2120000000, "operatingIncomeRatio": 0.1590994371, "totalOtherIncomeExpensesNet": 40000000, "incomeBeforeTax": 1551000000, "incomeBeforeTaxRatio": 0.1163977486, "incomeTaxExpense": 548000000, "netIncome": 1003000000, "netIncomeRatio": 0.075272045, "eps": 3.49, "epsdiluted": 3.47, "weightedAverageShsOut": 284300000, "weightedAverageShsOutDil": 285900000, "link": "https://www.sec.gov/Archives/edgar/data/1047862/000119312511042145/0001193125-11-042145-index.htm", "finalLink": "https://www.sec.gov/Archives/edgar/data/23632/000119312511042145/d10k.htm", "calculatedOtherExpenses": 5473000000, "calculatedOperatingExpenses": 5473000000, "calculatedNetInterest": -609000000, "calculatedOtherIncome": 40000000, "calculatedIncomeNonControlling": 0, "calculatedEbitda": 2960000000}, {"date": "2009-12-31", "symbol": "ED", "reportedCurrency": "USD", "cik": "0001047862", "fillingDate": "2010-02-22", "acceptedDate": "2010-02-22 13:23:02", "calendarYear": "2009", "period": "FY", "revenue": 13032000000, "costOfRevenue": 6242000000, "grossProfit": 6790000000, "grossProfitRatio": 0.5210251688, "researchAndDevelopmentExpenses": 0, "generalAndAdministrativeExpenses": 0, "sellingAndMarketingExpenses": 0, "sellingGeneralAndAdministrativeExpenses": 0, "otherExpenses": 4891000000, "operatingExpenses": 4891000000, "costAndExpenses": 11133000000, "interestIncome": 0, "interestExpense": 611000000, "depreciationAndAmortization": 791000000, "ebitda": 2690000000, "ebitdaratio": 0.2064149785, "operatingIncome": 1899000000, "operatingIncomeRatio": 0.145718232, "totalOtherIncomeExpensesNet": 31000000, "incomeBeforeTax": 1319000000, "incomeBeforeTaxRatio": 0.1012124002, "incomeTaxExpense": 440000000, "netIncome": 879000000, "netIncomeRatio": 0.0674493554, "eps": 3.16, "epsdiluted": 3.14, "weightedAverageShsOut": 275200000, "weightedAverageShsOutDil": 276300000, "link": "https://www.sec.gov/Archives/edgar/data/1047862/000119312510036116/0001193125-10-036116-index.htm", "finalLink": "https://www.sec.gov/Archives/edgar/data/23632/000119312510036116/d10k.htm", "calculatedOtherExpenses": 4891000000, "calculatedOperatingExpenses": 4891000000, "calculatedNetInterest": -611000000, "calculatedOtherIncome": 31000000, "calculatedIncomeNonControlling": 0, "calculatedEbitda": 2690000000}, {"date": "2008-12-31", "symbol": "ED", "reportedCurrency": "USD", "cik": "0001047862", "fillingDate": "2009-02-23", "acceptedDate": "2009-02-23 14:19:56", "calendarYear": "2008", "period": "FY", "revenue": 13583000000, "costOfRevenue": 7584000000, "grossProfit": 5999000000, "grossProfitRatio": 0.4416550099, "researchAndDevelopmentExpenses": 0, "generalAndAdministrativeExpenses": 0, "sellingAndMarketingExpenses": 0, "sellingGeneralAndAdministrativeExpenses": 0, "otherExpenses": 4340000000, "operatingExpenses": 4340000000, "costAndExpenses": 11924000000, "interestIncome": 0, "interestExpense": 544000000, "depreciationAndAmortization": 717000000, "ebitda": 2053000000, "ebitdaratio": 0.1511448134, "operatingIncome": 1659000000, "operatingIncomeRatio": 0.1221379666, "totalOtherIncomeExpensesNet": 323000000, "incomeBeforeTax": 1446000000, "incomeBeforeTaxRatio": 0.1064566002, "incomeTaxExpense": 524000000, "netIncome": 1196000000, "netIncomeRatio": 0.0880512405, "eps": 4.38, "epsdiluted": 4.37, "weightedAverageShsOut": 272900000, "weightedAverageShsOutDil": 273600000, "link": "https://www.sec.gov/Archives/edgar/data/1047862/000119312509034924/0001193125-09-034924-index.htm", "finalLink": "https://www.sec.gov/Archives/edgar/data/23632/000119312509034924/d10k.htm", "calculatedOtherExpenses": 4340000000, "calculatedOperatingExpenses": 4340000000, "calculatedNetInterest": -544000000, "calculatedOtherIncome": 331000000, "calculatedIncomeNonControlling": -274000000, "calculatedEbitda": 2376000000}, {"date": "2007-12-31", "symbol": "ED", "reportedCurrency": "USD", "cik": "0001047862", "fillingDate": "2008-02-22", "acceptedDate": "2008-02-22 13:52:18", "calendarYear": "2007", "period": "FY", "revenue": 13120000000, "costOfRevenue": 7225000000, "grossProfit": 5895000000, "grossProfitRatio": 0.4493140244, "researchAndDevelopmentExpenses": 0, "generalAndAdministrativeExpenses": 0, "sellingAndMarketingExpenses": 0, "sellingGeneralAndAdministrativeExpenses": 0, "otherExpenses": 4048000000, "operatingExpenses": 4048000000, "costAndExpenses": 11273000000, "interestIncome": 0, "interestExpense": 517000000, "depreciationAndAmortization": 667000000, "ebitda": 2479000000, "ebitdaratio": 0.1889481707, "operatingIncome": 1847000000, "operatingIncomeRatio": 0.140777439, "totalOtherIncomeExpensesNet": 35000000, "incomeBeforeTax": 1362000000, "incomeBeforeTaxRatio": 0.1038109756, "incomeTaxExpense": 437000000, "netIncome": 929000000, "netIncomeRatio": 0.0708079268, "eps": 3.49, "epsdiluted": 3.47, "weightedAverageShsOut": 266300000, "weightedAverageShsOutDil": 267300000, "link": "https://www.sec.gov/Archives/edgar/data/1047862/000119312508036146/0001193125-08-036146-index.htm", "finalLink": "https://www.sec.gov/Archives/edgar/data/23632/000119312508036146/d10k.htm", "calculatedOtherExpenses": 4048000000, "calculatedOperatingExpenses": 4048000000, "calculatedNetInterest": -517000000, "calculatedOtherIncome": 32000000, "calculatedIncomeNonControlling": -4000000, "calculatedEbitda": 2514000000}, {"date": "2006-12-31", "symbol": "ED", "reportedCurrency": "USD", "cik": "0001047862", "fillingDate": "2007-02-21", "acceptedDate": "2007-02-21 17:13:36", "calendarYear": "2006", "period": "FY", "revenue": 12137000000, "costOfRevenue": 6695000000, "grossProfit": 5442000000, "grossProfitRatio": 0.4483809838, "researchAndDevelopmentExpenses": 0, "generalAndAdministrativeExpenses": 0, "sellingAndMarketingExpenses": 0, "sellingGeneralAndAdministrativeExpenses": 0, "otherExpenses": 3775000000, "operatingExpenses": 3775000000, "costAndExpenses": 10470000000, "interestIncome": 0, "interestExpense": 550000000, "depreciationAndAmortization": 621000000, "ebitda": 2272000000, "ebitdaratio": 0.187196177, "operatingIncome": 1667000000, "operatingIncomeRatio": 0.1373486034, "totalOtherIncomeExpensesNet": 16000000, "incomeBeforeTax": 1128000000, "incomeBeforeTaxRatio": 0.092938947, "incomeTaxExpense": 390000000, "netIncome": 737000000, "netIncomeRatio": 0.0607234078, "eps": 2.96, "epsdiluted": 2.95, "weightedAverageShsOut": 249300000, "weightedAverageShsOutDil": 250300000, "link": "https://www.sec.gov/Archives/edgar/data/1047862/000119312507036143/0001193125-07-036143-index.htm", "finalLink": "https://www.sec.gov/Archives/edgar/data/23632/000119312507036143/d10k.htm", "calculatedOtherExpenses": 3775000000, "calculatedOperatingExpenses": 3775000000, "calculatedNetInterest": -550000000, "calculatedOtherIncome": 11000000, "calculatedIncomeNonControlling": 1000000, "calculatedEbitda": 2288000000}, {"date": "2005-12-31", "symbol": "ED", "reportedCurrency": "USD", "cik": "0001047862", "fillingDate": "2006-02-22", "acceptedDate": "2006-02-22 17:08:47", "calendarYear": "2005", "period": "FY", "revenue": 11690000000, "costOfRevenue": 6714000000, "grossProfit": 4976000000, "grossProfitRatio": 0.4256629598, "researchAndDevelopmentExpenses": 0, "generalAndAdministrativeExpenses": 0, "sellingAndMarketingExpenses": 0, "sellingGeneralAndAdministrativeExpenses": 0, "otherExpenses": 3454000000, "operatingExpenses": 3454000000, "costAndExpenses": 10168000000, "interestIncome": 0, "interestExpense": 464000000, "depreciationAndAmortization": 584000000, "ebitda": 2089000000, "ebitdaratio": 0.1786997434, "operatingIncome": 1522000000, "operatingIncomeRatio": 0.1301967494, "totalOtherIncomeExpensesNet": 17000000, "incomeBeforeTax": 1073000000, "incomeBeforeTaxRatio": 0.0917878529, "incomeTaxExpense": 341000000, "netIncome": 719000000, "netIncomeRatio": 0.0615055603, "eps": 2.95, "epsdiluted": 2.94, "weightedAverageShsOut": 243900000, "weightedAverageShsOutDil": 244700000, "link": "https://www.sec.gov/Archives/edgar/data/1047862/000119312506036760/0001193125-06-036760-index.htm", "finalLink": "https://www.sec.gov/Archives/edgar/data/23632/000119312506036760/d10k.htm", "calculatedOtherExpenses": 3454000000, "calculatedOperatingExpenses": 3454000000, "calculatedNetInterest": -464000000, "calculatedOtherIncome": 15000000, "calculatedIncomeNonControlling": 13000000, "calculatedEbitda": 2106000000}, {"date": "2004-12-31", "symbol": "ED", "reportedCurrency": "USD", "cik": "0001047862", "fillingDate": "2005-02-25", "acceptedDate": "2005-02-25 17:12:18", "calendarYear": "2004", "period": "FY", "revenue": 9758000000, "costOfRevenue": 5410000000, "grossProfit": 4348000000, "grossProfitRatio": 0.4455831113, "researchAndDevelopmentExpenses": 0, "generalAndAdministrativeExpenses": 0, "sellingAndMarketingExpenses": 0, "sellingGeneralAndAdministrativeExpenses": 0, "otherExpenses": 3125000000, "operatingExpenses": 3125000000, "costAndExpenses": 8535000000, "interestIncome": 0, "interestExpense": 444000000, "depreciationAndAmortization": 551000000, "ebitda": 1757000000, "ebitdaratio": 0.1800573888, "operatingIncome": 1223000000, "operatingIncomeRatio": 0.1253330601, "totalOtherIncomeExpensesNet": 17000000, "incomeBeforeTax": 821000000, "incomeBeforeTaxRatio": 0.0841360935, "incomeTaxExpense": 272000000, "netIncome": 537000000, "netIncomeRatio": 0.0550317688, "eps": 2.28, "epsdiluted": 2.27, "weightedAverageShsOut": 230263158, "weightedAverageShsOutDil": 236000000, "link": "https://www.sec.gov/Archives/edgar/data/1047862/000119312505037439/0001193125-05-037439-index.htm", "finalLink": "https://www.sec.gov/Archives/edgar/data/23632/000119312505037439/d10k.htm", "calculatedOtherExpenses": 3125000000, "calculatedOperatingExpenses": 3125000000, "calculatedNetInterest": -444000000, "calculatedOtherIncome": 42000000, "calculatedIncomeNonControlling": 12000000, "calculatedEbitda": 1774000000}, {"date": "2003-12-31", "symbol": "ED", "reportedCurrency": "USD", "cik": "0001047862", "fillingDate": "2004-02-24", "acceptedDate": "2004-02-24 16:59:50", "calendarYear": "2003", "period": "FY", "revenue": 9827000000, "costOfRevenue": 5277000000, "grossProfit": 4550000000, "grossProfitRatio": 0.4630100743, "researchAndDevelopmentExpenses": 0, "generalAndAdministrativeExpenses": 0, "sellingAndMarketingExpenses": 0, "sellingGeneralAndAdministrativeExpenses": 0, "otherExpenses": 3291000000, "operatingExpenses": 3291000000, "costAndExpenses": 8568000000, "interestIncome": 0, "interestExpense": 970000000, "depreciationAndAmortization": 529000000, "ebitda": 1777000000, "ebitdaratio": 0.1808283301, "operatingIncome": 1259000000, "operatingIncomeRatio": 0.128116414, "totalOtherIncomeExpensesNet": 11000000, "incomeBeforeTax": 851000000, "incomeBeforeTaxRatio": 0.086598148, "incomeTaxExpense": 315000000, "netIncome": 539000000, "netIncomeRatio": 0.0548488857, "eps": 2.39, "epsdiluted": 2.38, "weightedAverageShsOut": 216317992, "weightedAverageShsOutDil": 221000000, "link": "https://www.sec.gov/Archives/edgar/data/1047862/000104746904005477/0001047469-04-005477-index.htm", "finalLink": "https://www.sec.gov/Archives/edgar/data/1047862/000104746904005477/a2129103z10-k.htm", "calculatedOtherExpenses": 3291000000, "calculatedOperatingExpenses": 3291000000, "calculatedNetInterest": -970000000, "calculatedOtherIncome": 562000000, "calculatedIncomeNonControlling": -3000000, "calculatedEbitda": 1788000000}, {"date": "2002-12-31", "symbol": "ED", "reportedCurrency": "USD", "cik": "0001047862", "fillingDate": "2003-02-27", "acceptedDate": "2003-02-27 17:14:50", "calendarYear": "2002", "period": "FY", "revenue": 8481860000, "costOfRevenue": 4065741000, "grossProfit": 4416119000, "grossProfitRatio": 0.5206545498, "researchAndDevelopmentExpenses": 0, "generalAndAdministrativeExpenses": 0, "sellingAndMarketingExpenses": 0, "sellingGeneralAndAdministrativeExpenses": 0, "otherExpenses": 2957910000, "operatingExpenses": 2957910000, "costAndExpenses": 7023651000, "interestIncome": 0, "interestExpense": 1122137000000, "depreciationAndAmortization": 494553000, "ebitda": 1922411000, "ebitdaratio": 0.2266496971, "operatingIncome": 1458209000, "operatingIncomeRatio": 0.1719208994, "totalOtherIncomeExpensesNet": 30351000, "incomeBeforeTax": 1056947000, "incomeBeforeTaxRatio": 0.1246126439, "incomeTaxExpense": 376392000, "netIncome": 658494000, "netIncomeRatio": 0.0776355658, "eps": 3.03, "epsdiluted": 3.02, "weightedAverageShsOut": 213201320, "weightedAverageShsOutDil": 213201320, "link": "https://www.sec.gov/Archives/edgar/data/1047862/000104746903007134/0001047469-03-007134-index.htm", "finalLink": "https://www.sec.gov/Archives/edgar/data/23632/000104746903007134/a2103728z10-k.htm", "calculatedOtherExpenses": 2957910000, "calculatedOperatingExpenses": 2957910000, "calculatedNetInterest": -1122137000000, "calculatedOtherIncome": 1121735738000, "calculatedIncomeNonControlling": 22061000, "calculatedEbitda": 1952762000}, {"date": "2001-12-31", "symbol": "ED", "reportedCurrency": "USD", "cik": "0001047862", "fillingDate": "2002-03-27", "acceptedDate": "2002-03-27 00:00:00", "calendarYear": "2001", "period": "FY", "revenue": 9633962000, "costOfRevenue": 4884333000, "grossProfit": 4749629000, "grossProfitRatio": 0.4930088991, "researchAndDevelopmentExpenses": 0, "generalAndAdministrativeExpenses": 0, "sellingAndMarketingExpenses": 0, "sellingGeneralAndAdministrativeExpenses": 0, "otherExpenses": 3157603000, "operatingExpenses": 3157603000, "costAndExpenses": 8041936000, "interestIncome": 0, "interestExpense": 0, "depreciationAndAmortization": 526235000, "ebitda": 2142222000, "ebitdaratio": 0.222361475, "operatingIncome": 1592026000, "operatingIncomeRatio": 0.1652514303, "totalOtherIncomeExpensesNet": -23961000, "incomeBeforeTax": 1138466000, "incomeBeforeTaxRatio": 0.1181721497, "incomeTaxExpense": 442631000, "netIncome": 695835000, "netIncomeRatio": 0.0722272934, "eps": 3.22, "epsdiluted": 3.21, "weightedAverageShsOut": 212000000, "weightedAverageShsOutDil": 212461059, "link": "https://www.sec.gov/Archives/edgar/data/1047862/000091205702011931/0000912057-02-011931-index.htm", "finalLink": "https://www.sec.gov/Archives/edgar/data/23632/000091205702011931/a2073863z10-k.htm", "calculatedOtherExpenses": 3157603000, "calculatedOperatingExpenses": 3157603000, "calculatedNetInterest": 0, "calculatedOtherIncome": -453560000, "calculatedIncomeNonControlling": 0, "calculatedEbitda": 2118261000}, {"date": "2000-12-31", "symbol": "ED", "reportedCurrency": "USD", "cik": "0001047862", "fillingDate": "2001-04-02", "acceptedDate": "2001-04-02 00:00:00", "calendarYear": "2000", "period": "FY", "revenue": 9431391000, "costOfRevenue": 4784571000, "grossProfit": 4646820000, "grossProfitRatio": 0.4926972066, "researchAndDevelopmentExpenses": 0, "generalAndAdministrativeExpenses": 0, "sellingAndMarketingExpenses": 0, "sellingGeneralAndAdministrativeExpenses": 0, "otherExpenses": 3312894000, "operatingExpenses": 3312894000, "costAndExpenses": 8097465000, "interestIncome": 0, "interestExpense": 0, "depreciationAndAmortization": 586407000, "ebitda": 1944517000, "ebitdaratio": 0.2061749958, "operatingIncome": 1333926000, "operatingIncomeRatio": 0.1414347046, "totalOtherIncomeExpensesNet": -24184000, "incomeBeforeTax": 903596000, "incomeBeforeTaxRatio": 0.0958072887, "incomeTaxExpense": 307168000, "netIncome": 596428000, "netIncomeRatio": 0.0632386039, "eps": 2.75, "epsdiluted": 2.74, "weightedAverageShsOut": 212000000, "weightedAverageShsOutDil": 212713504, "link": "https://www.sec.gov/Archives/edgar/data/1047862/000104786201000008/0001047862-01-000008-index.htm", "finalLink": "https://www.sec.gov/Archives/edgar/data/23632/000104786201000008/0001047862-01-000008-0001.txt", "calculatedOtherExpenses": 3312894000, "calculatedOperatingExpenses": 3312894000, "calculatedNetInterest": 0, "calculatedOtherIncome": -430330000, "calculatedIncomeNonControlling": 0, "calculatedEbitda": 1920333000}, {"date": "1999-12-31", "symbol": "ED", "reportedCurrency": "USD", "cik": "0001047862", "fillingDate": "2000-03-30", "acceptedDate": "2000-03-30 00:00:00", "calendarYear": "1999", "period": "FY", "revenue": 7491400000, "costOfRevenue": 2739200000, "grossProfit": 4752200000, "grossProfitRatio": 0.6343540593, "researchAndDevelopmentExpenses": 0, "generalAndAdministrativeExpenses": 0, "sellingAndMarketingExpenses": 0, "sellingGeneralAndAdministrativeExpenses": 0, "otherExpenses": 3332600000, "operatingExpenses": 3332600000, "costAndExpenses": 6071800000, "interestIncome": 0, "interestExpense": 0, "depreciationAndAmortization": 526200000, "ebitda": 1944500000, "ebitdaratio": 0.2595643004, "operatingIncome": 1419600000, "operatingIncomeRatio": 0.1894972902, "totalOtherIncomeExpensesNet": 1300000, "incomeBeforeTax": 1087000000, "incomeBeforeTaxRatio": 0.1450997143, "incomeTaxExpense": 372800000, "netIncome": 714200000, "netIncomeRatio": 0.0953359853, "eps": 3.14, "epsdiluted": 3.13, "weightedAverageShsOut": 223000000, "weightedAverageShsOutDil": 223833866, "link": "https://www.sec.gov/Archives/edgar/data/1047862/000104786200000017/0001047862-00-000017-index.html", "finalLink": "https://www.sec.gov/Archives/edgar/data/23632/000104786200000017/", "calculatedOtherExpenses": 3332600000, "calculatedOperatingExpenses": 3332600000, "calculatedNetInterest": 0, "calculatedOtherIncome": -332600000, "calculatedIncomeNonControlling": 0, "calculatedEbitda": 1945800000}, {"date": "1998-12-31", "symbol": "ED", "reportedCurrency": "USD", "cik": "0001047862", "fillingDate": "1999-03-30", "acceptedDate": "1999-03-30 00:00:00", "calendarYear": "1998", "period": "FY", "revenue": 7093000000, "costOfRevenue": 2270100000, "grossProfit": 4822900000, "grossProfitRatio": 0.6799520654, "researchAndDevelopmentExpenses": 0, "generalAndAdministrativeExpenses": 0, "sellingAndMarketingExpenses": 0, "sellingGeneralAndAdministrativeExpenses": 0, "otherExpenses": 3362000000, "operatingExpenses": 3362000000, "costAndExpenses": 5632100000, "interestIncome": 0, "interestExpense": 0, "depreciationAndAmortization": 518500000, "ebitda": 1981800000, "ebitdaratio": 0.2794022275, "operatingIncome": 1460900000, "operatingIncomeRatio": 0.2059636261, "totalOtherIncomeExpensesNet": -2400000, "incomeBeforeTax": 1135100000, "incomeBeforeTaxRatio": 0.1600310165, "incomeTaxExpense": 405400000, "netIncome": 729700000, "netIncomeRatio": 0.102876075, "eps": 3.04, "epsdiluted": 3.04, "weightedAverageShsOut": 234300000, "weightedAverageShsOutDil": 234300000, "link": "https://www.sec.gov/Archives/edgar/data/1047862/000104786299000002/0001047862-99-000002-index.html", "finalLink": "https://www.sec.gov/Archives/edgar/data/23632/", "calculatedOtherExpenses": 3362000000, "calculatedOperatingExpenses": 3362000000, "calculatedNetInterest": 0, "calculatedOtherIncome": -325800000, "calculatedIncomeNonControlling": 0, "calculatedEbitda": 1979400000}, {"date": "1997-12-31", "symbol": "ED", "reportedCurrency": "USD", "cik": "0001047862", "fillingDate": "1998-03-27", "acceptedDate": "1998-03-27 00:00:00", "calendarYear": "1997", "period": "FY", "revenue": 7121300000, "costOfRevenue": 2425500000, "grossProfit": 4695800000, "grossProfitRatio": 0.6594020755, "researchAndDevelopmentExpenses": 0, "generalAndAdministrativeExpenses": 0, "sellingAndMarketingExpenses": 0, "sellingGeneralAndAdministrativeExpenses": 0, "otherExpenses": 3267500000, "operatingExpenses": 3267500000, "costAndExpenses": 5693000000, "interestIncome": 0, "interestExpense": 0, "depreciationAndAmortization": 502800000, "ebitda": 1938200000, "ebitdaratio": 0.2721694073, "operatingIncome": 1428300000, "operatingIncomeRatio": 0.2005673121, "totalOtherIncomeExpensesNet": -7100000, "incomeBeforeTax": 1092500000, "incomeBeforeTaxRatio": 0.1534130004, "incomeTaxExpense": 379700000, "netIncome": 712800000, "netIncomeRatio": 0.1000940839, "eps": 2.95, "epsdiluted": 2.95, "weightedAverageShsOut": 235082063, "weightedAverageShsOutDil": 235082063, "link": "https://www.sec.gov/Archives/edgar/data/1047862/000002363298000024/0000023632-98-000024-index.html", "finalLink": "https://www.sec.gov/Archives/edgar/data/1047862/", "calculatedOtherExpenses": 3267500000, "calculatedOperatingExpenses": 3267500000, "calculatedNetInterest": 0, "calculatedOtherIncome": -335800000, "calculatedIncomeNonControlling": 0, "calculatedEbitda": 1931100000}, {"date": "1996-12-31", "symbol": "ED", "reportedCurrency": "USD", "cik": "0001047862", "fillingDate": "1996-12-31", "acceptedDate": "1996-12-30 19:00:00", "calendarYear": "1996", "period": "FY", "revenue": 6959700000, "costOfRevenue": 2264400000, "grossProfit": 4695300000, "grossProfitRatio": 0.6746411483, "researchAndDevelopmentExpenses": 0, "generalAndAdministrativeExpenses": 0, "sellingAndMarketingExpenses": 0, "sellingGeneralAndAdministrativeExpenses": 0, "otherExpenses": 3284500000, "operatingExpenses": 3284500000, "costAndExpenses": 5548900000, "interestIncome": 0, "interestExpense": 0, "depreciationAndAmortization": 496400000, "ebitda": 1907600000, "ebitdaratio": 0.2740922741, "operatingIncome": 1410800000, "operatingIncomeRatio": 0.2027098869, "totalOtherIncomeExpensesNet": -400000, "incomeBeforeTax": 1090300000, "incomeBeforeTaxRatio": 0.1566590514, "incomeTaxExpense": 396200000, "netIncome": 694100000, "netIncomeRatio": 0.0997313103, "eps": 2.93, "epsdiluted": 2.93, "weightedAverageShsOut": 234977000, "weightedAverageShsOutDil": 234977000, "link": "", "finalLink": "", "calculatedOtherExpenses": 3284500000, "calculatedOperatingExpenses": 3284500000, "calculatedNetInterest": 0, "calculatedOtherIncome": -320500000, "calculatedIncomeNonControlling": 0, "calculatedEbitda": 1907200000}, {"date": "1995-12-31", "symbol": "ED", "reportedCurrency": "USD", "cik": "0001047862", "fillingDate": "1995-12-31", "acceptedDate": "1995-12-30 19:00:00", "calendarYear": "1995", "period": "FY", "revenue": 6536900000, "costOfRevenue": 1871100000, "grossProfit": 4665800000, "grossProfitRatio": 0.7137634047, "researchAndDevelopmentExpenses": 0, "generalAndAdministrativeExpenses": 0, "sellingAndMarketingExpenses": 0, "sellingGeneralAndAdministrativeExpenses": 0, "otherExpenses": 3227800000, "operatingExpenses": 3227800000, "costAndExpenses": 5098900000, "interestIncome": 0, "interestExpense": 0, "depreciationAndAmortization": 455800000, "ebitda": 1885000000, "ebitdaratio": 0.2883629855, "operatingIncome": 1438000000, "operatingIncomeRatio": 0.2199819486, "totalOtherIncomeExpensesNet": 8800000, "incomeBeforeTax": 1121500000, "incomeBeforeTaxRatio": 0.1715645031, "incomeTaxExpense": 397600000, "netIncome": 723900000, "netIncomeRatio": 0.1107405651, "eps": 2.93, "epsdiluted": 2.93, "weightedAverageShsOut": 234930000, "weightedAverageShsOutDil": 234930000, "link": "", "finalLink": "", "calculatedOtherExpenses": 3227800000, "calculatedOperatingExpenses": 3227800000, "calculatedNetInterest": 0, "calculatedOtherIncome": -316500000, "calculatedIncomeNonControlling": 0, "calculatedEbitda": 1893800000}, {"date": "1994-12-31", "symbol": "ED", "reportedCurrency": "USD", "cik": "0001047862", "fillingDate": "1994-12-31", "acceptedDate": "1994-12-30 19:00:00", "calendarYear": "1994", "period": "FY", "revenue": 6373100000, "costOfRevenue": 1696400000, "grossProfit": 4676700000, "grossProfitRatio": 0.7338187068, "researchAndDevelopmentExpenses": 0, "generalAndAdministrativeExpenses": 0, "sellingAndMarketingExpenses": 0, "sellingGeneralAndAdministrativeExpenses": 0, "otherExpenses": 3202400000, "operatingExpenses": 3202400000, "costAndExpenses": 4898800000, "interestIncome": 0, "interestExpense": 0, "depreciationAndAmortization": 422400000, "ebitda": 1901300000, "ebitdaratio": 0.2983320519, "operatingIncome": 1474300000, "operatingIncomeRatio": 0.231331691, "totalOtherIncomeExpensesNet": -4600000, "incomeBeforeTax": 1172900000, "incomeBeforeTaxRatio": 0.1840391646, "incomeTaxExpense": 438600000, "netIncome": 734300000, "netIncomeRatio": 0.1152186534, "eps": 2.98, "epsdiluted": 2.98, "weightedAverageShsOut": 234754000, "weightedAverageShsOutDil": 234754000, "link": "", "finalLink": "", "calculatedOtherExpenses": 3202400000, "calculatedOperatingExpenses": 3202400000, "calculatedNetInterest": 0, "calculatedOtherIncome": -301400000, "calculatedIncomeNonControlling": 0, "calculatedEbitda": 1896700000}, {"date": "1993-12-31", "symbol": "ED", "reportedCurrency": "USD", "cik": "0001047862", "fillingDate": "1993-12-31", "acceptedDate": "1993-12-30 19:00:00", "calendarYear": "1993", "period": "FY", "revenue": 6265400000, "costOfRevenue": 0, "grossProfit": 6265400000, "grossProfitRatio": 1, "researchAndDevelopmentExpenses": 0, "generalAndAdministrativeExpenses": 0, "sellingAndMarketingExpenses": 0, "sellingGeneralAndAdministrativeExpenses": 0, "otherExpenses": 0, "operatingExpenses": 0, "costAndExpenses": 0, "interestIncome": 0, "interestExpense": 0, "depreciationAndAmortization": 0, "ebitda": 6265400000, "ebitdaratio": 1, "operatingIncome": 6265400000, "operatingIncomeRatio": 1, "totalOtherIncomeExpensesNet": 0, "incomeBeforeTax": 0, "incomeBeforeTaxRatio": 0, "incomeTaxExpense": -658500000, "netIncome": 658500000, "netIncomeRatio": 0.1051010311, "eps": 2.66, "epsdiluted": 2.66, "weightedAverageShsOut": 234172932, "weightedAverageShsOutDil": 234172932, "link": "", "finalLink": "", "calculatedOtherExpenses": 0, "calculatedOperatingExpenses": 0, "calculatedNetInterest": 0, "calculatedOtherIncome": -6265400000, "calculatedIncomeNonControlling": 0, "calculatedEbitda": 6265400000}, {"date": "1992-12-31", "symbol": "ED", "reportedCurrency": "USD", "cik": "0001047862", "fillingDate": "1992-12-31", "acceptedDate": "1992-12-30 19:00:00", "calendarYear": "1992", "period": "FY", "revenue": 5932900000, "costOfRevenue": 0, "grossProfit": 5932900000, "grossProfitRatio": 1, "researchAndDevelopmentExpenses": 0, "generalAndAdministrativeExpenses": 0, "sellingAndMarketingExpenses": 0, "sellingGeneralAndAdministrativeExpenses": 0, "otherExpenses": 0, "operatingExpenses": 0, "costAndExpenses": 0, "interestIncome": 0, "interestExpense": 0, "depreciationAndAmortization": 0, "ebitda": 5932900000, "ebitdaratio": 1, "operatingIncome": 5932900000, "operatingIncomeRatio": 1, "totalOtherIncomeExpensesNet": 0, "incomeBeforeTax": 0, "incomeBeforeTaxRatio": 0, "incomeTaxExpense": -604100000, "netIncome": 604100000, "netIncomeRatio": 0.1018220432, "eps": 2.46, "epsdiluted": 2.46, "weightedAverageShsOut": 230772358, "weightedAverageShsOutDil": 230772358, "link": "", "finalLink": "", "calculatedOtherExpenses": 0, "calculatedOperatingExpenses": 0, "calculatedNetInterest": 0, "calculatedOtherIncome": -5932900000, "calculatedIncomeNonControlling": 0, "calculatedEbitda": 5932900000}, {"date": "1991-12-31", "symbol": "ED", "reportedCurrency": "USD", "cik": "0001047862", "fillingDate": "1991-12-31", "acceptedDate": "1991-12-30 19:00:00", "calendarYear": "1991", "period": "FY", "revenue": 5873100000, "costOfRevenue": 0, "grossProfit": 5873100000, "grossProfitRatio": 1, "researchAndDevelopmentExpenses": 0, "generalAndAdministrativeExpenses": 0, "sellingAndMarketingExpenses": 0, "sellingGeneralAndAdministrativeExpenses": 0, "otherExpenses": 0, "operatingExpenses": 0, "costAndExpenses": 0, "interestIncome": 0, "interestExpense": 0, "depreciationAndAmortization": 0, "ebitda": 5873100000, "ebitdaratio": 1, "operatingIncome": 5873100000, "operatingIncomeRatio": 1, "totalOtherIncomeExpensesNet": 0, "incomeBeforeTax": 0, "incomeBeforeTaxRatio": 0, "incomeTaxExpense": -566900000, "netIncome": 566900000, "netIncomeRatio": 0.0965248336, "eps": 2.32, "epsdiluted": 2.32, "weightedAverageShsOut": 228448276, "weightedAverageShsOutDil": 228448276, "link": "", "finalLink": "", "calculatedOtherExpenses": 0, "calculatedOperatingExpenses": 0, "calculatedNetInterest": 0, "calculatedOtherIncome": -5873100000, "calculatedIncomeNonControlling": 0, "calculatedEbitda": 5873100000}, {"date": "1990-12-31", "symbol": "ED", "reportedCurrency": "USD", "cik": "0001047862", "fillingDate": "1990-12-31", "acceptedDate": "1990-12-30 19:00:00", "calendarYear": "1990", "period": "FY", "revenue": 5738900000, "costOfRevenue": 0, "grossProfit": 5738900000, "grossProfitRatio": 1, "researchAndDevelopmentExpenses": 0, "generalAndAdministrativeExpenses": 0, "sellingAndMarketingExpenses": 0, "sellingGeneralAndAdministrativeExpenses": 0, "otherExpenses": 0, "operatingExpenses": 0, "costAndExpenses": 0, "interestIncome": 0, "interestExpense": 0, "depreciationAndAmortization": 0, "ebitda": 5738900000, "ebitdaratio": 1, "operatingIncome": 5738900000, "operatingIncomeRatio": 1, "totalOtherIncomeExpensesNet": 0, "incomeBeforeTax": 0, "incomeBeforeTaxRatio": 0, "incomeTaxExpense": -571500000, "netIncome": 571500000, "netIncomeRatio": 0.0995835439, "eps": 2.34, "epsdiluted": 2.34, "weightedAverageShsOut": 228376068, "weightedAverageShsOutDil": 228376068, "link": "", "finalLink": "", "calculatedOtherExpenses": 0, "calculatedOperatingExpenses": 0, "calculatedNetInterest": 0, "calculatedOtherIncome": -5738900000, "calculatedIncomeNonControlling": 0, "calculatedEbitda": 5738900000}, {"date": "1989-12-31", "symbol": "ED", "reportedCurrency": "USD", "cik": "0001047862", "fillingDate": "1989-12-31", "acceptedDate": "1989-12-30 19:00:00", "calendarYear": "1989", "period": "FY", "revenue": 5550600000, "costOfRevenue": 0, "grossProfit": 5550600000, "grossProfitRatio": 1, "researchAndDevelopmentExpenses": 0, "generalAndAdministrativeExpenses": 0, "sellingAndMarketingExpenses": 0, "sellingGeneralAndAdministrativeExpenses": 0, "otherExpenses": 0, "operatingExpenses": 0, "costAndExpenses": 0, "interestIncome": 0, "interestExpense": 0, "depreciationAndAmortization": 0, "ebitda": 5550600000, "ebitdaratio": 1, "operatingIncome": 5550600000, "operatingIncomeRatio": 1, "totalOtherIncomeExpensesNet": 0, "incomeBeforeTax": 0, "incomeBeforeTaxRatio": 0, "incomeTaxExpense": -606100000, "netIncome": 606100000, "netIncomeRatio": 0.1091954023, "eps": 2.49, "epsdiluted": 2.49, "weightedAverageShsOut": 228433735, "weightedAverageShsOutDil": 228433735, "link": "", "finalLink": "", "calculatedOtherExpenses": 0, "calculatedOperatingExpenses": 0, "calculatedNetInterest": 0, "calculatedOtherIncome": -5550600000, "calculatedIncomeNonControlling": 0, "calculatedEbitda": 5550600000}, {"date": "1988-12-31", "symbol": "ED", "reportedCurrency": "USD", "cik": "0001047862", "fillingDate": "1988-12-31", "acceptedDate": "1988-12-30 19:00:00", "calendarYear": "1988", "period": "FY", "revenue": 5108800000, "costOfRevenue": 0, "grossProfit": 5108800000, "grossProfitRatio": 1, "researchAndDevelopmentExpenses": 0, "generalAndAdministrativeExpenses": 0, "sellingAndMarketingExpenses": 0, "sellingGeneralAndAdministrativeExpenses": 0, "otherExpenses": 0, "operatingExpenses": 0, "costAndExpenses": 0, "interestIncome": 0, "interestExpense": 0, "depreciationAndAmortization": 0, "ebitda": 5108800000, "ebitdaratio": 1, "operatingIncome": 5108800000, "operatingIncomeRatio": 1, "totalOtherIncomeExpensesNet": 0, "incomeBeforeTax": 0, "incomeBeforeTaxRatio": 0, "incomeTaxExpense": -599300000, "netIncome": 599300000, "netIncomeRatio": 0.1173073912, "eps": 2.47, "epsdiluted": 2.47, "weightedAverageShsOut": 227408907, "weightedAverageShsOutDil": 227408907, "link": "", "finalLink": "", "calculatedOtherExpenses": 0, "calculatedOperatingExpenses": 0, "calculatedNetInterest": 0, "calculatedOtherIncome": -5108800000, "calculatedIncomeNonControlling": 0, "calculatedEbitda": 5108800000}, {"date": "1987-12-31", "symbol": "ED", "reportedCurrency": "USD", "cik": "0001047862", "fillingDate": "1987-12-31", "acceptedDate": "1987-12-30 19:00:00", "calendarYear": "1987", "period": "FY", "revenue": 5094400000, "costOfRevenue": 0, "grossProfit": 5094400000, "grossProfitRatio": 1, "researchAndDevelopmentExpenses": 0, "generalAndAdministrativeExpenses": 0, "sellingAndMarketingExpenses": 0, "sellingGeneralAndAdministrativeExpenses": 0, "otherExpenses": 0, "operatingExpenses": 0, "costAndExpenses": 0, "interestIncome": 0, "interestExpense": 0, "depreciationAndAmortization": 0, "ebitda": 5094400000, "ebitdaratio": 1, "operatingIncome": 5094400000, "operatingIncomeRatio": 1, "totalOtherIncomeExpensesNet": 0, "incomeBeforeTax": 0, "incomeBeforeTaxRatio": 0, "incomeTaxExpense": -550100000, "netIncome": 550100000, "netIncomeRatio": 0.1079813128, "eps": 2.21, "epsdiluted": 2.21, "weightedAverageShsOut": 231809955, "weightedAverageShsOutDil": 231809955, "link": "", "finalLink": "", "calculatedOtherExpenses": 0, "calculatedOperatingExpenses": 0, "calculatedNetInterest": 0, "calculatedOtherIncome": -5094400000, "calculatedIncomeNonControlling": 0, "calculatedEbitda": 5094400000}, {"date": "1986-12-31", "symbol": "ED", "reportedCurrency": "USD", "cik": "0001047862", "fillingDate": "1986-12-31", "acceptedDate": "1986-12-30 19:00:00", "calendarYear": "1986", "period": "FY", "revenue": 5197700000, "costOfRevenue": 0, "grossProfit": 5197700000, "grossProfitRatio": 1, "researchAndDevelopmentExpenses": 0, "generalAndAdministrativeExpenses": 0, "sellingAndMarketingExpenses": 0, "sellingGeneralAndAdministrativeExpenses": 0, "otherExpenses": 0, "operatingExpenses": 0, "costAndExpenses": 0, "interestIncome": 0, "interestExpense": 0, "depreciationAndAmortization": 0, "ebitda": 5197700000, "ebitdaratio": 1, "operatingIncome": 5197700000, "operatingIncomeRatio": 1, "totalOtherIncomeExpensesNet": 0, "incomeBeforeTax": 0, "incomeBeforeTaxRatio": 0, "incomeTaxExpense": -546400000, "netIncome": 546400000, "netIncomeRatio": 0.10512342, "eps": 2.13, "epsdiluted": 2.13, "weightedAverageShsOut": 238638498, "weightedAverageShsOutDil": 238638498, "link": "", "finalLink": "", "calculatedOtherExpenses": 0, "calculatedOperatingExpenses": 0, "calculatedNetInterest": 0, "calculatedOtherIncome": -5197700000, "calculatedIncomeNonControlling": 0, "calculatedEbitda": 5197700000}, {"date": "1985-12-31", "symbol": "ED", "reportedCurrency": "USD", "cik": "0001047862", "fillingDate": "1985-12-31", "acceptedDate": "1985-12-30 19:00:00", "calendarYear": "1985", "period": "FY", "revenue": 5497900000, "costOfRevenue": 0, "grossProfit": 5497900000, "grossProfitRatio": 1, "researchAndDevelopmentExpenses": 0, "generalAndAdministrativeExpenses": 0, "sellingAndMarketingExpenses": 0, "sellingGeneralAndAdministrativeExpenses": 0, "otherExpenses": 0, "operatingExpenses": 0, "costAndExpenses": 0, "interestIncome": 0, "interestExpense": 0, "depreciationAndAmortization": 0, "ebitda": 5497900000, "ebitdaratio": 1, "operatingIncome": 5497900000, "operatingIncomeRatio": 1, "totalOtherIncomeExpensesNet": 0, "incomeBeforeTax": 0, "incomeBeforeTaxRatio": 0, "incomeTaxExpense": -563700000, "netIncome": 563700000, "netIncomeRatio": 0.1025300569, "eps": 2.13, "epsdiluted": 2.13, "weightedAverageShsOut": 246619718, "weightedAverageShsOutDil": 246619718, "link": "", "finalLink": "", "calculatedOtherExpenses": 0, "calculatedOperatingExpenses": 0, "calculatedNetInterest": 0, "calculatedOtherIncome": -5497900000, "calculatedIncomeNonControlling": 0, "calculatedEbitda": 5497900000}]}