{"originalCurrency": "USD", "convertedCurrency": "USD", "report": [{"date": "2023-12-31", "symbol": "EDR", "reportedCurrency": "USD", "cik": "0001766363", "fillingDate": "2024-02-28", "acceptedDate": "2024-02-28 07:16:29", "calendarYear": "2023", "period": "FY", "revenue": 5960157000, "costOfRevenue": 2441619000, "grossProfit": 3518538000, "grossProfitRatio": 0.5903431738, "researchAndDevelopmentExpenses": 0, "generalAndAdministrativeExpenses": 0, "sellingAndMarketingExpenses": 0, "sellingGeneralAndAdministrativeExpenses": 2762558000, "otherExpenses": 824453000, "operatingExpenses": 3124069000, "costAndExpenses": 5565688000, "interestIncome": 0, "interestExpense": 345683000, "depreciationAndAmortization": 361511000, "ebitda": 1580433000, "ebitdaratio": 0.2651663371, "operatingIncome": 319557000, "operatingIncomeRatio": 0.053615534, "totalOtherIncomeExpensesNet": 749541000, "incomeBeforeTax": 798327000, "incomeBeforeTaxRatio": 0.1339439548, "incomeTaxExpense": 219840000, "netIncome": 356516000, "netIncomeRatio": 0.0598165451, "eps": 1.19, "epsdiluted": 1.14, "weightedAverageShsOut": 298915993, "weightedAverageShsOutDil": 464862899, "link": "https://www.sec.gov/Archives/edgar/data/1766363/000095017024021653/0000950170-24-021653-index.htm", "finalLink": "https://www.sec.gov/Archives/edgar/data/1766363/000095017024021653/edr-20231231.htm", "calculatedOtherExpenses": 436423000, "calculatedOperatingExpenses": 3198981000, "calculatedNetInterest": -345683000, "calculatedOtherIncome": 824453000, "calculatedIncomeNonControlling": 221971000, "calculatedEbitda": 681068000}, {"date": "2022-12-31", "symbol": "EDR", "reportedCurrency": "USD", "cik": "0001766363", "fillingDate": "2022-12-31", "acceptedDate": "2022-12-31 00:00:00", "calendarYear": "2022", "period": "FY", "revenue": 5268137000, "costOfRevenue": 2065777000, "grossProfit": 3202360000, "grossProfitRatio": 0.6078733336, "researchAndDevelopmentExpenses": 0, "generalAndAdministrativeExpenses": 0, "sellingAndMarketingExpenses": 0, "sellingGeneralAndAdministrativeExpenses": 2358962000, "otherExpenses": 266775000, "operatingExpenses": 2625737000, "costAndExpenses": 4691514000, "interestIncome": 282255000, "interestExpense": 282255000, "depreciationAndAmortization": 266775000, "ebitda": 445385000, "ebitdaratio": 0.0845431696, "operatingIncome": 178610000, "operatingIncomeRatio": 0.033903826, "totalOtherIncomeExpensesNet": -281845000, "incomeBeforeTax": -103235000, "incomeBeforeTaxRatio": -0.0195961115, "incomeTaxExpense": -648503000, "netIncome": 545268000, "netIncomeRatio": 0.1035030031, "eps": 1.94, "epsdiluted": 1.9, "weightedAverageShsOut": 281369848, "weightedAverageShsOutDil": 287707832, "link": null, "finalLink": null, "calculatedOtherExpenses": 664788000, "calculatedOperatingExpenses": 3023750000, "calculatedNetInterest": 0, "calculatedOtherIncome": -281845000, "calculatedIncomeNonControlling": 0, "calculatedEbitda": 445385000}, {"date": "2021-12-31", "symbol": "EDR", "reportedCurrency": "USD", "cik": "0001766363", "fillingDate": "2022-03-16", "acceptedDate": "2022-03-16 16:47:58", "calendarYear": "2021", "period": "FY", "revenue": 5077713000, "costOfRevenue": 2597178000, "grossProfit": 2480535000, "grossProfitRatio": 0.4885142189, "researchAndDevelopmentExpenses": 0, "generalAndAdministrativeExpenses": 0, "sellingAndMarketingExpenses": 0, "sellingGeneralAndAdministrativeExpenses": 2283558000, "otherExpenses": 282883000, "operatingExpenses": 2566441000, "costAndExpenses": 5163619000, "interestIncome": 268677000, "interestExpense": 268677000, "depreciationAndAmortization": 282883000, "ebitda": 99499000, "ebitdaratio": 0.019595239, "operatingIncome": -183384000, "operatingIncomeRatio": -0.0361154717, "totalOtherIncomeExpensesNet": -233639000, "incomeBeforeTax": -417023000, "incomeBeforeTaxRatio": -0.0821281156, "incomeTaxExpense": -22277000, "netIncome": -394746000, "netIncomeRatio": -0.0777409042, "eps": -1.49, "epsdiluted": -1.49, "weightedAverageShsOut": 265553327, "weightedAverageShsOutDil": 265553327, "link": "https://www.sec.gov/Archives/edgar/data/1766363/000095017022003940/0000950170-22-003940-index.htm", "finalLink": "https://www.sec.gov/Archives/edgar/data/1766363/000095017022003940/edr-20211231.htm", "calculatedOtherExpenses": 380361000, "calculatedOperatingExpenses": 2663919000, "calculatedNetInterest": 0, "calculatedOtherIncome": -233639000, "calculatedIncomeNonControlling": 0, "calculatedEbitda": 99499000}, {"date": "2020-12-31", "symbol": "EDR", "reportedCurrency": "USD", "cik": "0001766363", "fillingDate": "2020-12-31", "acceptedDate": "2020-12-31 00:00:00", "calendarYear": "2020", "period": "FY", "revenue": 3478743000, "costOfRevenue": 1745275000, "grossProfit": 1733468000, "grossProfitRatio": 0.498302979, "researchAndDevelopmentExpenses": 0, "generalAndAdministrativeExpenses": 0, "sellingAndMarketingExpenses": 0, "sellingGeneralAndAdministrativeExpenses": 1442316000, "otherExpenses": 310883000, "operatingExpenses": 1753199000, "costAndExpenses": 3498474000, "interestIncome": 284586000, "interestExpense": 284586000, "depreciationAndAmortization": 310883000, "ebitda": 372239000, "ebitdaratio": 0.1070038804, "operatingIncome": 61356000, "operatingIncomeRatio": 0.0176374052, "totalOtherIncomeExpensesNet": -418073000, "incomeBeforeTax": -356717000, "incomeBeforeTaxRatio": -0.1025419239, "incomeTaxExpense": 8507000, "netIncome": -365224000, "netIncomeRatio": -0.1049873474, "eps": -1.44, "epsdiluted": -1.44, "weightedAverageShsOut": 253750271, "weightedAverageShsOutDil": 253750271, "link": null, "finalLink": null, "calculatedOtherExpenses": 229796000, "calculatedOperatingExpenses": 1672112000, "calculatedNetInterest": 0, "calculatedOtherIncome": -418073000, "calculatedIncomeNonControlling": 0, "calculatedEbitda": 372239000}, {"date": "2019-12-31", "symbol": "EDR", "reportedCurrency": "USD", "cik": "0001766363", "fillingDate": "2019-12-31", "acceptedDate": "2019-12-31 00:00:00", "calendarYear": "2019", "period": "FY", "revenue": 4570970000, "costOfRevenue": 2323269000, "grossProfit": 2247701000, "grossProfitRatio": 0.4917339208, "researchAndDevelopmentExpenses": 0, "generalAndAdministrativeExpenses": 0, "sellingAndMarketingExpenses": 0, "sellingGeneralAndAdministrativeExpenses": 1753938000, "otherExpenses": 280749000, "operatingExpenses": 2034687000, "costAndExpenses": 4357956000, "interestIncome": 271444000, "interestExpense": 270944000, "depreciationAndAmortization": 280749000, "ebitda": 424537000, "ebitdaratio": 0.0928767855, "operatingIncome": 143788000, "operatingIncomeRatio": 0.0314567805, "totalOtherIncomeExpensesNet": -273422000, "incomeBeforeTax": -129634000, "incomeBeforeTaxRatio": -0.0283602824, "incomeTaxExpense": 3371000, "netIncome": -133005000, "netIncomeRatio": -0.0290977626, "eps": -0.52, "epsdiluted": -0.52, "weightedAverageShsOut": 253750271, "weightedAverageShsOutDil": 253750271, "link": null, "finalLink": null, "calculatedOtherExpenses": 349975000, "calculatedOperatingExpenses": 2103913000, "calculatedNetInterest": 500000, "calculatedOtherIncome": -273922000, "calculatedIncomeNonControlling": 0, "calculatedEbitda": 424537000}, {"date": "2018-12-31", "symbol": "EDR", "reportedCurrency": "USD", "cik": "0001766363", "fillingDate": "2018-12-31", "acceptedDate": "2018-12-31 00:00:00", "calendarYear": "2018", "period": "FY", "revenue": 3613478000, "costOfRevenue": 1722134000, "grossProfit": 1891344000, "grossProfitRatio": 0.5234137305, "researchAndDevelopmentExpenses": 0, "generalAndAdministrativeExpenses": 0, "sellingAndMarketingExpenses": 0, "sellingGeneralAndAdministrativeExpenses": 1632804000, "otherExpenses": 57519000, "operatingExpenses": 1998763000, "costAndExpenses": 3720897000, "interestIncome": 0, "interestExpense": 277200000, "depreciationAndAmortization": 365959000, "ebitda": 316059000, "ebitdaratio": 0.0874667011, "operatingIncome": -107419000, "operatingIncomeRatio": -0.0297273153, "totalOtherIncomeExpensesNet": 57519000, "incomeBeforeTax": -327100000, "incomeBeforeTaxRatio": -0.090522206, "incomeTaxExpense": 88235000, "netIncome": 316545000, "netIncomeRatio": 0.0876011975, "eps": 1.25, "epsdiluted": 1.25, "weightedAverageShsOut": 253750271, "weightedAverageShsOutDil": 253750271, "link": null, "finalLink": null, "calculatedOtherExpenses": 365959000, "calculatedOperatingExpenses": 1998763000, "calculatedNetInterest": -277200000, "calculatedOtherIncome": 57519000, "calculatedIncomeNonControlling": -731880000, "calculatedEbitda": 258540000}, {"date": "2017-12-31", "symbol": "EDR", "reportedCurrency": "USD", "cik": "0001766363", "fillingDate": "2017-12-31", "acceptedDate": "2017-12-31 00:00:00", "calendarYear": "2017", "period": "FY", "revenue": 3020116000, "costOfRevenue": 1351161000, "grossProfit": 1668955000, "grossProfitRatio": 0.5526128798, "researchAndDevelopmentExpenses": 0, "generalAndAdministrativeExpenses": 0, "sellingAndMarketingExpenses": 0, "sellingGeneralAndAdministrativeExpenses": 1385936000, "otherExpenses": 8003000, "operatingExpenses": 1727080000, "costAndExpenses": 3078241000, "interestIncome": 0, "interestExpense": 261226000, "depreciationAndAmortization": 341144000, "ebitda": 291022000, "ebitdaratio": 0.0963611994, "operatingIncome": -58125000, "operatingIncomeRatio": -0.0192459495, "totalOtherIncomeExpensesNet": 8003000, "incomeBeforeTax": -311348000, "incomeBeforeTaxRatio": -0.1030914044, "incomeTaxExpense": -29824000, "netIncome": -61249000, "netIncomeRatio": -0.0202803468, "eps": -0.24, "epsdiluted": -0.24, "weightedAverageShsOut": 253750271, "weightedAverageShsOutDil": 253750271, "link": null, "finalLink": null, "calculatedOtherExpenses": 341144000, "calculatedOperatingExpenses": 1727080000, "calculatedNetInterest": -261226000, "calculatedOtherIncome": 8003000, "calculatedIncomeNonControlling": -220275000, "calculatedEbitda": 283019000}, {"date": "2016-12-31", "symbol": "EDR", "reportedCurrency": "USD", "cik": "0001766363", "fillingDate": "2016-12-31", "acceptedDate": "2016-12-31 00:00:00", "calendarYear": "2016", "period": "FY", "revenue": 2366960000, "costOfRevenue": 987389000, "grossProfit": 1379571000, "grossProfitRatio": 0.582845084, "researchAndDevelopmentExpenses": 0, "generalAndAdministrativeExpenses": 0, "sellingAndMarketingExpenses": 0, "sellingGeneralAndAdministrativeExpenses": 1189384000, "otherExpenses": -12533000, "operatingExpenses": 1364518000, "costAndExpenses": 2351907000, "interestIncome": 0, "interestExpense": 197707000, "depreciationAndAmortization": 175134000, "ebitda": 177654000, "ebitdaratio": 0.0750557677, "operatingIncome": 2846000, "operatingIncomeRatio": 0.0012023862, "totalOtherIncomeExpensesNet": -24740000, "incomeBeforeTax": -207394000, "incomeBeforeTaxRatio": -0.0876204076, "incomeTaxExpense": 16953000, "netIncome": -39899000, "netIncomeRatio": -0.0168566431, "eps": -0.16, "epsdiluted": -0.16, "weightedAverageShsOut": 253750271, "weightedAverageShsOutDil": 253750271, "link": null, "finalLink": null, "calculatedOtherExpenses": 187341000, "calculatedOperatingExpenses": 1376725000, "calculatedNetInterest": -197707000, "calculatedOtherIncome": -12533000, "calculatedIncomeNonControlling": -184448000, "calculatedEbitda": 177980000}, {"date": "2015-12-31", "symbol": "EDR", "reportedCurrency": "USD", "cik": "0001766363", "fillingDate": "2016-02-29", "acceptedDate": "2016-02-29 11:30:17", "calendarYear": "2015", "period": "FY", "revenue": 255162000, "costOfRevenue": 11268000, "grossProfit": 243894000, "grossProfitRatio": 0.9558398194, "researchAndDevelopmentExpenses": 0, "generalAndAdministrativeExpenses": 9452000, "sellingAndMarketingExpenses": 0, "sellingGeneralAndAdministrativeExpenses": 9452000, "otherExpenses": 8636000, "operatingExpenses": 18088000, "costAndExpenses": 210107000, "interestIncome": 0, "interestExpense": 24449000, "depreciationAndAmortization": 69268000, "ebitda": 113975000, "ebitdaratio": 0.446677013, "operatingIncome": 44707000, "operatingIncomeRatio": 0.1752102586, "totalOtherIncomeExpensesNet": -26380000, "incomeBeforeTax": 18327000, "incomeBeforeTaxRatio": 0.0718249583, "incomeTaxExpense": 347000, "netIncome": 17980000, "netIncomeRatio": 0.0704650379, "eps": 0.16, "epsdiluted": 0.16, "weightedAverageShsOut": 114431996, "weightedAverageShsOutDil": 115469596, "link": "https://www.sec.gov/Archives/edgar/data/1302343/000130234316000290/0001302343-16-000290-index.html", "finalLink": "https://www.sec.gov/Archives/edgar/data/1302343/000130234316000290/edr-20151231x10k.htm", "calculatedOtherExpenses": 189735000, "calculatedOperatingExpenses": 199187000, "calculatedNetInterest": -24449000, "calculatedOtherIncome": -1931000, "calculatedIncomeNonControlling": 0, "calculatedEbitda": 113975000}, {"date": "2014-12-31", "symbol": "EDR", "reportedCurrency": "USD", "cik": "0001766363", "fillingDate": "2015-02-27", "acceptedDate": "2015-02-27 11:36:47", "calendarYear": "2014", "period": "FY", "revenue": 225793000, "costOfRevenue": 8988000, "grossProfit": 216805000, "grossProfitRatio": 0.9601936287, "researchAndDevelopmentExpenses": 0, "generalAndAdministrativeExpenses": 10117000, "sellingAndMarketingExpenses": 0, "sellingGeneralAndAdministrativeExpenses": 10117000, "otherExpenses": 8707000, "operatingExpenses": 18824000, "costAndExpenses": 201853000, "interestIncome": 0, "interestExpense": 20656000, "depreciationAndAmortization": 60324000, "ebitda": 128296000, "ebitdaratio": 0.5682018486, "operatingIncome": 67972000, "operatingIncomeRatio": 0.3010367903, "totalOtherIncomeExpensesNet": -52578000, "incomeBeforeTax": 15394000, "incomeBeforeTaxRatio": 0.06817749, "incomeTaxExpense": 261000, "netIncome": 15133000, "netIncomeRatio": 0.067021564, "eps": 0.13, "epsdiluted": 0.13, "weightedAverageShsOut": 114431996, "weightedAverageShsOutDil": 115469596, "link": "https://www.sec.gov/Archives/edgar/data/1302343/000130234315000066/0001302343-15-000066-index.htm", "finalLink": "https://www.sec.gov/Archives/edgar/data/1302343/000130234315000066/edr-20141231x10k.htm", "calculatedOtherExpenses": 138716000, "calculatedOperatingExpenses": 148833000, "calculatedNetInterest": -20656000, "calculatedOtherIncome": -31922000, "calculatedIncomeNonControlling": 0, "calculatedEbitda": 128296000}, {"date": "2013-12-31", "symbol": "EDR", "reportedCurrency": "USD", "cik": "0001766363", "fillingDate": "2014-03-03", "acceptedDate": "2014-03-03 11:52:40", "calendarYear": "2013", "period": "FY", "revenue": 184376000, "costOfRevenue": 7622000, "grossProfit": 176754000, "grossProfitRatio": 0.9586605632, "researchAndDevelopmentExpenses": 0, "generalAndAdministrativeExpenses": 7678000, "sellingAndMarketingExpenses": 0, "sellingGeneralAndAdministrativeExpenses": 7678000, "otherExpenses": 10214000, "operatingExpenses": 17892000, "costAndExpenses": 160046000, "interestIncome": 0, "interestExpense": 17526000, "depreciationAndAmortization": 50847000, "ebitda": 72899000, "ebitdaratio": 0.3953822623, "operatingIncome": 22052000, "operatingIncomeRatio": 0.1196034191, "totalOtherIncomeExpensesNet": -16559000, "incomeBeforeTax": 5493000, "incomeBeforeTaxRatio": 0.0297923808, "incomeTaxExpense": 203000, "netIncome": 5290000, "netIncomeRatio": 0.0286913698, "eps": 0.0462, "epsdiluted": 0.0458, "weightedAverageShsOut": 114431996, "weightedAverageShsOutDil": 115469596, "link": "https://www.sec.gov/Archives/edgar/data/1302343/000130234314000021/0001302343-14-000021-index.htm", "finalLink": "https://www.sec.gov/Archives/edgar/data/1302343/000130234314000021/edr-20131231x10kxusethisone.htm", "calculatedOtherExpenses": 147024000, "calculatedOperatingExpenses": 154702000, "calculatedNetInterest": -17526000, "calculatedOtherIncome": 967000, "calculatedIncomeNonControlling": 0, "calculatedEbitda": 72899000}, {"date": "2012-12-31", "symbol": "EDR", "reportedCurrency": "USD", "cik": "0001766363", "fillingDate": "2013-03-01", "acceptedDate": "2013-03-01 10:04:43", "calendarYear": "2012", "period": "FY", "revenue": 144951000, "costOfRevenue": 6395000, "grossProfit": 138556000, "grossProfitRatio": 0.9558816428, "researchAndDevelopmentExpenses": 0, "generalAndAdministrativeExpenses": 7908000, "sellingAndMarketingExpenses": 0, "sellingGeneralAndAdministrativeExpenses": 7908000, "otherExpenses": 9593000, "operatingExpenses": 17501000, "costAndExpenses": 128794000, "interestIncome": 0, "interestExpense": 14390000, "depreciationAndAmortization": 39009000, "ebitda": 60936000, "ebitdaratio": 0.4203903388, "operatingIncome": 21927000, "operatingIncomeRatio": 0.1512718091, "totalOtherIncomeExpensesNet": -21092000, "incomeBeforeTax": 835000, "incomeBeforeTaxRatio": 0.0057605674, "incomeTaxExpense": -884000, "netIncome": 1719000, "netIncomeRatio": 0.01185918, "eps": 0.017, "epsdiluted": 0.0168, "weightedAverageShsOut": 101243974, "weightedAverageShsOutDil": 102316958, "link": "https://www.sec.gov/Archives/edgar/data/1302343/000130234313000012/0001302343-13-000012-index.html", "finalLink": "https://www.sec.gov/Archives/edgar/data/1302343/000130234313000012/edr-20121231x10k.htm", "calculatedOtherExpenses": 108721000, "calculatedOperatingExpenses": 116629000, "calculatedNetInterest": -14390000, "calculatedOtherIncome": -6702000, "calculatedIncomeNonControlling": 0, "calculatedEbitda": 60936000}, {"date": "2011-12-31", "symbol": "EDR", "reportedCurrency": "USD", "cik": "0001766363", "fillingDate": "2012-03-08", "acceptedDate": "2012-03-08 11:56:41", "calendarYear": "2011", "period": "FY", "revenue": 125447000, "costOfRevenue": 5498000, "grossProfit": 119949000, "grossProfitRatio": 0.9561727263, "researchAndDevelopmentExpenses": 0, "generalAndAdministrativeExpenses": 11016000, "sellingAndMarketingExpenses": 0, "sellingGeneralAndAdministrativeExpenses": 11016000, "otherExpenses": 8604000, "operatingExpenses": 19620000, "costAndExpenses": 118198000, "interestIncome": 0, "interestExpense": 18242000, "depreciationAndAmortization": 30409000, "ebitda": 37542000, "ebitdaratio": 0.2992658254, "operatingIncome": 7133000, "operatingIncomeRatio": 0.0568606663, "totalOtherIncomeExpensesNet": -19546000, "incomeBeforeTax": -12413000, "incomeBeforeTaxRatio": -0.0989501542, "incomeTaxExpense": -95000, "netIncome": -12318000, "netIncomeRatio": -0.0981928623, "eps": -132.68, "epsdiluted": -131.13, "weightedAverageShsOut": 92839, "weightedAverageShsOutDil": 93937, "link": "https://www.sec.gov/Archives/edgar/data/1302343/000114420412013804/0001144204-12-013804-index.html", "finalLink": "https://www.sec.gov/Archives/edgar/data/1302343/000114420412013804/v303208_edr-10k.htm", "calculatedOtherExpenses": 101800000, "calculatedOperatingExpenses": 112816000, "calculatedNetInterest": -18242000, "calculatedOtherIncome": -1304000, "calculatedIncomeNonControlling": 0, "calculatedEbitda": 37542000}, {"date": "2010-12-31", "symbol": "EDR", "reportedCurrency": "USD", "cik": "0001766363", "fillingDate": "2011-03-09", "acceptedDate": "2011-03-08 16:42:31", "calendarYear": "2010", "period": "FY", "revenue": 119580000, "costOfRevenue": 0, "grossProfit": 119580000, "grossProfitRatio": 1, "researchAndDevelopmentExpenses": 0, "generalAndAdministrativeExpenses": 17401000, "sellingAndMarketingExpenses": 0, "sellingGeneralAndAdministrativeExpenses": 17401000, "otherExpenses": 97255000, "operatingExpenses": 114656000, "costAndExpenses": 114656000, "interestIncome": 0, "interestExpense": 46773000, "depreciationAndAmortization": -46773000, "ebitda": -41849000, "ebitdaratio": -0.3499665496, "operatingIncome": 4924000, "operatingIncomeRatio": 0.0411774544, "totalOtherIncomeExpensesNet": -20565000, "incomeBeforeTax": -15641000, "incomeBeforeTaxRatio": -0.1307994648, "incomeTaxExpense": 442000, "netIncome": -16083000, "netIncomeRatio": -0.1344957351, "eps": -0.28, "epsdiluted": -0.28, "weightedAverageShsOut": 57536000, "weightedAverageShsOutDil": 57536000, "link": "https://www.sec.gov/Archives/edgar/data/1302343/000114420411013598/0001144204-11-013598-index.htm", "finalLink": "https://www.sec.gov/Archives/edgar/data/1302343/000114420411013598/v213889_edr-10k.htm", "calculatedOtherExpenses": 97255000, "calculatedOperatingExpenses": 114656000, "calculatedNetInterest": -46773000, "calculatedOtherIncome": 26208000, "calculatedIncomeNonControlling": 0, "calculatedEbitda": -41849000}, {"date": "2009-12-31", "symbol": "EDR", "reportedCurrency": "USD", "cik": "0001766363", "fillingDate": "2010-03-16", "acceptedDate": "2010-03-15 15:13:08", "calendarYear": "2009", "period": "FY", "revenue": 134198000, "costOfRevenue": 4423000, "grossProfit": 129775000, "grossProfitRatio": 0.9670412376, "researchAndDevelopmentExpenses": 0, "generalAndAdministrativeExpenses": 15752000, "sellingAndMarketingExpenses": 0, "sellingGeneralAndAdministrativeExpenses": 15752000, "otherExpenses": 97854000, "operatingExpenses": 113606000, "costAndExpenses": 118029000, "interestIncome": 0, "interestExpense": 0, "depreciationAndAmortization": 29089000, "ebitda": 23741000, "ebitdaratio": 0.1769102371, "operatingIncome": -5348000, "operatingIncomeRatio": -0.0398515626, "totalOtherIncomeExpensesNet": 1608000, "incomeBeforeTax": -3740000, "incomeBeforeTaxRatio": -0.0278692678, "incomeTaxExpense": 1920000, "netIncome": -5660000, "netIncomeRatio": -0.0421764855, "eps": -0.0984, "epsdiluted": -0.0984, "weightedAverageShsOut": 57536000, "weightedAverageShsOutDil": 57536000, "link": "https://www.sec.gov/Archives/edgar/data/1302343/000114420410013579/0001144204-10-013579-index.html", "finalLink": "https://www.sec.gov/Archives/edgar/data/1302343/000114420410013579/v177329_10k.htm", "calculatedOtherExpenses": 119371000, "calculatedOperatingExpenses": 135123000, "calculatedNetInterest": 0, "calculatedOtherIncome": 1608000, "calculatedIncomeNonControlling": 0, "calculatedEbitda": 23741000}, {"date": "2008-12-31", "symbol": "EDR", "reportedCurrency": "USD", "cik": "0001766363", "fillingDate": "2009-03-16", "acceptedDate": "2009-03-16 12:27:34", "calendarYear": "2008", "period": "FY", "revenue": 139860000, "costOfRevenue": 4635000, "grossProfit": 135225000, "grossProfitRatio": 0.9668597169, "researchAndDevelopmentExpenses": 0, "generalAndAdministrativeExpenses": 16348000, "sellingAndMarketingExpenses": 0, "sellingGeneralAndAdministrativeExpenses": 16348000, "otherExpenses": 100060000, "operatingExpenses": 116408000, "costAndExpenses": 121043000, "interestIncome": 0, "interestExpense": 0, "depreciationAndAmortization": 29417000, "ebitda": 21470000, "ebitdaratio": 0.1535106535, "operatingIncome": -7947000, "operatingIncomeRatio": -0.0568211068, "totalOtherIncomeExpensesNet": 995000, "incomeBeforeTax": -6952000, "incomeBeforeTaxRatio": -0.0497068497, "incomeTaxExpense": 995000, "netIncome": -7947000, "netIncomeRatio": -0.0568211068, "eps": -0.28, "epsdiluted": -0.28, "weightedAverageShsOut": 28450470, "weightedAverageShsOutDil": 28450470, "link": "https://www.sec.gov/Archives/edgar/data/1302343/000136231009003898/0001362310-09-003898-index.html", "finalLink": "https://www.sec.gov/Archives/edgar/data/1302343/000136231009003898/c82344e10vk.htm", "calculatedOtherExpenses": 126824000, "calculatedOperatingExpenses": 143172000, "calculatedNetInterest": 0, "calculatedOtherIncome": 995000, "calculatedIncomeNonControlling": 0, "calculatedEbitda": 21470000}, {"date": "2007-12-31", "symbol": "EDR", "reportedCurrency": "USD", "cik": "0001766363", "fillingDate": "2008-03-04", "acceptedDate": "2008-03-04 12:29:34", "calendarYear": "2007", "period": "FY", "revenue": 119953000, "costOfRevenue": 4595000, "grossProfit": 115358000, "grossProfitRatio": 0.9616933299, "researchAndDevelopmentExpenses": 0, "generalAndAdministrativeExpenses": 14561000, "sellingAndMarketingExpenses": 0, "sellingGeneralAndAdministrativeExpenses": 14561000, "otherExpenses": 85004000, "operatingExpenses": 99565000, "costAndExpenses": 104160000, "interestIncome": 0, "interestExpense": -26957000, "depreciationAndAmortization": 4372000, "ebitda": -29872000, "ebitdaratio": -0.2490308704, "operatingIncome": -34244000, "operatingIncomeRatio": -0.2854784791, "totalOtherIncomeExpensesNet": 26957000, "incomeBeforeTax": -7287000, "incomeBeforeTaxRatio": -0.0607487933, "incomeTaxExpense": -26957000, "netIncome": 19670000, "netIncomeRatio": 0.1639808925, "eps": 0.71, "epsdiluted": 0.71, "weightedAverageShsOut": 27869054, "weightedAverageShsOutDil": 27869054, "link": "https://www.sec.gov/Archives/edgar/data/1302343/000095014408001636/0000950144-08-001636-index.htm", "finalLink": "https://www.sec.gov/Archives/edgar/data/1302343/000095014408001636/g12090e10vk.htm", "calculatedOtherExpenses": 135041000, "calculatedOperatingExpenses": 149602000, "calculatedNetInterest": 26957000, "calculatedOtherIncome": 0, "calculatedIncomeNonControlling": 0, "calculatedEbitda": -29872000}, {"date": "2006-12-31", "symbol": "EDR", "reportedCurrency": "USD", "cik": "0001766363", "fillingDate": "2007-03-15", "acceptedDate": "2007-03-14 15:05:04", "calendarYear": "2006", "period": "FY", "revenue": 119291000, "costOfRevenue": 6952000, "grossProfit": 112339000, "grossProfitRatio": 0.9417223428, "researchAndDevelopmentExpenses": 0, "generalAndAdministrativeExpenses": 12331000, "sellingAndMarketingExpenses": 0, "sellingGeneralAndAdministrativeExpenses": 12331000, "otherExpenses": 89708000, "operatingExpenses": 102039000, "costAndExpenses": 108991000, "interestIncome": 0, "interestExpense": -29353000, "depreciationAndAmortization": -58850000, "ebitda": -41598000, "ebitdaratio": -0.3487102967, "operatingIncome": 17252000, "operatingIncomeRatio": 0.1446211365, "totalOtherIncomeExpensesNet": -29933000, "incomeBeforeTax": -12681000, "incomeBeforeTaxRatio": -0.106303074, "incomeTaxExpense": 58850000, "netIncome": -71531000, "netIncomeRatio": -0.5996345072, "eps": -2.71, "epsdiluted": -2.71, "weightedAverageShsOut": 26387547, "weightedAverageShsOutDil": 26387547, "link": "https://www.sec.gov/Archives/edgar/data/1302343/000095014407002200/0000950144-07-002200-index.htm", "finalLink": "https://www.sec.gov/Archives/edgar/data/1302343/000095014407002200/g05976e10vk.htm", "calculatedOtherExpenses": 82756000, "calculatedOperatingExpenses": 95087000, "calculatedNetInterest": 29353000, "calculatedOtherIncome": -59286000, "calculatedIncomeNonControlling": 0, "calculatedEbitda": -41598000}, {"date": "2005-12-31", "symbol": "EDR", "reportedCurrency": "USD", "cik": "0001766363", "fillingDate": "2006-03-31", "acceptedDate": "2006-03-31 11:34:08", "calendarYear": "2005", "period": "FY", "revenue": 87243000, "costOfRevenue": 6242000, "grossProfit": 81001000, "grossProfitRatio": 0.9284527125, "researchAndDevelopmentExpenses": 0, "generalAndAdministrativeExpenses": 12182000, "sellingAndMarketingExpenses": 0, "sellingGeneralAndAdministrativeExpenses": 12182000, "otherExpenses": 75221000, "operatingExpenses": 87403000, "costAndExpenses": 93645000, "interestIncome": 0, "interestExpense": -16186000, "depreciationAndAmortization": 28908000, "ebitda": -2829000, "ebitdaratio": -0.0324266703, "operatingIncome": -31737000, "operatingIncomeRatio": -0.3637770366, "totalOtherIncomeExpensesNet": 14790000, "incomeBeforeTax": -16947000, "incomeBeforeTaxRatio": -0.1942505416, "incomeTaxExpense": -16186000, "netIncome": -761000, "netIncomeRatio": -0.0087227629, "eps": -0.033, "epsdiluted": -0.033, "weightedAverageShsOut": 23063110, "weightedAverageShsOutDil": 23063110, "link": "https://www.sec.gov/Archives/edgar/data/1302343/000095014406003046/0000950144-06-003046-index.htm", "finalLink": "https://www.sec.gov/Archives/edgar/data/1302343/000095014406003046/g00534e10vk.htm", "calculatedOtherExpenses": 100556000, "calculatedOperatingExpenses": 112738000, "calculatedNetInterest": 16186000, "calculatedOtherIncome": -1396000, "calculatedIncomeNonControlling": 0, "calculatedEbitda": -2829000}]}