{"originalCurrency": "USD", "convertedCurrency": "USD", "report": [{"date": "2023-12-31", "symbol": "EEFT", "reportedCurrency": "USD", "cik": "0001029199", "fillingDate": "2024-02-22", "acceptedDate": "2024-02-22 17:11:17", "calendarYear": "2023", "period": "FY", "revenue": 3688000000, "costOfRevenue": 2958600000, "grossProfit": 729400000, "grossProfitRatio": 0.1977765727, "researchAndDevelopmentExpenses": 0, "generalAndAdministrativeExpenses": 899700000, "sellingAndMarketingExpenses": -602900000, "sellingGeneralAndAdministrativeExpenses": 296800000, "otherExpenses": 200000, "operatingExpenses": 296800000, "costAndExpenses": 3255400000, "interestIncome": 15200000, "interestExpense": 55600000, "depreciationAndAmortization": 132900000, "ebitda": 565500000, "ebitdaratio": 0.153335141, "operatingIncome": 432600000, "operatingIncomeRatio": 0.1172993492, "totalOtherIncomeExpensesNet": -32200000, "incomeBeforeTax": 400400000, "incomeBeforeTaxRatio": 0.1085683297, "incomeTaxExpense": 120900000, "netIncome": 279700000, "netIncomeRatio": 0.075840564, "eps": 5.77, "epsdiluted": 5.5, "weightedAverageShsOut": 48482006, "weightedAverageShsOutDil": 51599633, "link": "https://www.sec.gov/Archives/edgar/data/1029199/000121390024016204/0001213900-24-016204-index.htm", "finalLink": "https://www.sec.gov/Archives/edgar/data/1029199/000121390024016204/eeft-20231231.htm", "calculatedOtherExpenses": 0, "calculatedOperatingExpenses": 296800000, "calculatedNetInterest": -40400000, "calculatedOtherIncome": 8200000, "calculatedIncomeNonControlling": -200000, "calculatedEbitda": 565500000}, {"date": "2022-12-31", "symbol": "EEFT", "reportedCurrency": "USD", "cik": "0001029199", "fillingDate": "2023-02-22", "acceptedDate": "2023-02-22 17:02:07", "calendarYear": "2022", "period": "FY", "revenue": 3358741000, "costOfRevenue": 2018127000, "grossProfit": 1340614000, "grossProfitRatio": 0.3991418213, "researchAndDevelopmentExpenses": 0, "generalAndAdministrativeExpenses": 819300000, "sellingAndMarketingExpenses": 111000, "sellingGeneralAndAdministrativeExpenses": 819411000, "otherExpenses": 900000, "operatingExpenses": 982500000, "costAndExpenses": 3000627000, "interestIncome": 2000000, "interestExpense": 37500000, "depreciationAndAmortization": 135864000, "ebitda": 521203000, "ebitdaratio": 0.1551780861, "operatingIncome": 385339000, "operatingIncomeRatio": 0.1147272148, "totalOtherIncomeExpensesNet": -62744000, "incomeBeforeTax": 322595000, "incomeBeforeTaxRatio": 0.0960464055, "incomeTaxExpense": 91853000, "netIncome": 231000000, "netIncomeRatio": 0.0687757704, "eps": 4.7, "epsdiluted": 4.41, "weightedAverageShsOut": 50175614, "weightedAverageShsOutDil": 53463308, "link": "https://www.sec.gov/Archives/edgar/data/1029199/000121390023013721/0001213900-23-013721-index.htm", "finalLink": "https://www.sec.gov/Archives/edgar/data/1029199/000121390023013721/eeft-20221231.htm", "calculatedOtherExpenses": 135864000, "calculatedOperatingExpenses": 955275000, "calculatedNetInterest": -35500000, "calculatedOtherIncome": -27244000, "calculatedIncomeNonControlling": -258000, "calculatedEbitda": 521203000}, {"date": "2021-12-31", "symbol": "EEFT", "reportedCurrency": "USD", "cik": "0001029199", "fillingDate": "2022-02-23", "acceptedDate": "2022-02-22 18:04:56", "calendarYear": "2021", "period": "FY", "revenue": 2995443000, "costOfRevenue": 1900267000, "grossProfit": 1095176000, "grossProfitRatio": 0.3656140344, "researchAndDevelopmentExpenses": 0, "generalAndAdministrativeExpenses": 736900000, "sellingAndMarketingExpenses": -128000, "sellingGeneralAndAdministrativeExpenses": 736772000, "otherExpenses": 59000, "operatingExpenses": 921966999, "costAndExpenses": 2822233999, "interestIncome": 700000, "interestExpense": 38300000, "depreciationAndAmortization": 135754000, "ebitda": 358404000, "ebitdaratio": 0.119649748, "operatingIncome": 222650000, "operatingIncomeRatio": 0.0743295733, "totalOtherIncomeExpensesNet": -86975000, "incomeBeforeTax": 135675000, "incomeBeforeTaxRatio": 0.0452938013, "incomeTaxExpense": 65087999, "netIncome": 70700000, "netIncomeRatio": 0.0236025189, "eps": 1.35, "epsdiluted": 1.32, "weightedAverageShsOut": 52585674, "weightedAverageShsOutDil": 53529576, "link": "https://www.sec.gov/Archives/edgar/data/1029199/000121390022008758/0001213900-22-008758-index.htm", "finalLink": "https://www.sec.gov/Archives/edgar/data/1029199/000121390022008758/eeft-20211231.htm", "calculatedOtherExpenses": 135754000, "calculatedOperatingExpenses": 872526000, "calculatedNetInterest": -37600000, "calculatedOtherIncome": -49375000, "calculatedIncomeNonControlling": -112999, "calculatedEbitda": 358404000}, {"date": "2020-12-31", "symbol": "EEFT", "reportedCurrency": "USD", "cik": "0001029199", "fillingDate": "2021-02-22", "acceptedDate": "2021-02-22 06:27:04", "calendarYear": "2020", "period": "FY", "revenue": 2482700000, "costOfRevenue": 1576699000, "grossProfit": 906001000, "grossProfitRatio": 0.3649256857, "researchAndDevelopmentExpenses": 0, "generalAndAdministrativeExpenses": 625800000, "sellingAndMarketingExpenses": -44000, "sellingGeneralAndAdministrativeExpenses": 625756000, "otherExpenses": 900000, "operatingExpenses": 862266000, "costAndExpenses": 2438965000, "interestIncome": 1100000, "interestExpense": 36600000, "depreciationAndAmortization": 127021000, "ebitda": 280245000, "ebitdaratio": 0.1128791235, "operatingIncome": 153224000, "operatingIncomeRatio": 0.0617166794, "totalOtherIncomeExpensesNet": -145053001, "incomeBeforeTax": 8170999, "incomeBeforeTaxRatio": 0.0032911745, "incomeTaxExpense": 11475000, "netIncome": -3399000, "netIncomeRatio": -0.001369074, "eps": -0.0645, "epsdiluted": -0.0645, "weightedAverageShsOut": 52659551, "weightedAverageShsOutDil": 52659551, "link": "https://www.sec.gov/Archives/edgar/data/1029199/000121390021010724/0001213900-21-010724-index.htm", "finalLink": "https://www.sec.gov/Archives/edgar/data/1029199/000121390021010724/eeft-20201231.htm", "calculatedOtherExpenses": 127021000, "calculatedOperatingExpenses": 752777000, "calculatedNetInterest": -35500000, "calculatedOtherIncome": -109553001, "calculatedIncomeNonControlling": 94999, "calculatedEbitda": 280245000}, {"date": "2019-12-31", "symbol": "EEFT", "reportedCurrency": "USD", "cik": "0001029199", "fillingDate": "2020-03-02", "acceptedDate": "2020-02-28 20:54:39", "calendarYear": "2019", "period": "FY", "revenue": 2750109000, "costOfRevenue": 1556483000, "grossProfit": 1193626000, "grossProfitRatio": 0.4340286149, "researchAndDevelopmentExpenses": 0, "generalAndAdministrativeExpenses": 606700000, "sellingAndMarketingExpenses": -12000, "sellingGeneralAndAdministrativeExpenses": 606688000, "otherExpenses": -9820000, "operatingExpenses": 725550999, "costAndExpenses": 2282033999, "interestIncome": 1900000, "interestExpense": 36100000, "depreciationAndAmortization": 111744000, "ebitda": 586938000, "ebitdaratio": 0.2134235407, "operatingIncome": 475194000, "operatingIncomeRatio": 0.1727909694, "totalOtherIncomeExpensesNet": -41387000, "incomeBeforeTax": 433807000, "incomeBeforeTaxRatio": 0.1577417477, "incomeTaxExpense": 87112000, "netIncome": 346800000, "netIncomeRatio": 0.1261040926, "eps": 6.49, "epsdiluted": 6.31, "weightedAverageShsOut": 53449834, "weightedAverageShsOutDil": 54913887, "link": "https://www.sec.gov/Archives/edgar/data/1029199/000102919920000009/0001029199-20-000009-index.htm", "finalLink": "https://www.sec.gov/Archives/edgar/data/1029199/000102919920000009/eeft1231201910k.htm", "calculatedOtherExpenses": 111744000, "calculatedOperatingExpenses": 718432000, "calculatedNetInterest": -34200000, "calculatedOtherIncome": -7187000, "calculatedIncomeNonControlling": -105000, "calculatedEbitda": 586938000}, {"date": "2018-12-31", "symbol": "EEFT", "reportedCurrency": "USD", "cik": "0001029199", "fillingDate": "2019-02-28", "acceptedDate": "2019-02-28 14:58:04", "calendarYear": "2018", "period": "FY", "revenue": 2536629000, "costOfRevenue": 1488406000, "grossProfit": 1048223000, "grossProfitRatio": 0.4132346512, "researchAndDevelopmentExpenses": 0, "generalAndAdministrativeExpenses": 570600000, "sellingAndMarketingExpenses": 6639000, "sellingGeneralAndAdministrativeExpenses": 577239000, "otherExpenses": 27000, "operatingExpenses": 717054000, "costAndExpenses": 2205460000, "interestIncome": 1300000, "interestExpense": 37700000, "depreciationAndAmortization": 106021000, "ebitda": 470984000, "ebitdaratio": 0.1856731907, "operatingIncome": 364963000, "operatingIncomeRatio": 0.1438771693, "totalOtherIncomeExpensesNet": -70047000, "incomeBeforeTax": 294916000, "incomeBeforeTaxRatio": 0.1162629616, "incomeTaxExpense": 62785000, "netIncome": 232800000, "netIncomeRatio": 0.0917753444, "eps": 4.26, "epsdiluted": 4.26, "weightedAverageShsOut": 54627747, "weightedAverageShsOutDil": 54627747, "link": "https://www.sec.gov/Archives/edgar/data/1029199/000102919919000004/0001029199-19-000004-index.htm", "finalLink": "https://www.sec.gov/Archives/edgar/data/1029199/000102919919000004/eeft1231201810k.htm", "calculatedOtherExpenses": 106021000, "calculatedOperatingExpenses": 683260000, "calculatedNetInterest": -36400000, "calculatedOtherIncome": -33647000, "calculatedIncomeNonControlling": -669000, "calculatedEbitda": 470984000}, {"date": "2017-12-31", "symbol": "EEFT", "reportedCurrency": "USD", "cik": "0001029199", "fillingDate": "2018-03-01", "acceptedDate": "2018-03-01 16:00:56", "calendarYear": "2017", "period": "FY", "revenue": 2252422000, "costOfRevenue": 1356250000, "grossProfit": 896172000, "grossProfitRatio": 0.3978703813, "researchAndDevelopmentExpenses": 15400000, "generalAndAdministrativeExpenses": 501100000, "sellingAndMarketingExpenses": -11000, "sellingGeneralAndAdministrativeExpenses": 501089000, "otherExpenses": 100000, "operatingExpenses": 609709000, "costAndExpenses": 1965959000, "interestIncome": 2500000, "interestExpense": 32400000, "depreciationAndAmortization": 95030000, "ebitda": 395083000, "ebitdaratio": 0.1754036322, "operatingIncome": 300053000, "operatingIncomeRatio": 0.133213492, "totalOtherIncomeExpensesNet": -43718001, "incomeBeforeTax": 256334999, "incomeBeforeTaxRatio": 0.1138041624, "incomeTaxExpense": 99395000, "netIncome": 156900000, "netIncomeRatio": 0.06965835, "eps": 2.99, "epsdiluted": 2.85, "weightedAverageShsOut": 55033333, "weightedAverageShsOutDil": 55116327, "link": "https://www.sec.gov/Archives/edgar/data/1029199/000102919918000015/0001029199-18-000015-index.htm", "finalLink": "https://www.sec.gov/Archives/edgar/data/1029199/000102919918000015/eeft1231201710k.htm", "calculatedOtherExpenses": 79630000, "calculatedOperatingExpenses": 596119000, "calculatedNetInterest": -29900000, "calculatedOtherIncome": -13818001, "calculatedIncomeNonControlling": 39999, "calculatedEbitda": 395083000}, {"date": "2016-12-31", "symbol": "EEFT", "reportedCurrency": "USD", "cik": "0001029199", "fillingDate": "2017-03-01", "acceptedDate": "2017-03-01 16:37:46", "calendarYear": "2016", "period": "FY", "revenue": 1958615000, "costOfRevenue": 1174545000, "grossProfit": 784070000, "grossProfitRatio": 0.4003185925, "researchAndDevelopmentExpenses": 12000000, "generalAndAdministrativeExpenses": 453700000, "sellingAndMarketingExpenses": 68000, "sellingGeneralAndAdministrativeExpenses": 453768000, "otherExpenses": 20000000, "operatingExpenses": 524541000, "costAndExpenses": 1699086000, "interestIncome": 1700000, "interestExpense": 28600000, "depreciationAndAmortization": 80529000, "ebitda": 330302000, "ebitdaratio": 0.1686405955, "operatingIncome": 249773000, "operatingIncomeRatio": 0.1275253176, "totalOtherIncomeExpensesNet": -16880000, "incomeBeforeTax": 232893000, "incomeBeforeTaxRatio": 0.1189069827, "incomeTaxExpense": 58795000, "netIncome": 174400000, "netIncomeRatio": 0.0890425122, "eps": 3.34, "epsdiluted": 3.23, "weightedAverageShsOut": 53998468, "weightedAverageShsOutDil": 54001079, "link": "https://www.sec.gov/Archives/edgar/data/1029199/000102919917000006/0001029199-17-000006-index.htm", "finalLink": "https://www.sec.gov/Archives/edgar/data/1029199/000102919917000006/eeft1231201610k.htm", "calculatedOtherExpenses": 68529000, "calculatedOperatingExpenses": 534297000, "calculatedNetInterest": -26900000, "calculatedOtherIncome": 10020000, "calculatedIncomeNonControlling": -302000, "calculatedEbitda": 330302000}, {"date": "2015-12-31", "symbol": "EEFT", "reportedCurrency": "USD", "cik": "0001029199", "fillingDate": "2016-02-29", "acceptedDate": "2016-02-26 17:55:48", "calendarYear": "2015", "period": "FY", "revenue": 1772262000, "costOfRevenue": 1081849000, "grossProfit": 690413000, "grossProfitRatio": 0.3895659897, "researchAndDevelopmentExpenses": 2600000, "generalAndAdministrativeExpenses": 415500000, "sellingAndMarketingExpenses": 47000, "sellingGeneralAndAdministrativeExpenses": 415547000, "otherExpenses": 300000, "operatingExpenses": 526674999, "costAndExpenses": 1608523999, "interestIncome": 2100000, "interestExpense": 24900000, "depreciationAndAmortization": 70025000, "ebitda": 274866000, "ebitdaratio": 0.1550933214, "operatingIncome": 204841000, "operatingIncomeRatio": 0.1155816691, "totalOtherIncomeExpensesNet": -63747000, "incomeBeforeTax": 141094000, "incomeBeforeTaxRatio": 0.0796123824, "incomeTaxExpense": 42602000, "netIncome": 98800000, "netIncomeRatio": 0.055747965, "eps": 1.89, "epsdiluted": 1.83, "weightedAverageShsOut": 53993472, "weightedAverageShsOutDil": 54076676, "link": "https://www.sec.gov/Archives/edgar/data/1029199/000102919916000143/0001029199-16-000143-index.htm", "finalLink": "https://www.sec.gov/Archives/edgar/data/1029199/000102919916000143/eeft1231201510k.htm", "calculatedOtherExpenses": 67425000, "calculatedOperatingExpenses": 485572000, "calculatedNetInterest": -22800000, "calculatedOtherIncome": -40947000, "calculatedIncomeNonControlling": -308000, "calculatedEbitda": 274866000}, {"date": "2014-12-31", "symbol": "EEFT", "reportedCurrency": "USD", "cik": "0001029199", "fillingDate": "2015-02-27", "acceptedDate": "2015-02-27 16:47:13", "calendarYear": "2014", "period": "FY", "revenue": 1664150000, "costOfRevenue": 1033479000, "grossProfit": 630671000, "grossProfitRatio": 0.378974852, "researchAndDevelopmentExpenses": 2900000, "generalAndAdministrativeExpenses": 400800000, "sellingAndMarketingExpenses": -315000, "sellingGeneralAndAdministrativeExpenses": 400485000, "otherExpenses": -1800000, "operatingExpenses": 479387000, "costAndExpenses": 1512866000, "interestIncome": 2500000, "interestExpense": 12200000, "depreciationAndAmortization": 71455000, "ebitda": 230186000, "ebitdaratio": 0.1383204639, "operatingIncome": 158731000, "operatingIncomeRatio": 0.0953826278, "totalOtherIncomeExpensesNet": -17228000, "incomeBeforeTax": 141503000, "incomeBeforeTaxRatio": 0.0850301956, "incomeTaxExpense": 40015000, "netIncome": 101600000, "netIncomeRatio": 0.0610521888, "eps": 1.96, "epsdiluted": 1.89, "weightedAverageShsOut": 53782010, "weightedAverageShsOutDil": 53901040, "link": "https://www.sec.gov/Archives/edgar/data/1029199/000102919915000017/0001029199-15-000017-index.htm", "finalLink": "https://www.sec.gov/Archives/edgar/data/1029199/000102919915000017/eeft1231201410k.htm", "calculatedOtherExpenses": 68555000, "calculatedOperatingExpenses": 471940000, "calculatedNetInterest": -9700000, "calculatedOtherIncome": -7528000, "calculatedIncomeNonControlling": -112000, "calculatedEbitda": 230186000}, {"date": "2013-12-31", "symbol": "EEFT", "reportedCurrency": "USD", "cik": "0001029199", "fillingDate": "2014-02-27", "acceptedDate": "2014-02-27 17:09:58", "calendarYear": "2013", "period": "FY", "revenue": 1413169000, "costOfRevenue": 838928000, "grossProfit": 574241000, "grossProfitRatio": 0.4063498421, "researchAndDevelopmentExpenses": 2400000, "generalAndAdministrativeExpenses": 337600000, "sellingAndMarketingExpenses": 54071000, "sellingGeneralAndAdministrativeExpenses": 391671000, "otherExpenses": 2400000, "operatingExpenses": 451015000, "costAndExpenses": 1289943000, "interestIncome": 2000000, "interestExpense": 9900000, "depreciationAndAmortization": 65053000, "ebitda": 182570000, "ebitdaratio": 0.1291919084, "operatingIncome": 117517000, "operatingIncomeRatio": 0.0831584899, "totalOtherIncomeExpensesNet": -2432000, "incomeBeforeTax": 115085000, "incomeBeforeTaxRatio": 0.0814375351, "incomeTaxExpense": 27732000, "netIncome": 88000000, "netIncomeRatio": 0.0622713915, "eps": 1.76, "epsdiluted": 1.69, "weightedAverageShsOut": 51982620, "weightedAverageShsOutDil": 52062721, "link": "https://www.sec.gov/Archives/edgar/data/1029199/000102919914000008/0001029199-14-000008-index.htm", "finalLink": "https://www.sec.gov/Archives/edgar/data/1029199/000102919914000008/eeft1231201310k.htm", "calculatedOtherExpenses": 62653000, "calculatedOperatingExpenses": 456724000, "calculatedNetInterest": -7900000, "calculatedOtherIncome": 5468000, "calculatedIncomeNonControlling": -647000, "calculatedEbitda": 182570000}, {"date": "2012-12-31", "symbol": "EEFT", "reportedCurrency": "USD", "cik": "0001029199", "fillingDate": "2013-02-27", "acceptedDate": "2013-02-27 06:09:50", "calendarYear": "2012", "period": "FY", "revenue": 1267601000, "costOfRevenue": 763059000, "grossProfit": 504542000, "grossProfitRatio": 0.3980290328, "researchAndDevelopmentExpenses": 4375000, "generalAndAdministrativeExpenses": 304600000, "sellingAndMarketingExpenses": 49030000, "sellingGeneralAndAdministrativeExpenses": 353630000, "otherExpenses": 4100000, "operatingExpenses": 441548000, "costAndExpenses": 1204607000, "interestIncome": 4000000, "interestExpense": 19500000, "depreciationAndAmortization": 61692000, "ebitda": 148437000, "ebitdaratio": 0.1171007281, "operatingIncome": 86745000, "operatingIncomeRatio": 0.0684324168, "totalOtherIncomeExpensesNet": -39411000, "incomeBeforeTax": 47334000, "incomeBeforeTaxRatio": 0.0373414032, "incomeTaxExpense": 26937000, "netIncome": 20500000, "netIncomeRatio": 0.0161722813, "eps": 0.41, "epsdiluted": 0.4, "weightedAverageShsOut": 51337500, "weightedAverageShsOutDil": 51412510, "link": "https://www.sec.gov/Archives/edgar/data/1029199/000102919913000008/0001029199-13-000008-index.htm", "finalLink": "https://www.sec.gov/Archives/edgar/data/1029199/000102919913000008/eeft1231201210k.htm", "calculatedOtherExpenses": 59792000, "calculatedOperatingExpenses": 417797000, "calculatedNetInterest": -15500000, "calculatedOtherIncome": -23911000, "calculatedIncomeNonControlling": -103000, "calculatedEbitda": 148437000}, {"date": "2011-12-31", "symbol": "EEFT", "reportedCurrency": "USD", "cik": "0001029199", "fillingDate": "2012-02-29", "acceptedDate": "2012-02-29 15:44:30", "calendarYear": "2011", "period": "FY", "revenue": 1161300000, "costOfRevenue": 740700000, "grossProfit": 420600000, "grossProfitRatio": 0.3621803152, "researchAndDevelopmentExpenses": 0, "generalAndAdministrativeExpenses": 281100000, "sellingAndMarketingExpenses": 0, "sellingGeneralAndAdministrativeExpenses": 281100000, "otherExpenses": 60457000, "operatingExpenses": 341500000, "costAndExpenses": 1082200000, "interestIncome": 5700000, "interestExpense": 21500000, "depreciationAndAmortization": 60400000, "ebitda": 147100000, "ebitdaratio": 0.1266683889, "operatingIncome": 79100000, "operatingIncomeRatio": 0.0681133213, "totalOtherIncomeExpensesNet": -600000, "incomeBeforeTax": 62700000, "incomeBeforeTaxRatio": 0.0539912167, "incomeTaxExpense": 24700000, "netIncome": 36900000, "netIncomeRatio": 0.0317747352, "eps": 0.73, "epsdiluted": 0.71, "weightedAverageShsOut": 50438786, "weightedAverageShsOutDil": 51472154, "link": "https://www.sec.gov/Archives/edgar/data/1029199/000102919912000006/0001029199-12-000006-index.htm", "finalLink": "https://www.sec.gov/Archives/edgar/data/1029199/000102919912000006/eeft1231201110k.htm", "calculatedOtherExpenses": 60400000, "calculatedOperatingExpenses": 341500000, "calculatedNetInterest": -15800000, "calculatedOtherIncome": -600000, "calculatedIncomeNonControlling": 1100000, "calculatedEbitda": 139500000}, {"date": "2010-12-31", "symbol": "EEFT", "reportedCurrency": "USD", "cik": "0001029199", "fillingDate": "2011-02-25", "acceptedDate": "2011-02-25 16:51:43", "calendarYear": "2010", "period": "FY", "revenue": 1038200000, "costOfRevenue": 675500000, "grossProfit": 362700000, "grossProfitRatio": 0.3493546523, "researchAndDevelopmentExpenses": 0, "generalAndAdministrativeExpenses": 229100000, "sellingAndMarketingExpenses": 0, "sellingGeneralAndAdministrativeExpenses": 229100000, "otherExpenses": 57496000, "operatingExpenses": 286600000, "costAndExpenses": 962100000, "interestIncome": 3300000, "interestExpense": 20500000, "depreciationAndAmortization": 57500000, "ebitda": 138300000, "ebitdaratio": 0.1332113273, "operatingIncome": 5200000, "operatingIncomeRatio": 0.0050086688, "totalOtherIncomeExpensesNet": -74000000, "incomeBeforeTax": -15100000, "incomeBeforeTaxRatio": -0.0145444038, "incomeTaxExpense": 22900000, "netIncome": -38400000, "netIncomeRatio": -0.036987093, "eps": -0.75, "epsdiluted": -0.75, "weightedAverageShsOut": 50979356, "weightedAverageShsOutDil": 50979356, "link": "https://www.sec.gov/Archives/edgar/data/1029199/000095012311018840/0000950123-11-018840-index.htm", "finalLink": "https://www.sec.gov/Archives/edgar/data/1029199/000095012311018840/c61623e10vk.htm", "calculatedOtherExpenses": 128400000, "calculatedOperatingExpenses": 357500000, "calculatedNetInterest": -17200000, "calculatedOtherIncome": -3100000, "calculatedIncomeNonControlling": 400000, "calculatedEbitda": 62700000}, {"date": "2009-12-31", "symbol": "EEFT", "reportedCurrency": "USD", "cik": "0001029199", "fillingDate": "2010-03-01", "acceptedDate": "2010-03-01 13:47:31", "calendarYear": "2009", "period": "FY", "revenue": 1032700000, "costOfRevenue": 678400000, "grossProfit": 354300000, "grossProfitRatio": 0.3430812433, "researchAndDevelopmentExpenses": 0, "generalAndAdministrativeExpenses": 216200000, "sellingAndMarketingExpenses": 0, "sellingGeneralAndAdministrativeExpenses": 216200000, "otherExpenses": 56023000, "operatingExpenses": 272100000, "costAndExpenses": 950500000, "interestIncome": 3300000, "interestExpense": 25700000, "depreciationAndAmortization": 55900000, "ebitda": 141400000, "ebitdaratio": 0.13692263, "operatingIncome": 72300000, "operatingIncomeRatio": 0.0700106517, "totalOtherIncomeExpensesNet": -2600000, "incomeBeforeTax": 57200000, "incomeBeforeTaxRatio": 0.0553887867, "incomeTaxExpense": 25800000, "netIncome": 30400000, "netIncomeRatio": 0.0294373971, "eps": 0.6, "epsdiluted": 0.59, "weightedAverageShsOut": 50175239, "weightedAverageShsOutDil": 51226592, "link": "https://www.sec.gov/Archives/edgar/data/1029199/000095012310019116/0000950123-10-019116-index.htm", "finalLink": "https://www.sec.gov/Archives/edgar/data/1029199/000095012310019116/c55943e10vk.htm", "calculatedOtherExpenses": 65800000, "calculatedOperatingExpenses": 282000000, "calculatedNetInterest": -22400000, "calculatedOtherIncome": 7300000, "calculatedIncomeNonControlling": 1000000, "calculatedEbitda": 128200000}, {"date": "2008-12-31", "symbol": "EEFT", "reportedCurrency": "USD", "cik": "0001029199", "fillingDate": "2009-03-02", "acceptedDate": "2009-03-02 16:09:29", "calendarYear": "2008", "period": "FY", "revenue": 1045700000, "costOfRevenue": 703800000, "grossProfit": 341900000, "grossProfitRatio": 0.3269580186, "researchAndDevelopmentExpenses": 0, "generalAndAdministrativeExpenses": 85400000, "sellingAndMarketingExpenses": 0, "sellingGeneralAndAdministrativeExpenses": 85400000, "otherExpenses": 56251000, "operatingExpenses": 490900000, "costAndExpenses": 1194700000, "interestIncome": 10600000, "interestExpense": 24500000, "depreciationAndAmortization": 276500000, "ebitda": 138100000, "ebitdaratio": 0.1320646457, "operatingIncome": -149000000, "operatingIncomeRatio": -0.1424882854, "totalOtherIncomeExpensesNet": -21800000, "incomeBeforeTax": -184700000, "incomeBeforeTaxRatio": -0.176628096, "incomeTaxExpense": 10200000, "netIncome": -195000000, "netIncomeRatio": -0.1864779573, "eps": -4.01, "epsdiluted": -3.98, "weightedAverageShsOut": 48665751, "weightedAverageShsOutDil": 48936229, "link": "https://www.sec.gov/Archives/edgar/data/1029199/000095013709001431/0000950137-09-001431-index.htm", "finalLink": "https://www.sec.gov/Archives/edgar/data/1029199/000095013709001431/c48901e10vk.htm", "calculatedOtherExpenses": 405500000, "calculatedOperatingExpenses": 490900000, "calculatedNetInterest": -13900000, "calculatedOtherIncome": -21800000, "calculatedIncomeNonControlling": 100000, "calculatedEbitda": 127500000}, {"date": "2007-12-31", "symbol": "EEFT", "reportedCurrency": "USD", "cik": "0001029199", "fillingDate": "2008-02-29", "acceptedDate": "2008-02-29 16:16:52", "calendarYear": "2007", "period": "FY", "revenue": 917574000, "costOfRevenue": 623910000, "grossProfit": 293664000, "grossProfitRatio": 0.320043942, "researchAndDevelopmentExpenses": 0, "generalAndAdministrativeExpenses": 0, "sellingAndMarketingExpenses": 0, "sellingGeneralAndAdministrativeExpenses": 180347000, "otherExpenses": 216487000, "operatingExpenses": 216487000, "costAndExpenses": 840397000, "interestIncome": 16296000, "interestExpense": -26213000, "depreciationAndAmortization": 50685000, "ebitda": 112774000, "ebitdaratio": 0.1229045287, "operatingIncome": 77177000, "operatingIncomeRatio": 0.0841098375, "totalOtherIncomeExpensesNet": 15996000, "incomeBeforeTax": 83256000, "incomeBeforeTaxRatio": 0.0907349162, "incomeTaxExpense": 28056000, "netIncome": 53504000, "netIncomeRatio": 0.0583102834, "eps": 0.79, "epsdiluted": 0.76, "weightedAverageShsOut": 45035627, "weightedAverageShsOutDil": 46617512, "link": "https://www.sec.gov/Archives/edgar/data/1029199/000095013708003100/0000950137-08-003100-index.htm", "finalLink": "https://www.sec.gov/Archives/edgar/data/1029199/000095013708003100/c23775e10vk.htm", "calculatedOtherExpenses": 36140000, "calculatedOperatingExpenses": 216487000, "calculatedNetInterest": 42509000, "calculatedOtherIncome": -36430000, "calculatedIncomeNonControlling": 1696000, "calculatedEbitda": 127862000}, {"date": "2006-12-31", "symbol": "EEFT", "reportedCurrency": "USD", "cik": "0001029199", "fillingDate": "2007-02-28", "acceptedDate": "2007-02-28 16:02:20", "calendarYear": "2006", "period": "FY", "revenue": 629181000, "costOfRevenue": 435476000, "grossProfit": 193705000, "grossProfitRatio": 0.307868483, "researchAndDevelopmentExpenses": 0, "generalAndAdministrativeExpenses": 0, "sellingAndMarketingExpenses": 0, "sellingGeneralAndAdministrativeExpenses": 112357000, "otherExpenses": 141407000, "operatingExpenses": 141407000, "costAndExpenses": 576883000, "interestIncome": 13750000, "interestExpense": -14747000, "depreciationAndAmortization": 31081000, "ebitda": 73213000, "ebitdaratio": 0.1163623822, "operatingIncome": 52298000, "operatingIncomeRatio": 0.0831207554, "totalOtherIncomeExpensesNet": 10826000, "incomeBeforeTax": 62127000, "incomeBeforeTaxRatio": 0.0987426512, "incomeTaxExpense": 14843000, "netIncome": 46307000, "netIncomeRatio": 0.0735988531, "eps": 1.25, "epsdiluted": 1.17, "weightedAverageShsOut": 36853170, "weightedAverageShsOutDil": 42244914, "link": "https://www.sec.gov/Archives/edgar/data/1029199/000095013707002990/0000950137-07-002990-index.htm", "finalLink": "https://www.sec.gov/Archives/edgar/data/1029199/000095013707002990/c11971e10vk.htm", "calculatedOtherExpenses": 29050000, "calculatedOperatingExpenses": 141407000, "calculatedNetInterest": 28497000, "calculatedOtherIncome": -18668000, "calculatedIncomeNonControlling": 977000, "calculatedEbitda": 83379000}, {"date": "2005-12-31", "symbol": "EEFT", "reportedCurrency": "USD", "cik": "0001029199", "fillingDate": "2006-03-10", "acceptedDate": "2006-03-10 16:33:05", "calendarYear": "2005", "period": "FY", "revenue": 531159000, "costOfRevenue": 370758000, "grossProfit": 160401000, "grossProfitRatio": 0.301983022, "researchAndDevelopmentExpenses": 0, "generalAndAdministrativeExpenses": 0, "sellingAndMarketingExpenses": 0, "sellingGeneralAndAdministrativeExpenses": 85229000, "otherExpenses": 107604000, "operatingExpenses": 107604000, "costAndExpenses": 478362000, "interestIncome": 5874000, "interestExpense": -8459000, "depreciationAndAmortization": 23943000, "ebitda": 84235000, "ebitdaratio": 0.158587165, "operatingIncome": 52797000, "operatingIncomeRatio": 0.0993996148, "totalOtherIncomeExpensesNet": -6310000, "incomeBeforeTax": 43902000, "incomeBeforeTaxRatio": 0.0826532168, "incomeTaxExpense": 14976000, "netIncome": 27375000, "netIncomeRatio": 0.05153824, "eps": 0.63, "epsdiluted": 0.6, "weightedAverageShsOut": 34846269, "weightedAverageShsOutDil": 36648081, "link": "https://www.sec.gov/Archives/edgar/data/1029199/000095013706002863/0000950137-06-002863-index.htm", "finalLink": "https://www.sec.gov/Archives/edgar/data/1029199/000095013706002863/c03199e10vk.htm", "calculatedOtherExpenses": 22375000, "calculatedOperatingExpenses": 107604000, "calculatedNetInterest": 14333000, "calculatedOtherIncome": -23228000, "calculatedIncomeNonControlling": 1551000, "calculatedEbitda": 76740000}, {"date": "2004-12-31", "symbol": "EEFT", "reportedCurrency": "USD", "cik": "0001029199", "fillingDate": "2005-03-16", "acceptedDate": "2005-03-15 18:16:16", "calendarYear": "2004", "period": "FY", "revenue": 381080000, "costOfRevenue": 264602000, "grossProfit": 116478000, "grossProfitRatio": 0.3056523565, "researchAndDevelopmentExpenses": 0, "generalAndAdministrativeExpenses": 0, "sellingAndMarketingExpenses": 0, "sellingGeneralAndAdministrativeExpenses": 65373000, "otherExpenses": 81174000, "operatingExpenses": 81174000, "costAndExpenses": 345776000, "interestIncome": 3022000, "interestExpense": -7300000, "depreciationAndAmortization": 15801000, "ebitda": 52473000, "ebitdaratio": 0.137695497, "operatingIncome": 35304000, "operatingIncomeRatio": 0.0926419649, "totalOtherIncomeExpensesNet": -1023000, "incomeBeforeTax": 30003000, "incomeBeforeTaxRatio": 0.0787314999, "incomeTaxExpense": 11518000, "netIncome": 18427000, "netIncomeRatio": 0.0483546762, "eps": 0.4, "epsdiluted": 0.38, "weightedAverageShsOut": 31970151, "weightedAverageShsOutDil": 33652790, "link": "https://www.sec.gov/Archives/edgar/data/1029199/000119312505051342/0001193125-05-051342-index.htm", "finalLink": "https://www.sec.gov/Archives/edgar/data/1029199/000119312505051342/d10k.htm", "calculatedOtherExpenses": 15801000, "calculatedOperatingExpenses": 81174000, "calculatedNetInterest": 10322000, "calculatedOtherIncome": -15623000, "calculatedIncomeNonControlling": 58000, "calculatedEbitda": 51105000}, {"date": "2003-12-31", "symbol": "EEFT", "reportedCurrency": "USD", "cik": "0001029199", "fillingDate": "2004-03-15", "acceptedDate": "2004-03-15 16:43:42", "calendarYear": "2003", "period": "FY", "revenue": 204407000, "costOfRevenue": 133977000, "grossProfit": 70430000, "grossProfitRatio": 0.3445576717, "researchAndDevelopmentExpenses": 0, "generalAndAdministrativeExpenses": 0, "sellingAndMarketingExpenses": 0, "sellingGeneralAndAdministrativeExpenses": 45051000, "otherExpenses": 57113000, "operatingExpenses": 57113000, "costAndExpenses": 191090000, "interestIncome": 1257000, "interestExpense": -7216000, "depreciationAndAmortization": 12062000, "ebitda": 17024000, "ebitdaratio": 0.083284819, "operatingIncome": 13317000, "operatingIncomeRatio": 0.0651494323, "totalOtherIncomeExpensesNet": 8873000, "incomeBeforeTax": 16231000, "incomeBeforeTaxRatio": 0.0794053041, "incomeTaxExpense": 4246000, "netIncome": 14660000, "netIncomeRatio": 0.0717196574, "eps": 0.45, "epsdiluted": 0.41, "weightedAverageShsOut": 26332171, "weightedAverageShsOutDil": 28789537, "link": "https://www.sec.gov/Archives/edgar/data/1029199/000119312504042318/0001193125-04-042318-index.htm", "finalLink": "https://www.sec.gov/Archives/edgar/data/1029199/000119312504042318/d10k.htm", "calculatedOtherExpenses": 12062000, "calculatedOperatingExpenses": 57113000, "calculatedNetInterest": 8473000, "calculatedOtherIncome": -5559000, "calculatedIncomeNonControlling": -2675000, "calculatedEbitda": 25379000}, {"date": "2002-12-31", "symbol": "EEFT", "reportedCurrency": "USD", "cik": "0001029199", "fillingDate": "2003-03-31", "acceptedDate": "2003-03-31 15:05:54", "calendarYear": "2002", "period": "FY", "revenue": 74048000, "costOfRevenue": 29609000, "grossProfit": 44439000, "grossProfitRatio": 0.6001377485, "researchAndDevelopmentExpenses": 0, "generalAndAdministrativeExpenses": 0, "sellingAndMarketingExpenses": 0, "sellingGeneralAndAdministrativeExpenses": 32199000, "otherExpenses": 44858000, "operatingExpenses": 44858000, "costAndExpenses": 74467000, "interestIncome": 0, "interestExpense": 0, "depreciationAndAmortization": 9659000, "ebitda": 14677000, "ebitdaratio": 0.1982092697, "operatingIncome": -419000, "operatingIncomeRatio": -0.0056584918, "totalOtherIncomeExpensesNet": -5620000, "incomeBeforeTax": -12045000, "incomeBeforeTaxRatio": -0.162664758, "incomeTaxExpense": -2312000, "netIncome": -6514000, "netIncomeRatio": -0.0879699654, "eps": -0.28, "epsdiluted": -0.28, "weightedAverageShsOut": 23040925, "weightedAverageShsOutDil": 23040925, "link": "https://www.sec.gov/Archives/edgar/data/1029199/000092838503000993/0000928385-03-000993-index.htm", "finalLink": "https://www.sec.gov/Archives/edgar/data/1029199/000092838503000993/d10k.txt", "calculatedOtherExpenses": 12659000, "calculatedOperatingExpenses": 44858000, "calculatedNetInterest": 0, "calculatedOtherIncome": -11626000, "calculatedIncomeNonControlling": -3219000, "calculatedEbitda": 9240000}, {"date": "2001-12-31", "symbol": "EEFT", "reportedCurrency": "USD", "cik": "0001029199", "fillingDate": "2002-03-08", "acceptedDate": "2002-03-08 00:00:00", "calendarYear": "2001", "period": "FY", "revenue": 64171000, "costOfRevenue": 28101000, "grossProfit": 36070000, "grossProfitRatio": 0.5620919107, "researchAndDevelopmentExpenses": 0, "generalAndAdministrativeExpenses": 32925000, "sellingAndMarketingExpenses": 0, "sellingGeneralAndAdministrativeExpenses": 32925000, "otherExpenses": 9112000, "operatingExpenses": 42037000, "costAndExpenses": 70138000, "interestIncome": 0, "interestExpense": 0, "depreciationAndAmortization": 9112000, "ebitda": -2155000, "ebitdaratio": -0.0335821477, "operatingIncome": -5967000, "operatingIncomeRatio": -0.0929859282, "totalOtherIncomeExpensesNet": 5300000, "incomeBeforeTax": -9856000, "incomeBeforeTaxRatio": -0.1535896277, "incomeTaxExpense": -2030000, "netIncome": 670000, "netIncomeRatio": 0.0104408533, "eps": 0.0302, "epsdiluted": 0.0302, "weightedAverageShsOut": 19621148, "weightedAverageShsOutDil": 22301899, "link": "https://www.sec.gov/Archives/edgar/data/1029199/000092838502000705/0000928385-02-000705-index.htm", "finalLink": "https://www.sec.gov/Archives/edgar/data/1029199/000092838502000705/d10k.txt", "calculatedOtherExpenses": 9112000, "calculatedOperatingExpenses": 42037000, "calculatedNetInterest": 0, "calculatedOtherIncome": -3889000, "calculatedIncomeNonControlling": -8496000, "calculatedEbitda": 3145000}, {"date": "2000-12-31", "symbol": "EEFT", "reportedCurrency": "USD", "cik": "0001029199", "fillingDate": "2001-03-14", "acceptedDate": "2001-03-14 00:00:00", "calendarYear": "2000", "period": "FY", "revenue": 52740000, "costOfRevenue": 24757000, "grossProfit": 27983000, "grossProfitRatio": 0.530583997, "researchAndDevelopmentExpenses": 0, "generalAndAdministrativeExpenses": 40796000, "sellingAndMarketingExpenses": 0, "sellingGeneralAndAdministrativeExpenses": 40796000, "otherExpenses": 10615000, "operatingExpenses": 51411000, "costAndExpenses": 76168000, "interestIncome": 0, "interestExpense": 0, "depreciationAndAmortization": 10615000, "ebitda": 2382000, "ebitdaratio": 0.0451649602, "operatingIncome": -23428000, "operatingIncomeRatio": -0.4442169132, "totalOtherIncomeExpensesNet": -15195000, "incomeBeforeTax": -48363000, "incomeBeforeTaxRatio": -0.9170079636, "incomeTaxExpense": 1188000, "netIncome": -49551000, "netIncomeRatio": -0.9395335609, "eps": -3.02, "epsdiluted": -3.02, "weightedAverageShsOut": 16417611, "weightedAverageShsOutDil": 16417611, "link": "https://www.sec.gov/Archives/edgar/data/1029199/000092838501000828/0000928385-01-000828-index.htm", "finalLink": "https://www.sec.gov/Archives/edgar/data/1029199/000092838501000828/0000928385-01-000828-0001.txt", "calculatedOtherExpenses": 10615000, "calculatedOperatingExpenses": 51411000, "calculatedNetInterest": 0, "calculatedOtherIncome": -24935000, "calculatedIncomeNonControlling": 0, "calculatedEbitda": -12813000}, {"date": "1999-12-31", "symbol": "EEFT", "reportedCurrency": "USD", "cik": "0001029199", "fillingDate": "2000-03-14", "acceptedDate": "2000-03-14 00:00:00", "calendarYear": "1999", "period": "FY", "revenue": 41500000, "costOfRevenue": 22800000, "grossProfit": 18700000, "grossProfitRatio": 0.4506024096, "researchAndDevelopmentExpenses": 0, "generalAndAdministrativeExpenses": 35200000, "sellingAndMarketingExpenses": 0, "sellingGeneralAndAdministrativeExpenses": 35200000, "otherExpenses": 10200000, "operatingExpenses": 45400000, "costAndExpenses": 68200000, "interestIncome": 0, "interestExpense": 0, "depreciationAndAmortization": 10200000, "ebitda": -14400000, "ebitdaratio": -0.3469879518, "operatingIncome": -26700000, "operatingIncomeRatio": -0.643373494, "totalOtherIncomeExpensesNet": -2100000, "incomeBeforeTax": -37900000, "incomeBeforeTaxRatio": -0.913253012, "incomeTaxExpense": -4200000, "netIncome": -30900000, "netIncomeRatio": -0.7445783133, "eps": -2.04, "epsdiluted": -2.04, "weightedAverageShsOut": 15176150, "weightedAverageShsOutDil": 15176150, "link": "https://www.sec.gov/Archives/edgar/data/1029199/000095010900000957/0000950109-00-000957-index.html", "finalLink": "https://www.sec.gov/Archives/edgar/data/1029199/000095010900000957/", "calculatedOtherExpenses": 10200000, "calculatedOperatingExpenses": 45400000, "calculatedNetInterest": 0, "calculatedOtherIncome": -11200000, "calculatedIncomeNonControlling": -2800000, "calculatedEbitda": -16500000}, {"date": "1998-12-31", "symbol": "EEFT", "reportedCurrency": "USD", "cik": "0001029199", "fillingDate": "1999-03-31", "acceptedDate": "1999-03-31 00:00:00", "calendarYear": "1998", "period": "FY", "revenue": 11900000, "costOfRevenue": 9900000, "grossProfit": 2000000, "grossProfitRatio": 0.1680672269, "researchAndDevelopmentExpenses": 0, "generalAndAdministrativeExpenses": 18500000, "sellingAndMarketingExpenses": 0, "sellingGeneralAndAdministrativeExpenses": 18500000, "otherExpenses": 5100000, "operatingExpenses": 23600000, "costAndExpenses": 33500000, "interestIncome": 0, "interestExpense": 0, "depreciationAndAmortization": 5100000, "ebitda": -16100000, "ebitdaratio": -1.3529411765, "operatingIncome": -21600000, "operatingIncomeRatio": -1.8151260504, "totalOtherIncomeExpensesNet": -400000, "incomeBeforeTax": -29900000, "incomeBeforeTaxRatio": -2.512605042, "incomeTaxExpense": 1400000, "netIncome": -28400000, "netIncomeRatio": -2.3865546218, "eps": -1.88, "epsdiluted": -1.88, "weightedAverageShsOut": 15105126, "weightedAverageShsOutDil": 15145512, "link": "https://www.sec.gov/Archives/edgar/data/1029199/000102140899000597/0001021408-99-000597-index.html", "finalLink": "https://www.sec.gov/Archives/edgar/data/1029199/", "calculatedOtherExpenses": 5100000, "calculatedOperatingExpenses": 23600000, "calculatedNetInterest": 0, "calculatedOtherIncome": -8300000, "calculatedIncomeNonControlling": -2900000, "calculatedEbitda": -16500000}, {"date": "1997-12-31", "symbol": "EEFT", "reportedCurrency": "USD", "cik": "0001029199", "fillingDate": "1998-03-31", "acceptedDate": "1998-03-31 00:00:00", "calendarYear": "1997", "period": "FY", "revenue": 5300000, "costOfRevenue": 8200000, "grossProfit": -2900000, "grossProfitRatio": -0.5471698113, "researchAndDevelopmentExpenses": 0, "generalAndAdministrativeExpenses": 3800000, "sellingAndMarketingExpenses": 0, "sellingGeneralAndAdministrativeExpenses": 3800000, "otherExpenses": 1800000, "operatingExpenses": 5600000, "costAndExpenses": 13800000, "interestIncome": 0, "interestExpense": 0, "depreciationAndAmortization": 1800000, "ebitda": -8100000, "ebitdaratio": -1.5283018868, "operatingIncome": -8500000, "operatingIncomeRatio": -1.6037735849, "totalOtherIncomeExpensesNet": 1400000, "incomeBeforeTax": -8100000, "incomeBeforeTaxRatio": -1.5283018868, "incomeTaxExpense": -100000, "netIncome": -8000000, "netIncomeRatio": -1.5094339623, "eps": -0.56, "epsdiluted": -0.48, "weightedAverageShsOut": 14214642, "weightedAverageShsOutDil": 16583749, "link": "https://www.sec.gov/Archives/edgar/data/1029199/000092838598000652/0000928385-98-000652-index.html", "finalLink": "https://www.sec.gov/Archives/edgar/data/1029199/", "calculatedOtherExpenses": 1800000, "calculatedOperatingExpenses": 5600000, "calculatedNetInterest": 0, "calculatedOtherIncome": 400000, "calculatedIncomeNonControlling": 0, "calculatedEbitda": -6700000}, {"date": "1996-12-31", "symbol": "EEFT", "reportedCurrency": "USD", "cik": "0001029199", "fillingDate": "1996-12-31", "acceptedDate": "1996-12-30 19:00:00", "calendarYear": "1996", "period": "FY", "revenue": 1300000, "costOfRevenue": 800000, "grossProfit": 500000, "grossProfitRatio": 0.3846153846, "researchAndDevelopmentExpenses": 0, "generalAndAdministrativeExpenses": 7600000, "sellingAndMarketingExpenses": 0, "sellingGeneralAndAdministrativeExpenses": 7600000, "otherExpenses": 500000, "operatingExpenses": 8100000, "costAndExpenses": 8900000, "interestIncome": 0, "interestExpense": -200000, "depreciationAndAmortization": 500000, "ebitda": -7600000, "ebitdaratio": -5.8461538462, "operatingIncome": -7700000, "operatingIncomeRatio": -5.9230769231, "totalOtherIncomeExpensesNet": -200000, "incomeBeforeTax": -7900000, "incomeBeforeTaxRatio": -6.0769230769, "incomeTaxExpense": -300000, "netIncome": -7600000, "netIncomeRatio": -5.8461538462, "eps": -0.73, "epsdiluted": -0.73, "weightedAverageShsOut": 10400000, "weightedAverageShsOutDil": 10400000, "link": "", "finalLink": "", "calculatedOtherExpenses": 600000, "calculatedOperatingExpenses": 8200000, "calculatedNetInterest": 200000, "calculatedOtherIncome": -400000, "calculatedIncomeNonControlling": 0, "calculatedEbitda": -7200000}]}