{"originalCurrency": "USD", "convertedCurrency": "USD", "report": [{"date": "2023-12-31", "symbol": "EGO", "reportedCurrency": "USD", "cik": "0000918608", "fillingDate": "2023-12-31", "acceptedDate": "2023-12-29 19:00:00", "calendarYear": "2023", "period": "FY", "revenue": 1025368407, "costOfRevenue": 800506977, "grossProfit": 224861430, "grossProfitRatio": 0.2192981844, "researchAndDevelopmentExpenses": 0, "generalAndAdministrativeExpenses": 54211000, "sellingAndMarketingExpenses": -2303216, "sellingGeneralAndAdministrativeExpenses": 51907784, "otherExpenses": 0, "operatingExpenses": 51907784, "costAndExpenses": 852414761, "interestIncome": 23953000, "interestExpense": 30507000, "depreciationAndAmortization": 273542099, "ebitda": 446495738, "ebitdaratio": 0.4354490883, "operatingIncome": 172953642, "operatingIncomeRatio": 0.1686746352, "totalOtherIncomeExpensesNet": -6592722, "incomeBeforeTax": 166360920, "incomeBeforeTaxRatio": 0.1622450222, "incomeTaxExpense": 58630857, "netIncome": 104630000, "netIncomeRatio": 0.1020413729, "eps": 0.53, "epsdiluted": 0.53, "weightedAverageShsOut": 194448000, "weightedAverageShsOutDil": 195329000, "link": null, "finalLink": null, "calculatedOtherExpenses": 4, "calculatedOperatingExpenses": 51907788, "calculatedNetInterest": -6554000, "calculatedOtherIncome": -38722, "calculatedIncomeNonControlling": 3100063, "calculatedEbitda": 446495741}, {"date": "2022-12-31", "symbol": "EGO", "reportedCurrency": "USD", "cik": "0000918608", "fillingDate": "2022-12-31", "acceptedDate": "2022-12-31 00:00:00", "calendarYear": "2022", "period": "FY", "revenue": 871461000, "costOfRevenue": 699771000, "grossProfit": 171690000, "grossProfitRatio": 0.19701398, "researchAndDevelopmentExpenses": 0, "generalAndAdministrativeExpenses": 53741000, "sellingAndMarketingExpenses": 0, "sellingGeneralAndAdministrativeExpenses": 53741000, "otherExpenses": 55995000, "operatingExpenses": 109736000, "costAndExpenses": 809507000, "interestIncome": 8856000, "interestExpense": 35216000, "depreciationAndAmortization": 242393000, "ebitda": 313203000, "ebitdaratio": 0.3593999043, "operatingIncome": 70810000, "operatingIncomeRatio": 0.0812543533, "totalOtherIncomeExpensesNet": -58954000, "incomeBeforeTax": 11856000, "incomeBeforeTaxRatio": 0.0136047396, "incomeTaxExpense": 61224000, "netIncome": -49368000, "netIncomeRatio": -0.0566496952, "eps": -0.27, "epsdiluted": -0.27, "weightedAverageShsOut": 183446000, "weightedAverageShsOutDil": 183446000, "link": null, "finalLink": null, "calculatedOtherExpenses": 47139000, "calculatedOperatingExpenses": 100880000, "calculatedNetInterest": -26360000, "calculatedOtherIncome": -32594000, "calculatedIncomeNonControlling": 0, "calculatedEbitda": 313203000}, {"date": "2021-12-31", "symbol": "EGO", "reportedCurrency": "USD", "cik": "0000918608", "fillingDate": "2021-12-31", "acceptedDate": "2021-12-31 00:00:00", "calendarYear": "2021", "period": "FY", "revenue": 943474000, "costOfRevenue": 650706000, "grossProfit": 292768000, "grossProfitRatio": 0.3103084982, "researchAndDevelopmentExpenses": 0, "generalAndAdministrativeExpenses": 46919000, "sellingAndMarketingExpenses": 0, "sellingGeneralAndAdministrativeExpenses": 46919000, "otherExpenses": 36725000, "operatingExpenses": 83644000, "costAndExpenses": 734350000, "interestIncome": 2830000, "interestExpense": 67712000, "depreciationAndAmortization": 205582000, "ebitda": 418513000, "ebitdaratio": 0.4435872107, "operatingIncome": 212931000, "operatingIncomeRatio": 0.2256882543, "totalOtherIncomeExpensesNet": -61865000, "incomeBeforeTax": 151066000, "incomeBeforeTaxRatio": 0.16011676, "incomeTaxExpense": 139970000, "netIncome": 11096000, "netIncomeRatio": 0.0117607904, "eps": 0.0615, "epsdiluted": 0.0615, "weightedAverageShsOut": 180297000, "weightedAverageShsOutDil": 180297000, "link": null, "finalLink": null, "calculatedOtherExpenses": 32918000, "calculatedOperatingExpenses": 79837000, "calculatedNetInterest": -64882000, "calculatedOtherIncome": 3017000, "calculatedIncomeNonControlling": 0, "calculatedEbitda": 418513000}, {"date": "2020-12-31", "symbol": "EGO", "reportedCurrency": "USD", "cik": "0000918608", "fillingDate": "2020-12-31", "acceptedDate": "2020-12-31 00:00:00", "calendarYear": "2020", "period": "FY", "revenue": 1026685000, "costOfRevenue": 691834000, "grossProfit": 334851000, "grossProfitRatio": 0.3261477474, "researchAndDevelopmentExpenses": 0, "generalAndAdministrativeExpenses": 42102000, "sellingAndMarketingExpenses": 0, "sellingGeneralAndAdministrativeExpenses": 42102000, "otherExpenses": 30313000, "operatingExpenses": 72415000, "costAndExpenses": 764249000, "interestIncome": 1310000, "interestExpense": 48472000, "depreciationAndAmortization": 286437000, "ebitda": 515152000, "ebitdaratio": 0.5017624685, "operatingIncome": 228715000, "operatingIncomeRatio": 0.2227703726, "totalOtherIncomeExpensesNet": -52220000, "incomeBeforeTax": 176495000, "incomeBeforeTaxRatio": 0.1719076445, "incomeTaxExpense": 79134000, "netIncome": 124795000, "netIncomeRatio": 0.1215514009, "eps": 0.77, "epsdiluted": 0.76, "weightedAverageShsOut": 171047000, "weightedAverageShsOutDil": 175231000, "link": null, "finalLink": null, "calculatedOtherExpenses": 64034000, "calculatedOperatingExpenses": 106136000, "calculatedNetInterest": -47162000, "calculatedOtherIncome": -5058000, "calculatedIncomeNonControlling": -27434000, "calculatedEbitda": 515152000}, {"date": "2019-12-31", "symbol": "EGO", "reportedCurrency": "USD", "cik": "0000918608", "fillingDate": "2019-12-31", "acceptedDate": "2019-12-31 00:00:00", "calendarYear": "2019", "period": "FY", "revenue": 615921000, "costOfRevenue": 487957000, "grossProfit": 127964000, "grossProfitRatio": 0.2077604108, "researchAndDevelopmentExpenses": 0, "generalAndAdministrativeExpenses": 42293000, "sellingAndMarketingExpenses": 0, "sellingGeneralAndAdministrativeExpenses": 42293000, "otherExpenses": 34509000, "operatingExpenses": 76802000, "costAndExpenses": 564759000, "interestIncome": 3154000, "interestExpense": 43399000, "depreciationAndAmortization": 155331000, "ebitda": 214163000, "ebitdaratio": 0.3477118007, "operatingIncome": 58832000, "operatingIncomeRatio": 0.0955187435, "totalOtherIncomeExpensesNet": 54624000, "incomeBeforeTax": 113456000, "incomeBeforeTaxRatio": 0.1842054419, "incomeTaxExpense": 39771000, "netIncome": 80586000, "netIncomeRatio": 0.1308382081, "eps": 0.52, "epsdiluted": 0.51, "weightedAverageShsOut": 158856000, "weightedAverageShsOutDil": 161539000, "link": null, "finalLink": null, "calculatedOtherExpenses": 26839000, "calculatedOperatingExpenses": 69132000, "calculatedNetInterest": -40245000, "calculatedOtherIncome": 94869000, "calculatedIncomeNonControlling": -6901000, "calculatedEbitda": 214163000}, {"date": "2018-12-31", "symbol": "EGO", "reportedCurrency": "USD", "cik": "0000918608", "fillingDate": "2018-12-31", "acceptedDate": "2018-12-31 00:00:00", "calendarYear": "2018", "period": "FY", "revenue": 459016000, "costOfRevenue": 375177000, "grossProfit": 83839000, "grossProfitRatio": 0.1826494066, "researchAndDevelopmentExpenses": 0, "generalAndAdministrativeExpenses": 57350000, "sellingAndMarketingExpenses": 0, "sellingGeneralAndAdministrativeExpenses": 57350000, "otherExpenses": 16151000, "operatingExpenses": 109740000, "costAndExpenses": 484917000, "interestIncome": 0, "interestExpense": 874596000, "depreciationAndAmortization": 105732000, "ebitda": 531946000, "ebitdaratio": 1.1588833505, "operatingIncome": -476773000, "operatingIncomeRatio": -1.038684926, "totalOtherIncomeExpensesNet": -435964000, "incomeBeforeTax": -466129000, "incomeBeforeTaxRatio": -1.0154961919, "incomeTaxExpense": -86498000, "netIncome": -361884000, "netIncomeRatio": -0.7883908186, "eps": -2.28, "epsdiluted": -2.28, "weightedAverageShsOut": 158509000, "weightedAverageShsOutDil": 158509000, "link": null, "finalLink": null, "calculatedOtherExpenses": 503262000, "calculatedOperatingExpenses": 560612000, "calculatedNetInterest": -874596000, "calculatedOtherIncome": 885240000, "calculatedIncomeNonControlling": -17747000, "calculatedEbitda": -371041000}, {"date": "2017-12-31", "symbol": "EGO", "reportedCurrency": "USD", "cik": "0000918608", "fillingDate": "2017-12-31", "acceptedDate": "2017-12-31 00:00:00", "calendarYear": "2017", "period": "FY", "revenue": 391406000, "costOfRevenue": 265314000, "grossProfit": 126092000, "grossProfitRatio": 0.3221514233, "researchAndDevelopmentExpenses": 0, "generalAndAdministrativeExpenses": 69243000, "sellingAndMarketingExpenses": 0, "sellingGeneralAndAdministrativeExpenses": 69243000, "otherExpenses": 17575000, "operatingExpenses": 118054000, "costAndExpenses": 383368000, "interestIncome": 0, "interestExpense": 20212000, "depreciationAndAmortization": 72130000, "ebitda": 101790000, "ebitdaratio": 0.2600624416, "operatingIncome": -38541000, "operatingIncomeRatio": -0.0984680868, "totalOtherIncomeExpensesNet": -4047000, "incomeBeforeTax": 792000, "incomeBeforeTaxRatio": 0.0020234743, "incomeTaxExpense": 19383000, "netIncome": -9935000, "netIncomeRatio": -0.0253828505, "eps": -0.066, "epsdiluted": -0.066, "weightedAverageShsOut": 150531000, "weightedAverageShsOutDil": 150531000, "link": null, "finalLink": null, "calculatedOtherExpenses": 95390000, "calculatedOperatingExpenses": 164633000, "calculatedNetInterest": -20212000, "calculatedOtherIncome": 59545000, "calculatedIncomeNonControlling": -8656000, "calculatedEbitda": 33589000}, {"date": "2016-12-31", "symbol": "EGO", "reportedCurrency": "USD", "cik": "0000918608", "fillingDate": "2016-12-31", "acceptedDate": "2016-12-31 00:00:00", "calendarYear": "2016", "period": "FY", "revenue": 432727000, "costOfRevenue": 269556000, "grossProfit": 163171000, "grossProfitRatio": 0.377076078, "researchAndDevelopmentExpenses": 0, "generalAndAdministrativeExpenses": 54012000, "sellingAndMarketingExpenses": 0, "sellingGeneralAndAdministrativeExpenses": 54012000, "otherExpenses": 243000, "operatingExpenses": 90720000, "costAndExpenses": 360276000, "interestIncome": 0, "interestExpense": 5434000, "depreciationAndAmortization": 74887000, "ebitda": 143258000, "ebitdaratio": 0.331058612, "operatingIncome": 67009000, "operatingIncomeRatio": 0.1548528287, "totalOtherIncomeExpensesNet": -13996000, "incomeBeforeTax": 48698000, "incomeBeforeTaxRatio": 0.1125374659, "incomeTaxExpense": 56205000, "netIncome": -344151000, "netIncomeRatio": -0.795307434, "eps": -2.4, "epsdiluted": -2.4, "weightedAverageShsOut": 143317400, "weightedAverageShsOutDil": 143318600, "link": null, "finalLink": null, "calculatedOtherExpenses": 42150000, "calculatedOperatingExpenses": 96162000, "calculatedNetInterest": -5434000, "calculatedOtherIncome": -12877000, "calculatedIncomeNonControlling": 336644000, "calculatedEbitda": 141896000}, {"date": "2015-12-31", "symbol": "EGO", "reportedCurrency": "USD", "cik": "0000918608", "fillingDate": "2015-12-31", "acceptedDate": "2015-12-31 00:00:00", "calendarYear": "2015", "period": "FY", "revenue": 863292000, "costOfRevenue": 660820000, "grossProfit": 202472000, "grossProfitRatio": 0.2345347808, "researchAndDevelopmentExpenses": 0, "generalAndAdministrativeExpenses": 73738000, "sellingAndMarketingExpenses": 0, "sellingGeneralAndAdministrativeExpenses": 73738000, "otherExpenses": 5661000, "operatingExpenses": 104246000, "costAndExpenses": 765066000, "interestIncome": 0, "interestExpense": 10108000, "depreciationAndAmortization": 178978000, "ebitda": 274645000, "ebitdaratio": 0.3181368529, "operatingIncome": -1814273000, "operatingIncomeRatio": -2.1015751333, "totalOtherIncomeExpensesNet": -1909408000, "incomeBeforeTax": -1829510000, "incomeBeforeTaxRatio": -2.1192250131, "incomeTaxExpense": -184368000, "netIncome": -1540895000, "netIncomeRatio": -1.7849059183, "eps": -10.75, "epsdiluted": -10.75, "weightedAverageShsOut": 143317200, "weightedAverageShsOutDil": 143318000, "link": null, "finalLink": null, "calculatedOtherExpenses": 1943007000, "calculatedOperatingExpenses": 2016745000, "calculatedNetInterest": -10108000, "calculatedOtherIncome": -5129000, "calculatedIncomeNonControlling": -104247000, "calculatedEbitda": -1635295000}, {"date": "2014-12-31", "symbol": "EGO", "reportedCurrency": "USD", "cik": "0000918608", "fillingDate": "2014-12-31", "acceptedDate": "2014-12-31 00:00:00", "calendarYear": "2014", "period": "FY", "revenue": 1067899000, "costOfRevenue": 698976000, "grossProfit": 368923000, "grossProfitRatio": 0.3454661911, "researchAndDevelopmentExpenses": 0, "generalAndAdministrativeExpenses": 88591000, "sellingAndMarketingExpenses": 0, "sellingGeneralAndAdministrativeExpenses": 88591000, "otherExpenses": 9436000, "operatingExpenses": 107147000, "costAndExpenses": 806123000, "interestIncome": 0, "interestExpense": 23039000, "depreciationAndAmortization": 177227000, "ebitda": 442597000, "ebitdaratio": 0.4144558615, "operatingIncome": 256926000, "operatingIncomeRatio": 0.2405901682, "totalOtherIncomeExpensesNet": -5184000, "incomeBeforeTax": 227813000, "incomeBeforeTaxRatio": 0.2133282267, "incomeTaxExpense": 121269000, "netIncome": 102607000, "netIncomeRatio": 0.0960830565, "eps": 0.7, "epsdiluted": 0.7, "weightedAverageShsOut": 143257600, "weightedAverageShsOutDil": 143260000, "link": null, "finalLink": null, "calculatedOtherExpenses": 23406000, "calculatedOperatingExpenses": 111997000, "calculatedNetInterest": -23039000, "calculatedOtherIncome": -6074000, "calculatedIncomeNonControlling": 3937000, "calculatedEbitda": 434153000}, {"date": "2013-12-31", "symbol": "EGO", "reportedCurrency": "USD", "cik": "0000918608", "fillingDate": "2013-12-31", "acceptedDate": "2013-12-31 00:00:00", "calendarYear": "2013", "period": "FY", "revenue": 1123992000, "costOfRevenue": 630960000, "grossProfit": 493032000, "grossProfitRatio": 0.4386436914, "researchAndDevelopmentExpenses": 0, "generalAndAdministrativeExpenses": 90261000, "sellingAndMarketingExpenses": 0, "sellingGeneralAndAdministrativeExpenses": 90261000, "otherExpenses": 6201000, "operatingExpenses": 126284000, "costAndExpenses": 757244000, "interestIncome": 0, "interestExpense": 34101000, "depreciationAndAmortization": 149068000, "ebitda": 514421000, "ebitdaratio": 0.4576731863, "operatingIncome": -447128000, "operatingIncomeRatio": -0.3978035431, "totalOtherIncomeExpensesNet": -831589000, "incomeBeforeTax": -505253000, "incomeBeforeTaxRatio": -0.4495165446, "incomeTaxExpense": 144362000, "netIncome": -653329000, "netIncomeRatio": -0.5812576958, "eps": -4.57, "epsdiluted": -4.57, "weightedAverageShsOut": 143036200, "weightedAverageShsOutDil": 143036200, "link": null, "finalLink": null, "calculatedOtherExpenses": 849899000, "calculatedOperatingExpenses": 940160000, "calculatedNetInterest": -34101000, "calculatedOtherIncome": -24024000, "calculatedIncomeNonControlling": 3714000, "calculatedEbitda": -298060000}, {"date": "2012-12-31", "symbol": "EGO", "reportedCurrency": "USD", "cik": "0000918608", "fillingDate": "2012-12-31", "acceptedDate": "2012-12-31 00:00:00", "calendarYear": "2012", "period": "FY", "revenue": 1147541000, "costOfRevenue": 541475000, "grossProfit": 606066000, "grossProfitRatio": 0.528143221, "researchAndDevelopmentExpenses": 0, "generalAndAdministrativeExpenses": 93829000, "sellingAndMarketingExpenses": 0, "sellingGeneralAndAdministrativeExpenses": 93829000, "otherExpenses": 6870000, "operatingExpenses": 135192000, "costAndExpenses": 676667000, "interestIncome": 0, "interestExpense": 4203000, "depreciationAndAmortization": 113529000, "ebitda": 582866000, "ebitdaratio": 0.5079260785, "operatingIncome": 454249000, "operatingIncomeRatio": 0.3958455515, "totalOtherIncomeExpensesNet": -17557000, "incomeBeforeTax": 446334000, "incomeBeforeTaxRatio": 0.3889481944, "incomeTaxExpense": 128276000, "netIncome": 305302000, "netIncomeRatio": 0.2660488819, "eps": 2.2, "epsdiluted": 2.2, "weightedAverageShsOut": 137801400, "weightedAverageShsOutDil": 138133800, "link": null, "finalLink": null, "calculatedOtherExpenses": 57988000, "calculatedOperatingExpenses": 151817000, "calculatedNetInterest": -4203000, "calculatedOtherIncome": -3712000, "calculatedIncomeNonControlling": 12756000, "calculatedEbitda": 567778000}, {"date": "2011-12-31", "symbol": "EGO", "reportedCurrency": "USD", "cik": "0000918608", "fillingDate": "2011-12-31", "acceptedDate": "2011-12-31 00:00:00", "calendarYear": "2011", "period": "FY", "revenue": 1098933000, "costOfRevenue": 499671000, "grossProfit": 599262000, "grossProfitRatio": 0.5453125896, "researchAndDevelopmentExpenses": 0, "generalAndAdministrativeExpenses": 81049000, "sellingAndMarketingExpenses": 0, "sellingGeneralAndAdministrativeExpenses": 81049000, "otherExpenses": -1546000, "operatingExpenses": 82595000, "costAndExpenses": 582266000, "interestIncome": 0, "interestExpense": 5331000, "depreciationAndAmortization": 122414000, "ebitda": 639081000, "ebitdaratio": 0.5815468277, "operatingIncome": 512846000, "operatingIncomeRatio": 0.4666763124, "totalOtherIncomeExpensesNet": -72000, "incomeBeforeTax": 512810000, "incomeBeforeTaxRatio": 0.4666435533, "incomeTaxExpense": 165587000, "netIncome": 318662000, "netIncomeRatio": 0.2899740021, "eps": 2.9, "epsdiluted": 2.9, "weightedAverageShsOut": 109958200, "weightedAverageShsOutDil": 110325000, "link": null, "finalLink": null, "calculatedOtherExpenses": 5367000, "calculatedOperatingExpenses": 86416000, "calculatedNetInterest": -5331000, "calculatedOtherIncome": 5295000, "calculatedIncomeNonControlling": 28561000, "calculatedEbitda": 635260000}, {"date": "2010-12-31", "symbol": "EGO", "reportedCurrency": "USD", "cik": "0000918608", "fillingDate": "2010-12-31", "acceptedDate": "2010-12-31 00:00:00", "calendarYear": "2010", "period": "FY", "revenue": 791175000, "costOfRevenue": 306981000, "grossProfit": 484194000, "grossProfitRatio": 0.6119935539, "researchAndDevelopmentExpenses": 0, "generalAndAdministrativeExpenses": 62217000, "sellingAndMarketingExpenses": -884000, "sellingGeneralAndAdministrativeExpenses": 61333000, "otherExpenses": 108355000, "operatingExpenses": 182916000, "costAndExpenses": 489897000, "interestIncome": 12937000, "interestExpense": 8089000, "depreciationAndAmortization": 106791000, "ebitda": 421006000, "ebitdaratio": 0.5321275318, "operatingIncome": 301278000, "operatingIncomeRatio": 0.3807981799, "totalOtherIncomeExpensesNet": 7164000, "incomeBeforeTax": 313290000, "incomeBeforeTaxRatio": 0.3959806617, "incomeTaxExpense": 89770000, "netIncome": 206063000, "netIncomeRatio": 0.2604518596, "eps": 1.9, "epsdiluted": 1.9, "weightedAverageShsOut": 108572200, "weightedAverageShsOutDil": 109170000, "link": null, "finalLink": null, "calculatedOtherExpenses": 121583000, "calculatedOperatingExpenses": 182916000, "calculatedNetInterest": 4848000, "calculatedOtherIncome": 7164000, "calculatedIncomeNonControlling": 17457000, "calculatedEbitda": 408069000}, {"date": "2009-12-31", "symbol": "EGO", "reportedCurrency": "USD", "cik": "0000918608", "fillingDate": "2009-12-31", "acceptedDate": "2009-12-31 00:00:00", "calendarYear": "2009", "period": "FY", "revenue": 360729000, "costOfRevenue": 147014000, "grossProfit": 213715000, "grossProfitRatio": 0.5924530603, "researchAndDevelopmentExpenses": 0, "generalAndAdministrativeExpenses": 32530000, "sellingAndMarketingExpenses": 0, "sellingGeneralAndAdministrativeExpenses": 32530000, "otherExpenses": 35983000, "operatingExpenses": 68513000, "costAndExpenses": 215527000, "interestIncome": 2262000, "interestExpense": 824000, "depreciationAndAmortization": 38658000, "ebitda": 183860000, "ebitdaratio": 0.5096900998, "operatingIncome": 145202000, "operatingIncomeRatio": 0.4025237782, "totalOtherIncomeExpensesNet": 2543000, "incomeBeforeTax": 146921000, "incomeBeforeTaxRatio": 0.4072891284, "incomeTaxExpense": 41890000, "netIncome": 102404000, "netIncomeRatio": 0.2838806971, "eps": 1.3, "epsdiluted": 1.3, "weightedAverageShsOut": 77876800, "weightedAverageShsOutDil": 78341400, "link": null, "finalLink": null, "calculatedOtherExpenses": 35983000, "calculatedOperatingExpenses": 68513000, "calculatedNetInterest": 1438000, "calculatedOtherIncome": 281000, "calculatedIncomeNonControlling": 2627000, "calculatedEbitda": 183860000}, {"date": "2008-12-31", "symbol": "EGO", "reportedCurrency": "USD", "cik": "0000918608", "fillingDate": "2008-12-31", "acceptedDate": "2008-12-31 00:00:00", "calendarYear": "2008", "period": "FY", "revenue": 288231000, "costOfRevenue": 104320000, "grossProfit": 183911000, "grossProfitRatio": 0.6380680773, "researchAndDevelopmentExpenses": 0, "generalAndAdministrativeExpenses": 38299000, "sellingAndMarketingExpenses": 0, "sellingGeneralAndAdministrativeExpenses": 38299000, "otherExpenses": 25995000, "operatingExpenses": 64294000, "costAndExpenses": 168614000, "interestIncome": 0, "interestExpense": -121115000, "depreciationAndAmortization": 25995000, "ebitda": 81035000, "ebitdaratio": 0.2811460252, "operatingIncome": 119617000, "operatingIncomeRatio": 0.4150039378, "totalOtherIncomeExpensesNet": 64577000, "incomeBeforeTax": 176155000, "incomeBeforeTaxRatio": 0.611159105, "incomeTaxExpense": 12499000, "netIncome": 163656000, "netIncomeRatio": 0.5677945814, "eps": 2.3, "epsdiluted": 2.3, "weightedAverageShsOut": 71026400, "weightedAverageShsOutDil": 71261600, "link": null, "finalLink": null, "calculatedOtherExpenses": 25995000, "calculatedOperatingExpenses": 64294000, "calculatedNetInterest": 121115000, "calculatedOtherIncome": -64577000, "calculatedIncomeNonControlling": 0, "calculatedEbitda": 145612000}, {"date": "2007-12-31", "symbol": "EGO", "reportedCurrency": "USD", "cik": "0000918608", "fillingDate": "2007-12-31", "acceptedDate": "2007-12-31 00:00:00", "calendarYear": "2007", "period": "FY", "revenue": 188690000, "costOfRevenue": 84321000, "grossProfit": 104369000, "grossProfitRatio": 0.5531241719, "researchAndDevelopmentExpenses": 0, "generalAndAdministrativeExpenses": 26797000, "sellingAndMarketingExpenses": 0, "sellingGeneralAndAdministrativeExpenses": 26797000, "otherExpenses": 20040000, "operatingExpenses": 46837000, "costAndExpenses": 131158000, "interestIncome": 0, "interestExpense": -3355000, "depreciationAndAmortization": 20040000, "ebitda": 74188000, "ebitdaratio": 0.3931739891, "operatingIncome": 57532000, "operatingIncomeRatio": 0.3049022206, "totalOtherIncomeExpensesNet": 3384000, "incomeBeforeTax": 57502000, "incomeBeforeTaxRatio": 0.3047432296, "incomeTaxExpense": 22083000, "netIncome": 35420000, "netIncomeRatio": 0.1877153002, "eps": 0.5, "epsdiluted": 0.5, "weightedAverageShsOut": 68638800, "weightedAverageShsOutDil": 68924200, "link": null, "finalLink": null, "calculatedOtherExpenses": 20040000, "calculatedOperatingExpenses": 46837000, "calculatedNetInterest": 3355000, "calculatedOtherIncome": -3385000, "calculatedIncomeNonControlling": -1000, "calculatedEbitda": 77572000}, {"date": "2006-12-31", "symbol": "EGO", "reportedCurrency": "USD", "cik": "0000918608", "fillingDate": "2006-12-31", "acceptedDate": "2006-12-31 00:00:00", "calendarYear": "2006", "period": "FY", "revenue": 84689000, "costOfRevenue": 58569000, "grossProfit": 26120000, "grossProfitRatio": 0.3084225814, "researchAndDevelopmentExpenses": 0, "generalAndAdministrativeExpenses": 19030000, "sellingAndMarketingExpenses": 0, "sellingGeneralAndAdministrativeExpenses": 19030000, "otherExpenses": 1763000, "operatingExpenses": 20793000, "costAndExpenses": 79362000, "interestIncome": 0, "interestExpense": 1290000, "depreciationAndAmortization": 1763000, "ebitda": 6942000, "ebitdaratio": 0.0819705038, "operatingIncome": 3141000, "operatingIncomeRatio": 0.037088642, "totalOtherIncomeExpensesNet": 148000, "incomeBeforeTax": 3889000, "incomeBeforeTaxRatio": 0.0459209579, "incomeTaxExpense": 589000, "netIncome": 3300000, "netIncomeRatio": 0.0389660995, "eps": 0.05, "epsdiluted": 0.05, "weightedAverageShsOut": 67475200, "weightedAverageShsOutDil": 67835400, "link": null, "finalLink": null, "calculatedOtherExpenses": 3949000, "calculatedOperatingExpenses": 22979000, "calculatedNetInterest": -1290000, "calculatedOtherIncome": 2038000, "calculatedIncomeNonControlling": 0, "calculatedEbitda": 4904000}, {"date": "2005-12-31", "symbol": "EGO", "reportedCurrency": "USD", "cik": "0000918608", "fillingDate": "2005-12-31", "acceptedDate": "2005-12-31 00:00:00", "calendarYear": "2005", "period": "FY", "revenue": 33797000, "costOfRevenue": 42764000, "grossProfit": -8967000, "grossProfitRatio": -0.265319407, "researchAndDevelopmentExpenses": 0, "generalAndAdministrativeExpenses": 14937000, "sellingAndMarketingExpenses": 0, "sellingGeneralAndAdministrativeExpenses": 14937000, "otherExpenses": 9798000, "operatingExpenses": 24735000, "costAndExpenses": 67499000, "interestIncome": 0, "interestExpense": 29770000, "depreciationAndAmortization": 9798000, "ebitda": -9063000, "ebitdaratio": -0.2681598958, "operatingIncome": -33702000, "operatingIncomeRatio": -0.9971890996, "totalOtherIncomeExpensesNet": -14841000, "incomeBeforeTax": -48631000, "incomeBeforeTaxRatio": -1.4389146966, "incomeTaxExpense": 495000, "netIncome": -49126000, "netIncomeRatio": -1.4535609669, "eps": -0.86, "epsdiluted": -0.86, "weightedAverageShsOut": 56800800, "weightedAverageShsOutDil": 56800800, "link": null, "finalLink": null, "calculatedOtherExpenses": 9798000, "calculatedOperatingExpenses": 24735000, "calculatedNetInterest": -29770000, "calculatedOtherIncome": 14841000, "calculatedIncomeNonControlling": 0, "calculatedEbitda": -23904000}, {"date": "2004-12-31", "symbol": "EGO", "reportedCurrency": "USD", "cik": "0000918608", "fillingDate": "2004-12-31", "acceptedDate": "2004-12-31 00:00:00", "calendarYear": "2004", "period": "FY", "revenue": 35915000, "costOfRevenue": 36595000, "grossProfit": -680000, "grossProfitRatio": -0.0189335932, "researchAndDevelopmentExpenses": 0, "generalAndAdministrativeExpenses": 9251000, "sellingAndMarketingExpenses": 0, "sellingGeneralAndAdministrativeExpenses": 9251000, "otherExpenses": 4431000, "operatingExpenses": 13682000, "costAndExpenses": 50277000, "interestIncome": 0, "interestExpense": 433000, "depreciationAndAmortization": 4760000, "ebitda": -9398000, "ebitdaratio": -0.2616733955, "operatingIncome": -14362000, "operatingIncomeRatio": -0.3998886259, "totalOtherIncomeExpensesNet": -204000, "incomeBeforeTax": -14591000, "incomeBeforeTaxRatio": -0.4062647919, "incomeTaxExpense": -649000, "netIncome": -13942000, "netIncomeRatio": -0.3881943478, "eps": -0.27, "epsdiluted": -0.27, "weightedAverageShsOut": 51528642, "weightedAverageShsOutDil": 51528642, "link": null, "finalLink": null, "calculatedOtherExpenses": 4431000, "calculatedOperatingExpenses": 13682000, "calculatedNetInterest": -433000, "calculatedOtherIncome": 204000, "calculatedIncomeNonControlling": 0, "calculatedEbitda": -9602000}, {"date": "2003-12-31", "symbol": "EGO", "reportedCurrency": "USD", "cik": "0000918608", "fillingDate": "2003-12-31", "acceptedDate": "2003-12-31 00:00:00", "calendarYear": "2003", "period": "FY", "revenue": 38230000, "costOfRevenue": 24560000, "grossProfit": 13670000, "grossProfitRatio": 0.357572587, "researchAndDevelopmentExpenses": 0, "generalAndAdministrativeExpenses": 6785000, "sellingAndMarketingExpenses": 0, "sellingGeneralAndAdministrativeExpenses": 6785000, "otherExpenses": 10322000, "operatingExpenses": 17107000, "costAndExpenses": 41667000, "interestIncome": 0, "interestExpense": 79986000, "depreciationAndAmortization": 8036000, "ebitda": 45450000, "ebitdaratio": 1.1888569187, "operatingIncome": -3437000, "operatingIncomeRatio": -0.0899032174, "totalOtherIncomeExpensesNet": -38565000, "incomeBeforeTax": -42572000, "incomeBeforeTaxRatio": -1.1135757259, "incomeTaxExpense": 2463000, "netIncome": -45035000, "netIncomeRatio": -1.1780015694, "eps": -1.02, "epsdiluted": -1.02, "weightedAverageShsOut": 44354069, "weightedAverageShsOutDil": 44354069, "link": null, "finalLink": null, "calculatedOtherExpenses": 10322000, "calculatedOperatingExpenses": 17107000, "calculatedNetInterest": -79986000, "calculatedOtherIncome": 40851000, "calculatedIncomeNonControlling": 0, "calculatedEbitda": 4599000}, {"date": "2002-12-31", "symbol": "EGO", "reportedCurrency": "USD", "cik": "0000918608", "fillingDate": "2002-12-31", "acceptedDate": "2002-12-31 00:00:00", "calendarYear": "2002", "period": "FY", "revenue": 39296000, "costOfRevenue": 20105000, "grossProfit": 19191000, "grossProfitRatio": 0.4883703176, "researchAndDevelopmentExpenses": 0, "generalAndAdministrativeExpenses": 3238000, "sellingAndMarketingExpenses": 0, "sellingGeneralAndAdministrativeExpenses": 3238000, "otherExpenses": 10337000, "operatingExpenses": 13575000, "costAndExpenses": 33680000, "interestIncome": 0, "interestExpense": 7112000, "depreciationAndAmortization": 6787000, "ebitda": 17156000, "ebitdaratio": 0.4365838762, "operatingIncome": 5201000, "operatingIncomeRatio": 0.1323544381, "totalOtherIncomeExpensesNet": -1203000, "incomeBeforeTax": 3257000, "incomeBeforeTaxRatio": 0.0828837541, "incomeTaxExpense": 1121000, "netIncome": 2136000, "netIncomeRatio": 0.0543566775, "eps": 0.05, "epsdiluted": 0.05, "weightedAverageShsOut": 29519496, "weightedAverageShsOutDil": 29519496, "link": null, "finalLink": null, "calculatedOtherExpenses": 10752000, "calculatedOperatingExpenses": 13990000, "calculatedNetInterest": -7112000, "calculatedOtherIncome": 5168000, "calculatedIncomeNonControlling": 0, "calculatedEbitda": 11988000}, {"date": "2001-12-31", "symbol": "EGO", "reportedCurrency": "USD", "cik": "0000918608", "fillingDate": "2001-12-31", "acceptedDate": "2001-12-31 00:00:00", "calendarYear": "2001", "period": "FY", "revenue": 34467898, "costOfRevenue": 23261717, "grossProfit": 11206181, "grossProfitRatio": 0.3251193618, "researchAndDevelopmentExpenses": 0, "generalAndAdministrativeExpenses": 3296268, "sellingAndMarketingExpenses": 0, "sellingGeneralAndAdministrativeExpenses": 3296268, "otherExpenses": 8991079, "operatingExpenses": 12287347, "costAndExpenses": 35549064, "interestIncome": 0, "interestExpense": 5767685, "depreciationAndAmortization": 6199899, "ebitda": 8438246, "ebitdaratio": 0.2448146388, "operatingIncome": -1486996, "operatingIncomeRatio": -0.0431414762, "totalOtherIncomeExpensesNet": -528333, "incomeBeforeTax": -3529338, "incomeBeforeTaxRatio": -0.1023949299, "incomeTaxExpense": 358085, "netIncome": -3887423, "netIncomeRatio": -0.1127838721, "eps": -0.19, "epsdiluted": -0.19, "weightedAverageShsOut": 19947281, "weightedAverageShsOutDil": 19947281, "link": null, "finalLink": null, "calculatedOtherExpenses": 9396909, "calculatedOperatingExpenses": 12693177, "calculatedNetInterest": -5767685, "calculatedOtherIncome": 3725343, "calculatedIncomeNonControlling": 0, "calculatedEbitda": 4712903}, {"date": "2000-12-31", "symbol": "EGO", "reportedCurrency": "USD", "cik": "0000918608", "fillingDate": "2000-12-31", "acceptedDate": "2000-12-31 00:00:00", "calendarYear": "2000", "period": "FY", "revenue": 51451527, "costOfRevenue": 34549273, "grossProfit": 16902254, "grossProfitRatio": 0.3285083065, "researchAndDevelopmentExpenses": 0, "generalAndAdministrativeExpenses": 3836512, "sellingAndMarketingExpenses": 0, "sellingGeneralAndAdministrativeExpenses": 3836512, "otherExpenses": 11368183, "operatingExpenses": 15204695, "costAndExpenses": 49753968, "interestIncome": 0, "interestExpense": -513402, "depreciationAndAmortization": 11368182, "ebitda": 12251632, "ebitdaratio": 0.238119891, "operatingIncome": 1935591, "operatingIncomeRatio": 0.0376196998, "totalOtherIncomeExpensesNet": 814109, "incomeBeforeTax": 1396852, "incomeBeforeTaxRatio": 0.027148893, "incomeTaxExpense": 290705, "netIncome": 1106147, "netIncomeRatio": 0.0214988177, "eps": 0.05, "epsdiluted": 0.05, "weightedAverageShsOut": 15974842, "weightedAverageShsOutDil": 15974842, "link": null, "finalLink": null, "calculatedOtherExpenses": 11130151, "calculatedOperatingExpenses": 14966663, "calculatedNetInterest": 513402, "calculatedOtherIncome": -1052141, "calculatedIncomeNonControlling": 0, "calculatedEbitda": 13303773}, {"date": "1999-12-31", "symbol": "EGO", "reportedCurrency": "USD", "cik": "0000918608", "fillingDate": "1999-12-31", "acceptedDate": "1999-12-31 00:00:00", "calendarYear": "1999", "period": "FY", "revenue": 60482477, "costOfRevenue": 40575101, "grossProfit": 19907376, "grossProfitRatio": 0.3291428689, "researchAndDevelopmentExpenses": 0, "generalAndAdministrativeExpenses": 0, "sellingAndMarketingExpenses": 0, "sellingGeneralAndAdministrativeExpenses": 4009124, "otherExpenses": 10714040, "operatingExpenses": 14723164, "costAndExpenses": 55298265, "interestIncome": 0, "interestExpense": -483861, "depreciationAndAmortization": 10714039, "ebitda": 15690882, "ebitdaratio": 0.2594285614, "operatingIncome": 4976844, "operatingIncomeRatio": 0.0822857172, "totalOtherIncomeExpensesNet": 207369, "incomeBeforeTax": 5460704, "incomeBeforeTaxRatio": 0.0902857203, "incomeTaxExpense": 69123, "netIncome": 5391581, "netIncomeRatio": 0.0891428603, "eps": 0.35, "epsdiluted": 0.35, "weightedAverageShsOut": 14695951, "weightedAverageShsOutDil": 14695951, "link": null, "finalLink": null, "calculatedOtherExpenses": 10921408, "calculatedOperatingExpenses": 14930532, "calculatedNetInterest": 483861, "calculatedOtherIncome": -1, "calculatedIncomeNonControlling": 0, "calculatedEbitda": 15690883}, {"date": "1998-12-31", "symbol": "EGO", "reportedCurrency": "USD", "cik": "0000918608", "fillingDate": "1998-12-31", "acceptedDate": "1998-12-31 00:00:00", "calendarYear": "1998", "period": "FY", "revenue": 64668260, "costOfRevenue": 49034176, "grossProfit": 15634084, "grossProfitRatio": 0.2417582288, "researchAndDevelopmentExpenses": 0, "generalAndAdministrativeExpenses": 0, "sellingAndMarketingExpenses": 0, "sellingGeneralAndAdministrativeExpenses": 6072744, "otherExpenses": 13631371, "operatingExpenses": 19704115, "costAndExpenses": 68738291, "interestIncome": 0, "interestExpense": 228761547, "depreciationAndAmortization": 13631372, "ebitda": 122165514, "ebitdaratio": 1.8891108869, "operatingIncome": -108081917, "operatingIncomeRatio": -1.6713286704, "totalOtherIncomeExpensesNet": -112604173, "incomeBeforeTax": -120227405, "incomeBeforeTaxRatio": -1.8591408676, "incomeTaxExpense": 1227469, "netIncome": -121454874, "netIncomeRatio": -1.8781218793, "eps": -8.3, "epsdiluted": -8.3, "weightedAverageShsOut": 14630385, "weightedAverageShsOutDil": 14630385, "link": null, "finalLink": null, "calculatedOtherExpenses": 117643257, "calculatedOperatingExpenses": 123716001, "calculatedNetInterest": -228761547, "calculatedOtherIncome": 216616059, "calculatedIncomeNonControlling": 0, "calculatedEbitda": -94450545}, {"date": "1997-12-31", "symbol": "EGO", "reportedCurrency": "USD", "cik": "0000918608", "fillingDate": "1997-12-31", "acceptedDate": "1997-12-31 00:00:00", "calendarYear": "1997", "period": "FY", "revenue": 67156348, "costOfRevenue": 70094439, "grossProfit": -2938091, "grossProfitRatio": -0.0437500115, "researchAndDevelopmentExpenses": 0, "generalAndAdministrativeExpenses": 0, "sellingAndMarketingExpenses": 0, "sellingGeneralAndAdministrativeExpenses": 12172088, "otherExpenses": 14620497, "operatingExpenses": 26792585, "costAndExpenses": 96887024, "interestIncome": 0, "interestExpense": 156768100, "depreciationAndAmortization": 14620497, "ebitda": 61210213, "ebitdaratio": 0.911458333, "operatingIncome": -107030430, "operatingIncomeRatio": -1.5937500056, "totalOtherIncomeExpensesNet": -76320392, "incomeBeforeTax": -110178384, "incomeBeforeTaxRatio": -1.6406250084, "incomeTaxExpense": 979363, "netIncome": -111157747, "netIncomeRatio": -1.6552083356, "eps": -7.59, "epsdiluted": -7.59, "weightedAverageShsOut": 14645193, "weightedAverageShsOutDil": 14645193, "link": null, "finalLink": null, "calculatedOtherExpenses": 91920251, "calculatedOperatingExpenses": 104092339, "calculatedNetInterest": -156768100, "calculatedOtherIncome": 153620146, "calculatedIncomeNonControlling": 0, "calculatedEbitda": -92409933}, {"date": "1996-12-31", "symbol": "EGO", "reportedCurrency": "USD", "cik": "0000918608", "fillingDate": "1996-12-31", "acceptedDate": "1996-12-31 00:00:00", "calendarYear": "1996", "period": "FY", "revenue": 39912441, "costOfRevenue": 29770157, "grossProfit": 10142284, "grossProfitRatio": 0.2541133478, "researchAndDevelopmentExpenses": 0, "generalAndAdministrativeExpenses": 0, "sellingAndMarketingExpenses": 0, "sellingGeneralAndAdministrativeExpenses": 5326523, "otherExpenses": 6566947, "operatingExpenses": 11893470, "costAndExpenses": 41663627, "interestIncome": 0, "interestExpense": -2407880, "depreciationAndAmortization": 6566946, "ebitda": 2626778, "ebitdaratio": 0.0658135141, "operatingIncome": -1751186, "operatingIncomeRatio": -0.0438756928, "totalOtherIncomeExpensesNet": 2188982, "incomeBeforeTax": -1532288, "incomeBeforeTaxRatio": -0.0383912375, "incomeTaxExpense": 72966, "netIncome": -1605254, "netIncomeRatio": -0.0402193892, "eps": -0.26, "epsdiluted": -0.26, "weightedAverageShsOut": 6285255, "weightedAverageShsOutDil": 6285255, "link": null, "finalLink": null, "calculatedOtherExpenses": 6566947, "calculatedOperatingExpenses": 11893470, "calculatedNetInterest": 2407880, "calculatedOtherIncome": -2188982, "calculatedIncomeNonControlling": 0, "calculatedEbitda": 4815760}, {"date": "1995-12-31", "symbol": "EGO", "reportedCurrency": "USD", "cik": "0000918608", "fillingDate": "1995-12-31", "acceptedDate": "1995-12-31 00:00:00", "calendarYear": "1995", "period": "FY", "revenue": 11221122, "costOfRevenue": 6527319, "grossProfit": 4693803, "grossProfitRatio": 0.4183006833, "researchAndDevelopmentExpenses": 0, "generalAndAdministrativeExpenses": 0, "sellingAndMarketingExpenses": 0, "sellingGeneralAndAdministrativeExpenses": 4913825, "otherExpenses": 1686835, "operatingExpenses": 6600660, "costAndExpenses": 13127979, "interestIncome": 0, "interestExpense": 440044, "depreciationAndAmortization": 1686835, "ebitda": -146682, "ebitdaratio": -0.0130719548, "operatingIncome": -2053539, "operatingIncomeRatio": -0.1830065657, "totalOtherIncomeExpensesNet": -73340, "incomeBeforeTax": -2273561, "incomeBeforeTaxRatio": -0.2026144088, "incomeTaxExpense": 146681, "netIncome": -2420242, "netIncomeRatio": -0.2156862745, "eps": -0.81, "epsdiluted": -0.81, "weightedAverageShsOut": 2999990, "weightedAverageShsOutDil": 2999990, "link": null, "finalLink": null, "calculatedOtherExpenses": 1833517, "calculatedOperatingExpenses": 6747342, "calculatedNetInterest": -440044, "calculatedOtherIncome": 220022, "calculatedIncomeNonControlling": 0, "calculatedEbitda": -366704}, {"date": "1994-12-31", "symbol": "EGO", "reportedCurrency": "USD", "cik": "0000918608", "fillingDate": "1994-12-31", "acceptedDate": "1994-12-31 00:00:00", "calendarYear": "1994", "period": "FY", "revenue": -10700000, "costOfRevenue": -5300000, "grossProfit": -5400000, "grossProfitRatio": 0.5046728972, "researchAndDevelopmentExpenses": 0, "generalAndAdministrativeExpenses": 0, "sellingAndMarketingExpenses": 0, "sellingGeneralAndAdministrativeExpenses": -1700000, "otherExpenses": -1100000, "operatingExpenses": -2800000, "costAndExpenses": -8100000, "interestIncome": 0, "interestExpense": -800000, "depreciationAndAmortization": -1100000, "ebitda": -4500000, "ebitdaratio": 0.4205607477, "operatingIncome": -2600000, "operatingIncomeRatio": 0.2429906542, "totalOtherIncomeExpensesNet": 800000, "incomeBeforeTax": -1800000, "incomeBeforeTaxRatio": 0.1682242991, "incomeTaxExpense": -1900000, "netIncome": -1500000, "netIncomeRatio": 0.1401869159, "eps": -0.55, "epsdiluted": -0.55, "weightedAverageShsOut": 2727273, "weightedAverageShsOutDil": 2727273, "link": null, "finalLink": null, "calculatedOtherExpenses": -1100000, "calculatedOperatingExpenses": -2800000, "calculatedNetInterest": 800000, "calculatedOtherIncome": 0, "calculatedIncomeNonControlling": 1600000, "calculatedEbitda": -3700000}]}