{"originalCurrency": "USD", "convertedCurrency": "USD", "report": [{"date": "2023-12-31", "symbol": "EGP", "reportedCurrency": "USD", "cik": "0000049600", "fillingDate": "2024-02-14", "acceptedDate": "2024-02-14 16:54:47", "calendarYear": "2023", "period": "FY", "revenue": 570591000, "costOfRevenue": 154030000, "grossProfit": 416561000, "grossProfitRatio": 0.7300518235, "researchAndDevelopmentExpenses": 0, "generalAndAdministrativeExpenses": 17339000, "sellingAndMarketingExpenses": 0, "sellingGeneralAndAdministrativeExpenses": 17339000, "otherExpenses": 2435000, "operatingExpenses": 188417000, "costAndExpenses": 342447000, "interestIncome": 0, "interestExpense": 45048000, "depreciationAndAmortization": 171078000, "ebitda": 398709000, "ebitdaratio": 0.6987649647, "operatingIncome": 566179000, "operatingIncomeRatio": 0.9922676663, "totalOtherIncomeExpensesNet": 20400000, "incomeBeforeTax": 200548000, "incomeBeforeTaxRatio": 0.3514741733, "incomeTaxExpense": 47540000, "netIncome": 200491000, "netIncomeRatio": 0.3513742768, "eps": 4.43, "epsdiluted": 4.42, "weightedAverageShsOut": 45224000, "weightedAverageShsOutDil": 45331000, "link": "https://www.sec.gov/Archives/edgar/data/49600/000004960024000021/0000049600-24-000021-index.htm", "finalLink": "https://www.sec.gov/Archives/edgar/data/49600/000004960024000021/egp-20231231.htm", "calculatedOtherExpenses": -166957000, "calculatedOperatingExpenses": -149618000, "calculatedNetInterest": -45048000, "calculatedOtherIncome": -320583000, "calculatedIncomeNonControlling": -47483000, "calculatedEbitda": 737257000}, {"date": "2022-12-31", "symbol": "EGP", "reportedCurrency": "USD", "cik": "0000049600", "fillingDate": "2023-02-15", "acceptedDate": "2023-02-15 16:25:29", "calendarYear": "2022", "period": "FY", "revenue": 487025000, "costOfRevenue": 133915000, "grossProfit": 353110000, "grossProfitRatio": 0.7250346491, "researchAndDevelopmentExpenses": 0, "generalAndAdministrativeExpenses": 16908000, "sellingAndMarketingExpenses": 0, "sellingGeneralAndAdministrativeExpenses": 16908000, "otherExpenses": 153638000, "operatingExpenses": 170546000, "costAndExpenses": 304461000, "interestIncome": 38499000, "interestExpense": 38499000, "depreciationAndAmortization": 153638000, "ebitda": 337412000, "ebitdaratio": 0.6928022175, "operatingIncome": 183774000, "operatingIncomeRatio": 0.3773399723, "totalOtherIncomeExpensesNet": 2500000, "incomeBeforeTax": 186274000, "incomeBeforeTaxRatio": 0.382473179, "incomeTaxExpense": -40907000, "netIncome": 186182000, "netIncomeRatio": 0.382284277, "eps": 4.37, "epsdiluted": 4.36, "weightedAverageShsOut": 42599000, "weightedAverageShsOutDil": 42712000, "link": "https://www.sec.gov/Archives/edgar/data/49600/000004960023000021/0000049600-23-000021-index.htm", "finalLink": "https://www.sec.gov/Archives/edgar/data/49600/000004960023000021/egp-20221231.htm", "calculatedOtherExpenses": 152428000, "calculatedOperatingExpenses": 169336000, "calculatedNetInterest": 0, "calculatedOtherIncome": 2500000, "calculatedIncomeNonControlling": 40999000, "calculatedEbitda": 337412000}, {"date": "2021-12-31", "symbol": "EGP", "reportedCurrency": "USD", "cik": "0000049600", "fillingDate": "2022-02-16", "acceptedDate": "2022-02-16 17:04:00", "calendarYear": "2021", "period": "FY", "revenue": 409475000, "costOfRevenue": 115078000, "grossProfit": 294397000, "grossProfitRatio": 0.7189620856, "researchAndDevelopmentExpenses": 0, "generalAndAdministrativeExpenses": 16404000, "sellingAndMarketingExpenses": 0, "sellingGeneralAndAdministrativeExpenses": 16404000, "otherExpenses": 127099000, "operatingExpenses": 143503000, "costAndExpenses": 258581000, "interestIncome": 32945000, "interestExpense": 32945000, "depreciationAndAmortization": 127099000, "ebitda": 278823000, "ebitdaratio": 0.6809280176, "operatingIncome": 151724000, "operatingIncomeRatio": 0.3705329996, "totalOtherIncomeExpensesNet": 5914000, "incomeBeforeTax": 157638000, "incomeBeforeTaxRatio": 0.3849758838, "incomeTaxExpense": 33856000, "netIncome": 123782000, "netIncomeRatio": 0.3022944014, "eps": 3.07, "epsdiluted": 3.07, "weightedAverageShsOut": 40255000, "weightedAverageShsOutDil": 40377000, "link": "https://www.sec.gov/Archives/edgar/data/49600/000004960022000027/0000049600-22-000027-index.htm", "finalLink": "https://www.sec.gov/Archives/edgar/data/49600/000004960022000027/egp-20211231.htm", "calculatedOtherExpenses": 126269000, "calculatedOperatingExpenses": 142673000, "calculatedNetInterest": 0, "calculatedOtherIncome": 5914000, "calculatedIncomeNonControlling": 0, "calculatedEbitda": 278823000}, {"date": "2020-12-31", "symbol": "EGP", "reportedCurrency": "USD", "cik": "0000049600", "fillingDate": "2021-02-17", "acceptedDate": "2021-02-17 17:10:59", "calendarYear": "2020", "period": "FY", "revenue": 363023000, "costOfRevenue": 103368000, "grossProfit": 259655000, "grossProfitRatio": 0.7152577109, "researchAndDevelopmentExpenses": 0, "generalAndAdministrativeExpenses": 15065000, "sellingAndMarketingExpenses": 0, "sellingGeneralAndAdministrativeExpenses": 15065000, "otherExpenses": 116359000, "operatingExpenses": 131424000, "costAndExpenses": 234792000, "interestIncome": 33927000, "interestExpense": 33927000, "depreciationAndAmortization": 116359000, "ebitda": 245532000, "ebitdaratio": 0.6763538398, "operatingIncome": 129173000, "operatingIncomeRatio": 0.3558259394, "totalOtherIncomeExpensesNet": -20782000, "incomeBeforeTax": 108391000, "incomeBeforeTaxRatio": 0.2985788779, "incomeTaxExpense": 34897000, "netIncome": 73494000, "netIncomeRatio": 0.2024499825, "eps": 1.88, "epsdiluted": 1.87, "weightedAverageShsOut": 39185000, "weightedAverageShsOutDil": 39296000, "link": "https://www.sec.gov/Archives/edgar/data/49600/000004960021000027/0000049600-21-000027-index.htm", "finalLink": "https://www.sec.gov/Archives/edgar/data/49600/000004960021000027/egp-20201231.htm", "calculatedOtherExpenses": 115417000, "calculatedOperatingExpenses": 130482000, "calculatedNetInterest": 0, "calculatedOtherIncome": -20782000, "calculatedIncomeNonControlling": 0, "calculatedEbitda": 245532000}, {"date": "2019-12-31", "symbol": "EGP", "reportedCurrency": "USD", "cik": "0000049600", "fillingDate": "2020-02-13", "acceptedDate": "2020-02-13 17:18:41", "calendarYear": "2019", "period": "FY", "revenue": 331387000, "costOfRevenue": 93274000, "grossProfit": 238113000, "grossProfitRatio": 0.7185345231, "researchAndDevelopmentExpenses": 0, "generalAndAdministrativeExpenses": 16817000, "sellingAndMarketingExpenses": 0, "sellingGeneralAndAdministrativeExpenses": 16817000, "otherExpenses": 104724000, "operatingExpenses": 121541000, "costAndExpenses": 214815000, "interestIncome": 34463000, "interestExpense": 34463000, "depreciationAndAmortization": 104724000, "ebitda": 221459000, "ebitdaratio": 0.6682790816, "operatingIncome": 116735000, "operatingIncomeRatio": 0.352261857, "totalOtherIncomeExpensesNet": 6605000, "incomeBeforeTax": 123340000, "incomeBeforeTaxRatio": 0.3721932363, "incomeTaxExpense": 36304000, "netIncome": 87036000, "netIncomeRatio": 0.2626415641, "eps": 2.32, "epsdiluted": 2.32, "weightedAverageShsOut": 37442000, "weightedAverageShsOutDil": 37527000, "link": "https://www.sec.gov/Archives/edgar/data/49600/000004960020000030/0000049600-20-000030-index.htm", "finalLink": "https://www.sec.gov/Archives/edgar/data/49600/000004960020000030/egp1231201910k.htm", "calculatedOtherExpenses": 104561000, "calculatedOperatingExpenses": 121378000, "calculatedNetInterest": 0, "calculatedOtherIncome": 6605000, "calculatedIncomeNonControlling": 0, "calculatedEbitda": 221459000}, {"date": "2018-12-31", "symbol": "EGP", "reportedCurrency": "USD", "cik": "0000049600", "fillingDate": "2019-02-14", "acceptedDate": "2019-02-14 16:54:02", "calendarYear": "2018", "period": "FY", "revenue": 300392000, "costOfRevenue": 86394000, "grossProfit": 213998000, "grossProfitRatio": 0.7123958028, "researchAndDevelopmentExpenses": 0, "generalAndAdministrativeExpenses": 13738000, "sellingAndMarketingExpenses": 0, "sellingGeneralAndAdministrativeExpenses": 13738000, "otherExpenses": 913000, "operatingExpenses": 105442000, "costAndExpenses": 191836000, "interestIncome": 0, "interestExpense": 35106000, "depreciationAndAmortization": 91704000, "ebitda": 201173000, "ebitdaratio": 0.6697015899, "operatingIncome": 108556000, "operatingIncomeRatio": 0.3613811287, "totalOtherIncomeExpensesNet": 15186000, "incomeBeforeTax": 88636000, "incomeBeforeTaxRatio": 0.2950677781, "incomeTaxExpense": 34061000, "netIncome": 88506000, "netIncomeRatio": 0.2946350103, "eps": 2.5, "epsdiluted": 2.49, "weightedAverageShsOut": 35439000, "weightedAverageShsOutDil": 35506000, "link": "https://www.sec.gov/Archives/edgar/data/49600/000004960019000007/0000049600-19-000007-index.htm", "finalLink": "https://www.sec.gov/Archives/edgar/data/49600/000004960019000007/egp1231201810k.htm", "calculatedOtherExpenses": 91704000, "calculatedOperatingExpenses": 105442000, "calculatedNetInterest": -35106000, "calculatedOtherIncome": 15186000, "calculatedIncomeNonControlling": -33931000, "calculatedEbitda": 200260000}, {"date": "2017-12-31", "symbol": "EGP", "reportedCurrency": "USD", "cik": "0000049600", "fillingDate": "2018-02-14", "acceptedDate": "2018-02-14 17:43:00", "calendarYear": "2017", "period": "FY", "revenue": 274150000, "costOfRevenue": 80108000, "grossProfit": 194042000, "grossProfitRatio": 0.7077950027, "researchAndDevelopmentExpenses": 0, "generalAndAdministrativeExpenses": 14972000, "sellingAndMarketingExpenses": 0, "sellingGeneralAndAdministrativeExpenses": 14972000, "otherExpenses": 1313000, "operatingExpenses": 98846000, "costAndExpenses": 178954000, "interestIncome": 0, "interestExpense": 34775000, "depreciationAndAmortization": 83874000, "ebitda": 180383000, "ebitdaratio": 0.6579719132, "operatingIncome": 95196000, "operatingIncomeRatio": 0.3472405617, "totalOtherIncomeExpensesNet": 23168000, "incomeBeforeTax": 83589000, "incomeBeforeTaxRatio": 0.3049024257, "incomeTaxExpense": 36494000, "netIncome": 83183000, "netIncomeRatio": 0.3034214846, "eps": 2.45, "epsdiluted": 2.44, "weightedAverageShsOut": 33996000, "weightedAverageShsOutDil": 34047000, "link": "https://www.sec.gov/Archives/edgar/data/49600/000004960018000009/0000049600-18-000009-index.htm", "finalLink": "https://www.sec.gov/Archives/edgar/data/49600/000004960018000009/egp1231201710k.htm", "calculatedOtherExpenses": 83874000, "calculatedOperatingExpenses": 98846000, "calculatedNetInterest": -34775000, "calculatedOtherIncome": 23168000, "calculatedIncomeNonControlling": -36088000, "calculatedEbitda": 179070000}, {"date": "2016-12-31", "symbol": "EGP", "reportedCurrency": "USD", "cik": "0000049600", "fillingDate": "2017-02-15", "acceptedDate": "2017-02-15 17:07:11", "calendarYear": "2016", "period": "FY", "revenue": 253047000, "costOfRevenue": 74347000, "grossProfit": 178700000, "grossProfitRatio": 0.7061929207, "researchAndDevelopmentExpenses": 0, "generalAndAdministrativeExpenses": 13232000, "sellingAndMarketingExpenses": 0, "sellingGeneralAndAdministrativeExpenses": 13232000, "otherExpenses": 1765000, "operatingExpenses": 91167000, "costAndExpenses": 165514000, "interestIncome": 0, "interestExpense": 35213000, "depreciationAndAmortization": 77935000, "ebitda": 167233000, "ebitdaratio": 0.6608772283, "operatingIncome": 87372000, "operatingIncomeRatio": 0.3452797306, "totalOtherIncomeExpensesNet": 43774000, "incomeBeforeTax": 96094000, "incomeBeforeTaxRatio": 0.3797476358, "incomeTaxExpense": 37563000, "netIncome": 95509000, "netIncomeRatio": 0.3774358123, "eps": 2.93, "epsdiluted": 2.93, "weightedAverageShsOut": 32563000, "weightedAverageShsOutDil": 32628000, "link": "https://www.sec.gov/Archives/edgar/data/49600/000004960017000006/0000049600-17-000006-index.htm", "finalLink": "https://www.sec.gov/Archives/edgar/data/49600/000004960017000006/egp1231201610k.htm", "calculatedOtherExpenses": 78096000, "calculatedOperatingExpenses": 91328000, "calculatedNetInterest": -35213000, "calculatedOtherIncome": 43935000, "calculatedIncomeNonControlling": -36978000, "calculatedEbitda": 165307000}, {"date": "2015-12-31", "symbol": "EGP", "reportedCurrency": "USD", "cik": "0000049600", "fillingDate": "2016-02-17", "acceptedDate": "2016-02-17 15:47:11", "calendarYear": "2015", "period": "FY", "revenue": 235008000, "costOfRevenue": 67402000, "grossProfit": 167606000, "grossProfitRatio": 0.7131927424, "researchAndDevelopmentExpenses": 0, "generalAndAdministrativeExpenses": 15091000, "sellingAndMarketingExpenses": 0, "sellingGeneralAndAdministrativeExpenses": 15091000, "otherExpenses": 1101000, "operatingExpenses": 88381000, "costAndExpenses": 155783000, "interestIncome": 0, "interestExpense": 34666000, "depreciationAndAmortization": 73290000, "ebitda": 153616000, "ebitdaratio": 0.653662854, "operatingIncome": 79061000, "operatingIncomeRatio": 0.3364183347, "totalOtherIncomeExpensesNet": 3840000, "incomeBeforeTax": 48399000, "incomeBeforeTaxRatio": 0.2059461806, "incomeTaxExpense": 36300000, "netIncome": 47866000, "netIncomeRatio": 0.2036781727, "eps": 1.49, "epsdiluted": 1.49, "weightedAverageShsOut": 32091000, "weightedAverageShsOutDil": 32196000, "link": "https://www.sec.gov/Archives/edgar/data/49600/000004960016000047/0000049600-16-000047-index.htm", "finalLink": "https://www.sec.gov/Archives/edgar/data/49600/000004960016000047/egp1231201510k.htm", "calculatedOtherExpenses": 73454000, "calculatedOperatingExpenses": 88545000, "calculatedNetInterest": -34666000, "calculatedOtherIncome": 4004000, "calculatedIncomeNonControlling": -35767000, "calculatedEbitda": 152351000}, {"date": "2014-12-31", "symbol": "EGP", "reportedCurrency": "USD", "cik": "0000049600", "fillingDate": "2015-02-17", "acceptedDate": "2015-02-17 14:42:52", "calendarYear": "2014", "period": "FY", "revenue": 219829000, "costOfRevenue": 62797000, "grossProfit": 157032000, "grossProfitRatio": 0.7143370529, "researchAndDevelopmentExpenses": 0, "generalAndAdministrativeExpenses": 12726000, "sellingAndMarketingExpenses": 0, "sellingGeneralAndAdministrativeExpenses": 12726000, "otherExpenses": 989000, "operatingExpenses": 83040000, "costAndExpenses": 145837000, "interestIncome": 0, "interestExpense": 35486000, "depreciationAndAmortization": 70314000, "ebitda": 145295000, "ebitdaratio": 0.6609455531, "operatingIncome": 73782000, "operatingIncomeRatio": 0.3356336061, "totalOtherIncomeExpensesNet": 9967000, "incomeBeforeTax": 48473000, "incomeBeforeTaxRatio": 0.2205032093, "incomeTaxExpense": 37007000, "netIncome": 47941000, "netIncomeRatio": 0.2180831464, "eps": 1.53, "epsdiluted": 1.52, "weightedAverageShsOut": 31341000, "weightedAverageShsOutDil": 31452000, "link": "https://www.sec.gov/Archives/edgar/data/49600/000004960015000008/0000049600-15-000008-index.htm", "finalLink": "https://www.sec.gov/Archives/edgar/data/49600/000004960015000008/egp1231201410k.htm", "calculatedOtherExpenses": 70524000, "calculatedOperatingExpenses": 83250000, "calculatedNetInterest": -35486000, "calculatedOtherIncome": 10177000, "calculatedIncomeNonControlling": -36475000, "calculatedEbitda": 144096000}, {"date": "2013-12-31", "symbol": "EGP", "reportedCurrency": "USD", "cik": "0000049600", "fillingDate": "2014-02-14", "acceptedDate": "2014-02-14 16:19:23", "calendarYear": "2013", "period": "FY", "revenue": 202171000, "costOfRevenue": 57885000, "grossProfit": 144286000, "grossProfitRatio": 0.7136829713, "researchAndDevelopmentExpenses": 0, "generalAndAdministrativeExpenses": 11725000, "sellingAndMarketingExpenses": 0, "sellingGeneralAndAdministrativeExpenses": 11725000, "otherExpenses": 949000, "operatingExpenses": 77514000, "costAndExpenses": 135399000, "interestIncome": 0, "interestExpense": 35192000, "depreciationAndAmortization": 65789000, "ebitda": 133510000, "ebitdaratio": 0.6603815582, "operatingIncome": 66581000, "operatingIncomeRatio": 0.3293301215, "totalOtherIncomeExpensesNet": 758000, "incomeBeforeTax": 32338000, "incomeBeforeTaxRatio": 0.1599537026, "incomeTaxExpense": 35864000, "netIncome": 32615000, "netIncomeRatio": 0.1613238298, "eps": 1.08, "epsdiluted": 1.08, "weightedAverageShsOut": 30162000, "weightedAverageShsOutDil": 30269000, "link": "https://www.sec.gov/Archives/edgar/data/49600/000004960014000018/0000049600-14-000018-index.htm", "finalLink": "https://www.sec.gov/Archives/edgar/data/49600/000004960014000018/egp12-31x201310k.htm", "calculatedOtherExpenses": 65980000, "calculatedOperatingExpenses": 77705000, "calculatedNetInterest": -35192000, "calculatedOtherIncome": 949000, "calculatedIncomeNonControlling": -36141000, "calculatedEbitda": 132370000}, {"date": "2012-12-31", "symbol": "EGP", "reportedCurrency": "USD", "cik": "0000049600", "fillingDate": "2013-02-19", "acceptedDate": "2013-02-19 16:57:48", "calendarYear": "2012", "period": "FY", "revenue": 186178000, "costOfRevenue": 52993000, "grossProfit": 133185000, "grossProfitRatio": 0.7153637916, "researchAndDevelopmentExpenses": 0, "generalAndAdministrativeExpenses": 10488000, "sellingAndMarketingExpenses": 0, "sellingGeneralAndAdministrativeExpenses": 10488000, "otherExpenses": 456000, "operatingExpenses": 72184000, "costAndExpenses": 125177000, "interestIncome": 0, "interestExpense": 35371000, "depreciationAndAmortization": 61696000, "ebitda": 123153000, "ebitdaratio": 0.6614798741, "operatingIncome": 60813000, "operatingIncomeRatio": 0.3266390229, "totalOtherIncomeExpensesNet": 268000, "incomeBeforeTax": 25898000, "incomeBeforeTaxRatio": 0.1391034386, "incomeTaxExpense": 29341000, "netIncome": 32384000, "netIncomeRatio": 0.1739410672, "eps": 1.13, "epsdiluted": 1.13, "weightedAverageShsOut": 28577000, "weightedAverageShsOutDil": 28677000, "link": "https://www.sec.gov/Archives/edgar/data/49600/000004960013000008/0000049600-13-000008-index.htm", "finalLink": "https://www.sec.gov/Archives/edgar/data/49600/000004960013000008/egp12-31x201210k.htm", "calculatedOtherExpenses": 61884000, "calculatedOperatingExpenses": 72372000, "calculatedNetInterest": -35371000, "calculatedOtherIncome": 456000, "calculatedIncomeNonControlling": -35827000, "calculatedEbitda": 122509000}, {"date": "2011-12-31", "symbol": "EGP", "reportedCurrency": "USD", "cik": "0000049600", "fillingDate": "2012-02-23", "acceptedDate": "2012-02-23 12:10:47", "calendarYear": "2011", "period": "FY", "revenue": 174631000, "costOfRevenue": 49411000, "grossProfit": 125220000, "grossProfitRatio": 0.7170548184, "researchAndDevelopmentExpenses": 0, "generalAndAdministrativeExpenses": 9071000, "sellingAndMarketingExpenses": 1620000, "sellingGeneralAndAdministrativeExpenses": 10691000, "otherExpenses": 57451000, "operatingExpenses": 68142000, "costAndExpenses": 117553000, "interestIncome": 334000, "interestExpense": 34709000, "depreciationAndAmortization": 57451000, "ebitda": 114745000, "ebitdaratio": 0.6570711958, "operatingIncome": 56826000, "operatingIncomeRatio": 0.3254061421, "totalOtherIncomeExpensesNet": 131000, "incomeBeforeTax": 22834000, "incomeBeforeTaxRatio": 0.1307557077, "incomeTaxExpense": 35066000, "netIncome": 22359000, "netIncomeRatio": 0.1280356867, "eps": 0.83, "epsdiluted": 0.83, "weightedAverageShsOut": 26897000, "weightedAverageShsOutDil": 26971000, "link": "https://www.sec.gov/Archives/edgar/data/49600/000004960012000003/0000049600-12-000003-index.htm", "finalLink": "https://www.sec.gov/Archives/edgar/data/49600/000004960012000003/form10k.htm", "calculatedOtherExpenses": 57703000, "calculatedOperatingExpenses": 68394000, "calculatedNetInterest": -34375000, "calculatedOtherIncome": 383000, "calculatedIncomeNonControlling": -34591000, "calculatedEbitda": 114277000}, {"date": "2010-12-31", "symbol": "EGP", "reportedCurrency": "USD", "cik": "0000049600", "fillingDate": "2011-02-28", "acceptedDate": "2011-02-25 18:14:43", "calendarYear": "2010", "period": "FY", "revenue": 173126000, "costOfRevenue": 51142000, "grossProfit": 121984000, "grossProfitRatio": 0.7045966521, "researchAndDevelopmentExpenses": 0, "generalAndAdministrativeExpenses": 0, "sellingAndMarketingExpenses": 0, "sellingGeneralAndAdministrativeExpenses": 10332000, "otherExpenses": 58350000, "operatingExpenses": 68682000, "costAndExpenses": 119824000, "interestIncome": 336000, "interestExpense": 35171000, "depreciationAndAmortization": 58350000, "ebitda": 111699000, "ebitdaratio": 0.6451890531, "operatingIncome": 53302000, "operatingIncomeRatio": 0.3078798101, "totalOtherIncomeExpensesNet": 288000, "incomeBeforeTax": 18755000, "incomeBeforeTaxRatio": 0.1083315042, "incomeTaxExpense": 35312000, "netIncome": 18325000, "netIncomeRatio": 0.1058477641, "eps": 0.68, "epsdiluted": 0.68, "weightedAverageShsOut": 26752000, "weightedAverageShsOutDil": 26824000, "link": "https://www.sec.gov/Archives/edgar/data/49600/000004960011000003/0000049600-11-000003-index.html", "finalLink": "https://www.sec.gov/Archives/edgar/data/49600/000004960011000003/form10k.htm", "calculatedOtherExpenses": 58350000, "calculatedOperatingExpenses": 68682000, "calculatedNetInterest": -34835000, "calculatedOtherIncome": 288000, "calculatedIncomeNonControlling": -34882000, "calculatedEbitda": 111652000}, {"date": "2009-12-31", "symbol": "EGP", "reportedCurrency": "USD", "cik": "0000049600", "fillingDate": "2010-02-26", "acceptedDate": "2010-02-26 17:18:45", "calendarYear": "2009", "period": "FY", "revenue": 172354000, "costOfRevenue": 50259000, "grossProfit": 122095000, "grossProfitRatio": 0.708396672, "researchAndDevelopmentExpenses": 0, "generalAndAdministrativeExpenses": 9071000, "sellingAndMarketingExpenses": 0, "sellingGeneralAndAdministrativeExpenses": 9071000, "otherExpenses": 53953000, "operatingExpenses": 63024000, "costAndExpenses": 113283000, "interestIncome": 302000, "interestExpense": 32822000, "depreciationAndAmortization": 53953000, "ebitda": 112420000, "ebitdaratio": 0.6522622045, "operatingIncome": 59071000, "operatingIncomeRatio": 0.342730659, "totalOtherIncomeExpensesNet": 955000, "incomeBeforeTax": 26659000, "incomeBeforeTaxRatio": 0.1546758416, "incomeTaxExpense": 32763000, "netIncome": 26659000, "netIncomeRatio": 0.1546758416, "eps": 1.04, "epsdiluted": 1.04, "weightedAverageShsOut": 25590000, "weightedAverageShsOutDil": 25690000, "link": "https://www.sec.gov/Archives/edgar/data/49600/000004960010000002/0000049600-10-000002-index.htm", "finalLink": "https://www.sec.gov/Archives/edgar/data/49600/000004960010000002/form10k2009.htm", "calculatedOtherExpenses": 53953000, "calculatedOperatingExpenses": 63024000, "calculatedNetInterest": -32520000, "calculatedOtherIncome": 108000, "calculatedIncomeNonControlling": -32763000, "calculatedEbitda": 113024000}, {"date": "2008-12-31", "symbol": "EGP", "reportedCurrency": "USD", "cik": "0000049600", "fillingDate": "2009-02-27", "acceptedDate": "2009-02-27 12:23:46", "calendarYear": "2008", "period": "FY", "revenue": 168575000, "costOfRevenue": 47374000, "grossProfit": 121201000, "grossProfitRatio": 0.7189737506, "researchAndDevelopmentExpenses": 0, "generalAndAdministrativeExpenses": 0, "sellingAndMarketingExpenses": 0, "sellingGeneralAndAdministrativeExpenses": 8547000, "otherExpenses": 51221000, "operatingExpenses": 59768000, "costAndExpenses": 107142000, "interestIncome": 293000, "interestExpense": 30192000, "depreciationAndAmortization": 51091000, "ebitda": 112219000, "ebitdaratio": 0.6656918286, "operatingIncome": 61433000, "operatingIncomeRatio": 0.36442533, "totalOtherIncomeExpensesNet": 125000, "incomeBeforeTax": 61558000, "incomeBeforeTaxRatio": 0.3651668397, "incomeTaxExpense": 27111000, "netIncome": 34142000, "netIncomeRatio": 0.2025329972, "eps": 1.31, "epsdiluted": 1.3, "weightedAverageShsOut": 24503000, "weightedAverageShsOutDil": 24653000, "link": "https://www.sec.gov/Archives/edgar/data/49600/000004960009000003/0000049600-09-000003-index.htm", "finalLink": "https://www.sec.gov/Archives/edgar/data/49600/000004960009000003/form10k.txt", "calculatedOtherExpenses": 51221000, "calculatedOperatingExpenses": 59768000, "calculatedNetInterest": -29899000, "calculatedOtherIncome": 30024000, "calculatedIncomeNonControlling": 305000, "calculatedEbitda": 112524000}, {"date": "2007-12-31", "symbol": "EGP", "reportedCurrency": "USD", "cik": "0000049600", "fillingDate": "2008-02-28", "acceptedDate": "2008-02-28 17:27:41", "calendarYear": "2007", "period": "FY", "revenue": 150730000, "costOfRevenue": 41118000, "grossProfit": 109612000, "grossProfitRatio": 0.7272075897, "researchAndDevelopmentExpenses": 0, "generalAndAdministrativeExpenses": 0, "sellingAndMarketingExpenses": 0, "sellingGeneralAndAdministrativeExpenses": 8295000, "otherExpenses": 47908000, "operatingExpenses": 56203000, "costAndExpenses": 97321000, "interestIncome": 306000, "interestExpense": 27314000, "depreciationAndAmortization": 47884000, "ebitda": 98715000, "ebitdaratio": 0.6549127579, "operatingIncome": 53409000, "operatingIncomeRatio": 0.3543355669, "totalOtherIncomeExpensesNet": 2278000, "incomeBeforeTax": 55687000, "incomeBeforeTaxRatio": 0.3694486831, "incomeTaxExpense": 23375000, "netIncome": 29734000, "netIncomeRatio": 0.1972666357, "eps": 1.15, "epsdiluted": 1.14, "weightedAverageShsOut": 23562000, "weightedAverageShsOutDil": 23781000, "link": "https://www.sec.gov/Archives/edgar/data/49600/000004960008000003/0000049600-08-000003-index.htm", "finalLink": "https://www.sec.gov/Archives/edgar/data/49600/000004960008000003/form10k.txt", "calculatedOtherExpenses": 47908000, "calculatedOperatingExpenses": 56203000, "calculatedNetInterest": -27008000, "calculatedOtherIncome": 29286000, "calculatedIncomeNonControlling": 2578000, "calculatedEbitda": 101293000}, {"date": "2006-12-31", "symbol": "EGP", "reportedCurrency": "USD", "cik": "0000049600", "fillingDate": "2007-02-28", "acceptedDate": "2007-02-28 16:31:59", "calendarYear": "2006", "period": "FY", "revenue": 133613000, "costOfRevenue": 0, "grossProfit": 133613000, "grossProfitRatio": 1, "researchAndDevelopmentExpenses": 0, "generalAndAdministrativeExpenses": 0, "sellingAndMarketingExpenses": 0, "sellingGeneralAndAdministrativeExpenses": 7401000, "otherExpenses": 79479000, "operatingExpenses": 86880000, "costAndExpenses": 86880000, "interestIncome": 0, "interestExpense": 0, "depreciationAndAmortization": 42217000, "ebitda": 88827000, "ebitdaratio": 0.6648080651, "operatingIncome": 46733000, "operatingIncomeRatio": 0.3497638703, "totalOtherIncomeExpensesNet": 123000, "incomeBeforeTax": 46856000, "incomeBeforeTaxRatio": 0.3506844394, "incomeTaxExpense": 17499000, "netIncome": 29234000, "netIncomeRatio": 0.2187960752, "eps": 1.19, "epsdiluted": 1.17, "weightedAverageShsOut": 22372000, "weightedAverageShsOutDil": 22692000, "link": "https://www.sec.gov/Archives/edgar/data/49600/000004960007000004/0000049600-07-000004-index.htm", "finalLink": "https://www.sec.gov/Archives/edgar/data/49600/000004960007000004/form10k.txt", "calculatedOtherExpenses": 79479000, "calculatedOperatingExpenses": 86880000, "calculatedNetInterest": 0, "calculatedOtherIncome": 123000, "calculatedIncomeNonControlling": 123000, "calculatedEbitda": 88950000}, {"date": "2005-12-31", "symbol": "EGP", "reportedCurrency": "USD", "cik": "0000049600", "fillingDate": "2006-03-09", "acceptedDate": "2006-03-09 14:24:02", "calendarYear": "2005", "period": "FY", "revenue": 126505000, "costOfRevenue": 0, "grossProfit": 126505000, "grossProfitRatio": 1, "researchAndDevelopmentExpenses": 0, "generalAndAdministrativeExpenses": 6874000, "sellingAndMarketingExpenses": 0, "sellingGeneralAndAdministrativeExpenses": 6874000, "otherExpenses": 75405000, "operatingExpenses": 82279000, "costAndExpenses": 82279000, "interestIncome": 0, "interestExpense": 0, "depreciationAndAmortization": 39306000, "ebitda": 83532000, "ebitdaratio": 0.6603059168, "operatingIncome": 44226000, "operatingIncomeRatio": 0.3495988301, "totalOtherIncomeExpensesNet": 0, "incomeBeforeTax": 0, "incomeBeforeTaxRatio": 0, "incomeTaxExpense": 22035000, "netIncome": 22191000, "netIncomeRatio": 0.1754159915, "eps": 0.91, "epsdiluted": 0.89, "weightedAverageShsOut": 21567000, "weightedAverageShsOutDil": 21892000, "link": "https://www.sec.gov/Archives/edgar/data/49600/000004960006000002/0000049600-06-000002-index.htm", "finalLink": "https://www.sec.gov/Archives/edgar/data/49600/000004960006000002/form10k.txt", "calculatedOtherExpenses": 75405000, "calculatedOperatingExpenses": 82279000, "calculatedNetInterest": 0, "calculatedOtherIncome": -44226000, "calculatedIncomeNonControlling": -44226000, "calculatedEbitda": 83532000}, {"date": "2004-12-31", "symbol": "EGP", "reportedCurrency": "USD", "cik": "0000049600", "fillingDate": "2005-03-15", "acceptedDate": "2005-03-15 15:37:20", "calendarYear": "2004", "period": "FY", "revenue": 114684000, "costOfRevenue": 0, "grossProfit": 114684000, "grossProfitRatio": 1, "researchAndDevelopmentExpenses": 0, "generalAndAdministrativeExpenses": 6711000, "sellingAndMarketingExpenses": 0, "sellingGeneralAndAdministrativeExpenses": 6711000, "otherExpenses": 65920000, "operatingExpenses": 72631000, "costAndExpenses": 72631000, "interestIncome": 0, "interestExpense": 0, "depreciationAndAmortization": 33451000, "ebitda": 75504000, "ebitdaratio": 0.6583655959, "operatingIncome": 42053000, "operatingIncomeRatio": 0.3666858498, "totalOtherIncomeExpensesNet": 0, "incomeBeforeTax": 0, "incomeBeforeTaxRatio": 0, "incomeTaxExpense": 18726000, "netIncome": 23327000, "netIncomeRatio": 0.2034023927, "eps": 1, "epsdiluted": 0.98, "weightedAverageShsOut": 20771000, "weightedAverageShsOutDil": 21088000, "link": "https://www.sec.gov/Archives/edgar/data/49600/000004960005000003/0000049600-05-000003-index.htm", "finalLink": "https://www.sec.gov/Archives/edgar/data/49600/000004960005000003/form10k.txt", "calculatedOtherExpenses": 65920000, "calculatedOperatingExpenses": 72631000, "calculatedNetInterest": 0, "calculatedOtherIncome": -42053000, "calculatedIncomeNonControlling": -42053000, "calculatedEbitda": 75504000}, {"date": "2003-12-31", "symbol": "EGP", "reportedCurrency": "USD", "cik": "0000049600", "fillingDate": "2004-03-15", "acceptedDate": "2004-03-15 10:26:55", "calendarYear": "2003", "period": "FY", "revenue": 108441000, "costOfRevenue": 0, "grossProfit": 108441000, "grossProfitRatio": 1, "researchAndDevelopmentExpenses": 0, "generalAndAdministrativeExpenses": 4966000, "sellingAndMarketingExpenses": 0, "sellingGeneralAndAdministrativeExpenses": 4966000, "otherExpenses": 64125000, "operatingExpenses": 69091000, "costAndExpenses": 69091000, "interestIncome": 0, "interestExpense": 0, "depreciationAndAmortization": 32397000, "ebitda": 71747000, "ebitdaratio": 0.6616224491, "operatingIncome": 39350000, "operatingIncomeRatio": 0.3628701321, "totalOtherIncomeExpensesNet": 0, "incomeBeforeTax": 0, "incomeBeforeTaxRatio": 0, "incomeTaxExpense": 18905000, "netIncome": 20445000, "netIncomeRatio": 0.1885357014, "eps": 0.72, "epsdiluted": 0.7, "weightedAverageShsOut": 17819000, "weightedAverageShsOutDil": 18194000, "link": "https://www.sec.gov/Archives/edgar/data/49600/000004960004000002/0000049600-04-000002-index.htm", "finalLink": "https://www.sec.gov/Archives/edgar/data/49600/000004960004000002/form10k2003.txt", "calculatedOtherExpenses": 64125000, "calculatedOperatingExpenses": 69091000, "calculatedNetInterest": 0, "calculatedOtherIncome": -39350000, "calculatedIncomeNonControlling": -39350000, "calculatedEbitda": 71747000}, {"date": "2002-12-31", "symbol": "EGP", "reportedCurrency": "USD", "cik": "0000049600", "fillingDate": "2003-03-21", "acceptedDate": "2003-03-20 17:50:53", "calendarYear": "2002", "period": "FY", "revenue": 105810000, "costOfRevenue": 0, "grossProfit": 105810000, "grossProfitRatio": 1, "researchAndDevelopmentExpenses": 0, "generalAndAdministrativeExpenses": 4179000, "sellingAndMarketingExpenses": 0, "sellingGeneralAndAdministrativeExpenses": 4179000, "otherExpenses": 60632000, "operatingExpenses": 64811000, "costAndExpenses": 64811000, "interestIncome": 0, "interestExpense": 0, "depreciationAndAmortization": 30818000, "ebitda": 71631000, "ebitdaratio": 0.6769776014, "operatingIncome": 40999000, "operatingIncomeRatio": 0.3874775541, "totalOtherIncomeExpensesNet": 186000, "incomeBeforeTax": 41185000, "incomeBeforeTaxRatio": 0.389235422, "incomeTaxExpense": 17373000, "netIncome": 23626000, "netIncomeRatio": 0.2232870239, "eps": 0.86, "epsdiluted": 0.84, "weightedAverageShsOut": 15868000, "weightedAverageShsOutDil": 16237000, "link": "https://www.sec.gov/Archives/edgar/data/49600/000004960003000002/0000049600-03-000002-index.htm", "finalLink": "https://www.sec.gov/Archives/edgar/data/49600/000004960003000002/form10k2002.txt", "calculatedOtherExpenses": 60632000, "calculatedOperatingExpenses": 64811000, "calculatedNetInterest": 0, "calculatedOtherIncome": 186000, "calculatedIncomeNonControlling": 186000, "calculatedEbitda": 71817000}, {"date": "2001-12-31", "symbol": "EGP", "reportedCurrency": "USD", "cik": "0000049600", "fillingDate": "2002-03-14", "acceptedDate": "2002-03-14 00:00:00", "calendarYear": "2001", "period": "FY", "revenue": 105295000, "costOfRevenue": 0, "grossProfit": 105295000, "grossProfitRatio": 1, "researchAndDevelopmentExpenses": 0, "generalAndAdministrativeExpenses": 4573000, "sellingAndMarketingExpenses": 0, "sellingGeneralAndAdministrativeExpenses": 4573000, "otherExpenses": 53028000, "operatingExpenses": 57601000, "costAndExpenses": 57601000, "interestIncome": 0, "interestExpense": 0, "depreciationAndAmortization": 27413000, "ebitda": 70796000, "ebitdaratio": 0.6723586115, "operatingIncome": 47694000, "operatingIncomeRatio": 0.4529559808, "totalOtherIncomeExpensesNet": 4311000, "incomeBeforeTax": 52005000, "incomeBeforeTaxRatio": 0.4938980958, "incomeTaxExpense": 13512000, "netIncome": 34182000, "netIncomeRatio": 0.3246307992, "eps": 1.54, "epsdiluted": 1.51, "weightedAverageShsOut": 15697000, "weightedAverageShsOutDil": 16009272, "link": "https://www.sec.gov/Archives/edgar/data/49600/000004960002000002/0000049600-02-000002-index.htm", "finalLink": "https://www.sec.gov/Archives/edgar/data/49600/000004960002000002/form10k01.txt", "calculatedOtherExpenses": 53028000, "calculatedOperatingExpenses": 57601000, "calculatedNetInterest": 0, "calculatedOtherIncome": 4311000, "calculatedIncomeNonControlling": 4311000, "calculatedEbitda": 75107000}, {"date": "2000-12-31", "symbol": "EGP", "reportedCurrency": "USD", "cik": "0000049600", "fillingDate": "2001-03-14", "acceptedDate": "2001-03-14 00:00:00", "calendarYear": "2000", "period": "FY", "revenue": 98103000, "costOfRevenue": 0, "grossProfit": 98103000, "grossProfitRatio": 1, "researchAndDevelopmentExpenses": 0, "generalAndAdministrativeExpenses": 5607000, "sellingAndMarketingExpenses": 0, "sellingGeneralAndAdministrativeExpenses": 5607000, "otherExpenses": 45808000, "operatingExpenses": 51415000, "costAndExpenses": 51415000, "interestIncome": 0, "interestExpense": 0, "depreciationAndAmortization": 23821000, "ebitda": 70509000, "ebitdaratio": 0.718724198, "operatingIncome": 46688000, "operatingIncomeRatio": 0.4759079743, "totalOtherIncomeExpensesNet": 0, "incomeBeforeTax": 0, "incomeBeforeTaxRatio": 0, "incomeTaxExpense": 10176000, "netIncome": 36512000, "netIncomeRatio": 0.3721802595, "eps": 1.7, "epsdiluted": 1.68, "weightedAverageShsOut": 15590588, "weightedAverageShsOutDil": 15776190, "link": "https://www.sec.gov/Archives/edgar/data/49600/000004960001000006/0000049600-01-000006-index.htm", "finalLink": "https://www.sec.gov/Archives/edgar/data/49600/000004960001000006/0000049600-01-000006-0001.txt", "calculatedOtherExpenses": 45808000, "calculatedOperatingExpenses": 51415000, "calculatedNetInterest": 0, "calculatedOtherIncome": -46688000, "calculatedIncomeNonControlling": -46688000, "calculatedEbitda": 70509000}, {"date": "1999-12-31", "symbol": "EGP", "reportedCurrency": "USD", "cik": "0000049600", "fillingDate": "2000-03-17", "acceptedDate": "2000-03-17 00:00:00", "calendarYear": "1999", "period": "FY", "revenue": 86236000, "costOfRevenue": 0, "grossProfit": 86236000, "grossProfitRatio": 1, "researchAndDevelopmentExpenses": 0, "generalAndAdministrativeExpenses": 4580000, "sellingAndMarketingExpenses": 0, "sellingGeneralAndAdministrativeExpenses": 4580000, "otherExpenses": 40119000, "operatingExpenses": 44699000, "costAndExpenses": 44699000, "interestIncome": 0, "interestExpense": 0, "depreciationAndAmortization": 20178000, "ebitda": 61715000, "ebitdaratio": 0.7156523958, "operatingIncome": 41537000, "operatingIncomeRatio": 0.4816665894, "totalOtherIncomeExpensesNet": 0, "incomeBeforeTax": 0, "incomeBeforeTaxRatio": 0, "incomeTaxExpense": 3182000, "netIncome": 38355000, "netIncomeRatio": 0.4447678464, "eps": 2.01, "epsdiluted": 1.99, "weightedAverageShsOut": 16046000, "weightedAverageShsOutDil": 16195477, "link": "https://www.sec.gov/Archives/edgar/data/49600/000004960000000004/0000049600-00-000004-index.html", "finalLink": "https://www.sec.gov/Archives/edgar/data/49600/000004960000000004/", "calculatedOtherExpenses": 40119000, "calculatedOperatingExpenses": 44699000, "calculatedNetInterest": 0, "calculatedOtherIncome": -41537000, "calculatedIncomeNonControlling": -41537000, "calculatedEbitda": 61715000}, {"date": "1998-12-31", "symbol": "EGP", "reportedCurrency": "USD", "cik": "0000049600", "fillingDate": "1999-03-19", "acceptedDate": "1999-03-19 00:00:00", "calendarYear": "1998", "period": "FY", "revenue": 76728000, "costOfRevenue": 0, "grossProfit": 76728000, "grossProfitRatio": 1, "researchAndDevelopmentExpenses": 0, "generalAndAdministrativeExpenses": 3822000, "sellingAndMarketingExpenses": 0, "sellingGeneralAndAdministrativeExpenses": 3822000, "otherExpenses": 35902000, "operatingExpenses": 39724000, "costAndExpenses": 39724000, "interestIncome": 0, "interestExpense": 0, "depreciationAndAmortization": 16574000, "ebitda": 53578000, "ebitdaratio": 0.6982848504, "operatingIncome": 37004000, "operatingIncomeRatio": 0.4822750495, "totalOtherIncomeExpensesNet": 0, "incomeBeforeTax": 0, "incomeBeforeTaxRatio": 0, "incomeTaxExpense": 7668000, "netIncome": 29336000, "netIncomeRatio": 0.3823376082, "eps": 1.67, "epsdiluted": 1.66, "weightedAverageShsOut": 16283000, "weightedAverageShsOutDil": 16425301, "link": "https://www.sec.gov/Archives/edgar/data/49600/000095015299002167/0000950152-99-002167-index.html", "finalLink": "https://www.sec.gov/Archives/edgar/data/49600/", "calculatedOtherExpenses": 35902000, "calculatedOperatingExpenses": 39724000, "calculatedNetInterest": 0, "calculatedOtherIncome": -37004000, "calculatedIncomeNonControlling": -37004000, "calculatedEbitda": 53578000}, {"date": "1997-12-31", "symbol": "EGP", "reportedCurrency": "USD", "cik": "0000049600", "fillingDate": "1998-03-20", "acceptedDate": "1998-03-20 00:00:00", "calendarYear": "1997", "period": "FY", "revenue": 53622000, "costOfRevenue": 0, "grossProfit": 53622000, "grossProfitRatio": 1, "researchAndDevelopmentExpenses": 0, "generalAndAdministrativeExpenses": 2923000, "sellingAndMarketingExpenses": 0, "sellingGeneralAndAdministrativeExpenses": 2923000, "otherExpenses": 25746000, "operatingExpenses": 28669000, "costAndExpenses": 28669000, "interestIncome": 0, "interestExpense": 0, "depreciationAndAmortization": 10409000, "ebitda": 35362000, "ebitdaratio": 0.6594681288, "operatingIncome": 24953000, "operatingIncomeRatio": 0.4653500429, "totalOtherIncomeExpensesNet": 0, "incomeBeforeTax": 0, "incomeBeforeTaxRatio": 0, "incomeTaxExpense": 4174000, "netIncome": 20779000, "netIncomeRatio": 0.3875088583, "eps": 1.58, "epsdiluted": 1.56, "weightedAverageShsOut": 13176000, "weightedAverageShsOutDil": 13338000, "link": "https://www.sec.gov/Archives/edgar/data/49600/000095015298002216/0000950152-98-002216-index.html", "finalLink": "https://www.sec.gov/Archives/edgar/data/49600/", "calculatedOtherExpenses": 25746000, "calculatedOperatingExpenses": 28669000, "calculatedNetInterest": 0, "calculatedOtherIncome": -24953000, "calculatedIncomeNonControlling": -24953000, "calculatedEbitda": 35362000}, {"date": "1996-12-31", "symbol": "EGP", "reportedCurrency": "USD", "cik": "0000049600", "fillingDate": "1997-03-31", "acceptedDate": "1997-03-31 00:00:00", "calendarYear": "1996", "period": "FY", "revenue": 39765000, "costOfRevenue": 0, "grossProfit": 39765000, "grossProfitRatio": 1, "researchAndDevelopmentExpenses": 0, "generalAndAdministrativeExpenses": 2356000, "sellingAndMarketingExpenses": 0, "sellingGeneralAndAdministrativeExpenses": 2356000, "otherExpenses": 21310000, "operatingExpenses": 23666000, "costAndExpenses": 23666000, "interestIncome": 0, "interestExpense": 0, "depreciationAndAmortization": 7759000, "ebitda": 23858000, "ebitdaratio": 0.5999748523, "operatingIncome": 16099000, "operatingIncomeRatio": 0.4048535144, "totalOtherIncomeExpensesNet": 0, "incomeBeforeTax": 0, "incomeBeforeTaxRatio": 0, "incomeTaxExpense": 3590000, "netIncome": 12509000, "netIncomeRatio": 0.3145731171, "eps": 0.96, "epsdiluted": 0.96, "weightedAverageShsOut": 13015500, "weightedAverageShsOutDil": 13015500, "link": "https://www.sec.gov/Archives/edgar/data/49600/000095015297002513/0000950152-97-002513-index.html", "finalLink": "https://www.sec.gov/Archives/edgar/data/49600/", "calculatedOtherExpenses": 21310000, "calculatedOperatingExpenses": 23666000, "calculatedNetInterest": 0, "calculatedOtherIncome": -16099000, "calculatedIncomeNonControlling": -16099000, "calculatedEbitda": 23858000}, {"date": "1995-12-31", "symbol": "EGP", "reportedCurrency": "USD", "cik": "0000049600", "fillingDate": "1996-03-20", "acceptedDate": "1996-03-20 00:00:00", "calendarYear": "1995", "period": "FY", "revenue": 30264000, "costOfRevenue": 0, "grossProfit": 30264000, "grossProfitRatio": 1, "researchAndDevelopmentExpenses": 0, "generalAndAdministrativeExpenses": 2180000, "sellingAndMarketingExpenses": 0, "sellingGeneralAndAdministrativeExpenses": 2180000, "otherExpenses": 17408000, "operatingExpenses": 19588000, "costAndExpenses": 19588000, "interestIncome": 0, "interestExpense": 0, "depreciationAndAmortization": 5613000, "ebitda": 16289000, "ebitdaratio": 0.5382302405, "operatingIncome": 10676000, "operatingIncomeRatio": 0.3527623579, "totalOtherIncomeExpensesNet": 0, "incomeBeforeTax": 0, "incomeBeforeTaxRatio": 0, "incomeTaxExpense": 2965000, "netIncome": 7711000, "netIncomeRatio": 0.254791171, "eps": 1.21, "epsdiluted": 1.21, "weightedAverageShsOut": 6339000, "weightedAverageShsOutDil": 6339000, "link": "https://www.sec.gov/Archives/edgar/data/49600/000095012896000230/0000950128-96-000230-index.html", "finalLink": "https://www.sec.gov/Archives/edgar/data/49600/", "calculatedOtherExpenses": 17408000, "calculatedOperatingExpenses": 19588000, "calculatedNetInterest": 0, "calculatedOtherIncome": -10676000, "calculatedIncomeNonControlling": -10676000, "calculatedEbitda": 16289000}, {"date": "1994-12-31", "symbol": "EGP", "reportedCurrency": "USD", "cik": "0000049600", "fillingDate": "1996-02-21", "acceptedDate": "1996-02-21 00:00:00", "calendarYear": "1994", "period": "FY", "revenue": 27200000, "costOfRevenue": 0, "grossProfit": 27200000, "grossProfitRatio": 1, "researchAndDevelopmentExpenses": 0, "generalAndAdministrativeExpenses": 2000000, "sellingAndMarketingExpenses": 0, "sellingGeneralAndAdministrativeExpenses": 2000000, "otherExpenses": -16200000, "operatingExpenses": -14200000, "costAndExpenses": -14200000, "interestIncome": 0, "interestExpense": 0, "depreciationAndAmortization": 4500000, "ebitda": 43600000, "ebitdaratio": 1.6029411765, "operatingIncome": 41400000, "operatingIncomeRatio": 1.5220588235, "totalOtherIncomeExpensesNet": 2300000, "incomeBeforeTax": 43700000, "incomeBeforeTaxRatio": 1.6066176471, "incomeTaxExpense": 34200000, "netIncome": 7200000, "netIncomeRatio": 0.2647058824, "eps": 1.16, "epsdiluted": 1.15, "weightedAverageShsOut": 6206897, "weightedAverageShsOutDil": 6260870, "link": "https://www.sec.gov/Archives/edgar/data/49600/000095015296000598/0000950152-96-000598-index.html", "finalLink": "https://www.sec.gov/Archives/edgar/data/49600/", "calculatedOtherExpenses": -16200000, "calculatedOperatingExpenses": -14200000, "calculatedNetInterest": 0, "calculatedOtherIncome": 2300000, "calculatedIncomeNonControlling": 2300000, "calculatedEbitda": 45900000}, {"date": "1993-12-31", "symbol": "EGP", "reportedCurrency": "USD", "cik": "0000049600", "fillingDate": "1993-12-31", "acceptedDate": "1993-12-30 19:00:00", "calendarYear": "1993", "period": "FY", "revenue": 20700000, "costOfRevenue": 0, "grossProfit": 20700000, "grossProfitRatio": 1, "researchAndDevelopmentExpenses": 0, "generalAndAdministrativeExpenses": 900000, "sellingAndMarketingExpenses": 0, "sellingGeneralAndAdministrativeExpenses": 900000, "otherExpenses": -11500000, "operatingExpenses": -10600000, "costAndExpenses": -10600000, "interestIncome": 0, "interestExpense": 0, "depreciationAndAmortization": 33100000, "ebitda": 64400000, "ebitdaratio": 3.1111111111, "operatingIncome": 31300000, "operatingIncomeRatio": 1.5120772947, "totalOtherIncomeExpensesNet": 0, "incomeBeforeTax": 0, "incomeBeforeTaxRatio": 0, "incomeTaxExpense": 24900000, "netIncome": 6400000, "netIncomeRatio": 0.309178744, "eps": 1.74, "epsdiluted": 1.71, "weightedAverageShsOut": 3678161, "weightedAverageShsOutDil": 3742690, "link": "", "finalLink": "", "calculatedOtherExpenses": -11500000, "calculatedOperatingExpenses": -10600000, "calculatedNetInterest": 0, "calculatedOtherIncome": -31300000, "calculatedIncomeNonControlling": -31300000, "calculatedEbitda": 64400000}, {"date": "1992-12-31", "symbol": "EGP", "reportedCurrency": "USD", "cik": "0000049600", "fillingDate": "1992-12-31", "acceptedDate": "1992-12-30 19:00:00", "calendarYear": "1992", "period": "FY", "revenue": 10100000, "costOfRevenue": 0, "grossProfit": 10100000, "grossProfitRatio": 1, "researchAndDevelopmentExpenses": 0, "generalAndAdministrativeExpenses": 900000, "sellingAndMarketingExpenses": 0, "sellingGeneralAndAdministrativeExpenses": 900000, "otherExpenses": -9300000, "operatingExpenses": -8400000, "costAndExpenses": -8400000, "interestIncome": 0, "interestExpense": 0, "depreciationAndAmortization": 2400000, "ebitda": 20900000, "ebitdaratio": 2.0693069307, "operatingIncome": 18500000, "operatingIncomeRatio": 1.8316831683, "totalOtherIncomeExpensesNet": 0, "incomeBeforeTax": 0, "incomeBeforeTaxRatio": 0, "incomeTaxExpense": 22200000, "netIncome": -3700000, "netIncomeRatio": -0.3663366337, "eps": -0.99, "epsdiluted": -0.99, "weightedAverageShsOut": 3737374, "weightedAverageShsOutDil": 3737374, "link": "", "finalLink": "", "calculatedOtherExpenses": -9300000, "calculatedOperatingExpenses": -8400000, "calculatedNetInterest": 0, "calculatedOtherIncome": -18500000, "calculatedIncomeNonControlling": -18500000, "calculatedEbitda": 20900000}, {"date": "1991-12-31", "symbol": "EGP", "reportedCurrency": "USD", "cik": "0000049600", "fillingDate": "1991-12-31", "acceptedDate": "1991-12-30 19:00:00", "calendarYear": "1991", "period": "FY", "revenue": 17500000, "costOfRevenue": 0, "grossProfit": 17500000, "grossProfitRatio": 1, "researchAndDevelopmentExpenses": 0, "generalAndAdministrativeExpenses": 900000, "sellingAndMarketingExpenses": 0, "sellingGeneralAndAdministrativeExpenses": 900000, "otherExpenses": -8800000, "operatingExpenses": -7900000, "costAndExpenses": -7900000, "interestIncome": 0, "interestExpense": 0, "depreciationAndAmortization": 2000000, "ebitda": 27400000, "ebitdaratio": 1.5657142857, "operatingIncome": 25400000, "operatingIncomeRatio": 1.4514285714, "totalOtherIncomeExpensesNet": 0, "incomeBeforeTax": 0, "incomeBeforeTaxRatio": 0, "incomeTaxExpense": 19700000, "netIncome": 5700000, "netIncomeRatio": 0.3257142857, "eps": 1.52, "epsdiluted": 1.52, "weightedAverageShsOut": 3750000, "weightedAverageShsOutDil": 3750000, "link": "", "finalLink": "", "calculatedOtherExpenses": -8800000, "calculatedOperatingExpenses": -7900000, "calculatedNetInterest": 0, "calculatedOtherIncome": -25400000, "calculatedIncomeNonControlling": -25400000, "calculatedEbitda": 27400000}, {"date": "1990-12-31", "symbol": "EGP", "reportedCurrency": "USD", "cik": "0000049600", "fillingDate": "1990-12-31", "acceptedDate": "1990-12-30 19:00:00", "calendarYear": "1990", "period": "FY", "revenue": 14800000, "costOfRevenue": 0, "grossProfit": 14800000, "grossProfitRatio": 1, "researchAndDevelopmentExpenses": 0, "generalAndAdministrativeExpenses": 800000, "sellingAndMarketingExpenses": 0, "sellingGeneralAndAdministrativeExpenses": 800000, "otherExpenses": -9200000, "operatingExpenses": -8400000, "costAndExpenses": -8400000, "interestIncome": 0, "interestExpense": 0, "depreciationAndAmortization": 1900000, "ebitda": 25000000, "ebitdaratio": 1.6891891892, "operatingIncome": 23200000, "operatingIncomeRatio": 1.5675675676, "totalOtherIncomeExpensesNet": 100000, "incomeBeforeTax": 23300000, "incomeBeforeTaxRatio": 1.5743243243, "incomeTaxExpense": 20200000, "netIncome": 3000000, "netIncomeRatio": 0.2027027027, "eps": 0.79, "epsdiluted": 0.79, "weightedAverageShsOut": 3797468, "weightedAverageShsOutDil": 3797468, "link": "", "finalLink": "", "calculatedOtherExpenses": -9200000, "calculatedOperatingExpenses": -8400000, "calculatedNetInterest": 0, "calculatedOtherIncome": 100000, "calculatedIncomeNonControlling": 100000, "calculatedEbitda": 25100000}, {"date": "1989-12-31", "symbol": "EGP", "reportedCurrency": "USD", "cik": "0000049600", "fillingDate": "1989-12-31", "acceptedDate": "1989-12-30 19:00:00", "calendarYear": "1989", "period": "FY", "revenue": 25600000, "costOfRevenue": 0, "grossProfit": 25600000, "grossProfitRatio": 1, "researchAndDevelopmentExpenses": 0, "generalAndAdministrativeExpenses": 0, "sellingAndMarketingExpenses": 0, "sellingGeneralAndAdministrativeExpenses": 0, "otherExpenses": -8600000, "operatingExpenses": -8600000, "costAndExpenses": -8600000, "interestIncome": 0, "interestExpense": 0, "depreciationAndAmortization": 0, "ebitda": 34200000, "ebitdaratio": 1.3359375, "operatingIncome": 34200000, "operatingIncomeRatio": 1.3359375, "totalOtherIncomeExpensesNet": 0, "incomeBeforeTax": 0, "incomeBeforeTaxRatio": 0, "incomeTaxExpense": -14000000, "netIncome": 14000000, "netIncomeRatio": 0.546875, "eps": 3.71, "epsdiluted": 3.71, "weightedAverageShsOut": 3773585, "weightedAverageShsOutDil": 3773585, "link": "", "finalLink": "", "calculatedOtherExpenses": -8600000, "calculatedOperatingExpenses": -8600000, "calculatedNetInterest": 0, "calculatedOtherIncome": -34200000, "calculatedIncomeNonControlling": 0, "calculatedEbitda": 34200000}, {"date": "1988-12-31", "symbol": "EGP", "reportedCurrency": "USD", "cik": "0000049600", "fillingDate": "1988-12-31", "acceptedDate": "1988-12-30 19:00:00", "calendarYear": "1988", "period": "FY", "revenue": 10900000, "costOfRevenue": 0, "grossProfit": 10900000, "grossProfitRatio": 1, "researchAndDevelopmentExpenses": 0, "generalAndAdministrativeExpenses": 0, "sellingAndMarketingExpenses": 0, "sellingGeneralAndAdministrativeExpenses": 0, "otherExpenses": -2000000, "operatingExpenses": -2000000, "costAndExpenses": -2000000, "interestIncome": 0, "interestExpense": 0, "depreciationAndAmortization": 0, "ebitda": 12900000, "ebitdaratio": 1.1834862385, "operatingIncome": 12900000, "operatingIncomeRatio": 1.1834862385, "totalOtherIncomeExpensesNet": 0, "incomeBeforeTax": 0, "incomeBeforeTaxRatio": 0, "incomeTaxExpense": -8900000, "netIncome": 8900000, "netIncomeRatio": 0.8165137615, "eps": 2.32, "epsdiluted": 2.32, "weightedAverageShsOut": 3836207, "weightedAverageShsOutDil": 3836207, "link": "", "finalLink": "", "calculatedOtherExpenses": -2000000, "calculatedOperatingExpenses": -2000000, "calculatedNetInterest": 0, "calculatedOtherIncome": -12900000, "calculatedIncomeNonControlling": 0, "calculatedEbitda": 12900000}, {"date": "1987-11-30", "symbol": "EGP", "reportedCurrency": "USD", "cik": "0000049600", "fillingDate": "1987-11-30", "acceptedDate": "1987-11-29 19:00:00", "calendarYear": "1987", "period": "FY", "revenue": 7700000, "costOfRevenue": 0, "grossProfit": 7700000, "grossProfitRatio": 1, "researchAndDevelopmentExpenses": 0, "generalAndAdministrativeExpenses": 0, "sellingAndMarketingExpenses": 0, "sellingGeneralAndAdministrativeExpenses": 0, "otherExpenses": -1100000, "operatingExpenses": -1100000, "costAndExpenses": -1100000, "interestIncome": 0, "interestExpense": 0, "depreciationAndAmortization": 0, "ebitda": 8800000, "ebitdaratio": 1.1428571429, "operatingIncome": 8800000, "operatingIncomeRatio": 1.1428571429, "totalOtherIncomeExpensesNet": 0, "incomeBeforeTax": 0, "incomeBeforeTaxRatio": 0, "incomeTaxExpense": -6700000, "netIncome": 6700000, "netIncomeRatio": 0.8701298701, "eps": 1.67, "epsdiluted": 1.67, "weightedAverageShsOut": 4011976, "weightedAverageShsOutDil": 4011976, "link": "", "finalLink": "", "calculatedOtherExpenses": -1100000, "calculatedOperatingExpenses": -1100000, "calculatedNetInterest": 0, "calculatedOtherIncome": -8800000, "calculatedIncomeNonControlling": 0, "calculatedEbitda": 8800000}, {"date": "1986-11-30", "symbol": "EGP", "reportedCurrency": "USD", "cik": "0000049600", "fillingDate": "1986-11-30", "acceptedDate": "1986-11-29 19:00:00", "calendarYear": "1986", "period": "FY", "revenue": 9100000, "costOfRevenue": 0, "grossProfit": 9100000, "grossProfitRatio": 1, "researchAndDevelopmentExpenses": 0, "generalAndAdministrativeExpenses": 0, "sellingAndMarketingExpenses": 0, "sellingGeneralAndAdministrativeExpenses": 0, "otherExpenses": -800000, "operatingExpenses": -800000, "costAndExpenses": -800000, "interestIncome": 0, "interestExpense": 0, "depreciationAndAmortization": 0, "ebitda": 9900000, "ebitdaratio": 1.0879120879, "operatingIncome": 9900000, "operatingIncomeRatio": 1.0879120879, "totalOtherIncomeExpensesNet": 0, "incomeBeforeTax": 0, "incomeBeforeTaxRatio": 0, "incomeTaxExpense": -8300000, "netIncome": 8300000, "netIncomeRatio": 0.9120879121, "eps": 2.07, "epsdiluted": 2.07, "weightedAverageShsOut": 4009662, "weightedAverageShsOutDil": 4009662, "link": "", "finalLink": "", "calculatedOtherExpenses": -800000, "calculatedOperatingExpenses": -800000, "calculatedNetInterest": 0, "calculatedOtherIncome": -9900000, "calculatedIncomeNonControlling": 0, "calculatedEbitda": 9900000}, {"date": "1985-11-30", "symbol": "EGP", "reportedCurrency": "USD", "cik": "0000049600", "fillingDate": "1985-11-30", "acceptedDate": "1985-11-29 19:00:00", "calendarYear": "1985", "period": "FY", "revenue": 12900000, "costOfRevenue": 0, "grossProfit": 12900000, "grossProfitRatio": 1, "researchAndDevelopmentExpenses": 0, "generalAndAdministrativeExpenses": 0, "sellingAndMarketingExpenses": 0, "sellingGeneralAndAdministrativeExpenses": 0, "otherExpenses": -1000000, "operatingExpenses": -1000000, "costAndExpenses": -1000000, "interestIncome": 0, "interestExpense": 0, "depreciationAndAmortization": 0, "ebitda": 13900000, "ebitdaratio": 1.0775193798, "operatingIncome": 13900000, "operatingIncomeRatio": 1.0775193798, "totalOtherIncomeExpensesNet": 0, "incomeBeforeTax": 0, "incomeBeforeTaxRatio": 0, "incomeTaxExpense": -11900000, "netIncome": 11900000, "netIncomeRatio": 0.9224806202, "eps": 2.93, "epsdiluted": 2.93, "weightedAverageShsOut": 4061433, "weightedAverageShsOutDil": 4061433, "link": "", "finalLink": "", "calculatedOtherExpenses": -1000000, "calculatedOperatingExpenses": -1000000, "calculatedNetInterest": 0, "calculatedOtherIncome": -13900000, "calculatedIncomeNonControlling": 0, "calculatedEbitda": 13900000}]}