{"originalCurrency": "USD", "convertedCurrency": "USD", "report": [{"date": "2023-12-31", "symbol": "EHC", "reportedCurrency": "USD", "cik": "0000785161", "fillingDate": "2024-02-07", "acceptedDate": "2024-02-07 16:35:14", "calendarYear": "2023", "period": "FY", "revenue": 4801200000, "costOfRevenue": 3867700000, "grossProfit": 933500000, "grossProfitRatio": 0.194430559, "researchAndDevelopmentExpenses": 0, "generalAndAdministrativeExpenses": 2858100000, "sellingAndMarketingExpenses": -2656400000, "sellingGeneralAndAdministrativeExpenses": 201700000, "otherExpenses": 15700000, "operatingExpenses": 201700000, "costAndExpenses": 4069400000, "interestIncome": 0, "interestExpense": 157000000, "depreciationAndAmortization": 273900000, "ebitda": 1005700000, "ebitdaratio": 0.2094684662, "operatingIncome": 731800000, "operatingIncomeRatio": 0.1524202283, "totalOtherIncomeExpensesNet": -124600000, "incomeBeforeTax": 607200000, "incomeBeforeTaxRatio": 0.1264683829, "incomeTaxExpense": 132199999, "netIncome": 352000000, "netIncomeRatio": 0.0733150046, "eps": 3.51, "epsdiluted": 3.47, "weightedAverageShsOut": 99500000, "weightedAverageShsOutDil": 101300000, "link": "https://www.sec.gov/Archives/edgar/data/785161/000078516124000003/0000785161-24-000003-index.htm", "finalLink": "https://www.sec.gov/Archives/edgar/data/785161/000078516124000003/ehcearningsrelease123123.htm", "calculatedOtherExpenses": 0, "calculatedOperatingExpenses": 201700000, "calculatedNetInterest": -157000000, "calculatedOtherIncome": 32400000, "calculatedIncomeNonControlling": 123000001, "calculatedEbitda": 1005700000}, {"date": "2022-12-31", "symbol": "EHC", "reportedCurrency": "USD", "cik": "0000785161", "fillingDate": "2023-02-27", "acceptedDate": "2023-02-27 16:20:43", "calendarYear": "2022", "period": "FY", "revenue": 4348600000, "costOfRevenue": 202100000, "grossProfit": 4146500000, "grossProfitRatio": 0.9535252725, "researchAndDevelopmentExpenses": 0, "generalAndAdministrativeExpenses": 2602300000, "sellingAndMarketingExpenses": 0, "sellingGeneralAndAdministrativeExpenses": 2602300000, "otherExpenses": 914000000, "operatingExpenses": 3516300000, "costAndExpenses": 3718400000, "interestIncome": 175700000, "interestExpense": 175700000, "depreciationAndAmortization": 243600000, "ebitda": 871500000, "ebitdaratio": 0.2004093271, "operatingIncome": 627900000, "operatingIncomeRatio": 0.1443912983, "totalOtherIncomeExpensesNet": -177100000, "incomeBeforeTax": 450800000, "incomeBeforeTaxRatio": 0.1036655475, "incomeTaxExpense": 100100000, "netIncome": 271000000, "netIncomeRatio": 0.0623189072, "eps": 2.72, "epsdiluted": 2.7, "weightedAverageShsOut": 99200000, "weightedAverageShsOutDil": 100400000, "link": "https://www.sec.gov/Archives/edgar/data/785161/000078516123000012/0000785161-23-000012-index.htm", "finalLink": "https://www.sec.gov/Archives/edgar/data/785161/000078516123000012/ehc-20221231.htm", "calculatedOtherExpenses": 916300000, "calculatedOperatingExpenses": 3518600000, "calculatedNetInterest": 0, "calculatedOtherIncome": -177100000, "calculatedIncomeNonControlling": 79700000, "calculatedEbitda": 871500000}, {"date": "2021-12-31", "symbol": "EHC", "reportedCurrency": "USD", "cik": "0000785161", "fillingDate": "2022-02-25", "acceptedDate": "2022-02-25 16:38:15", "calendarYear": "2021", "period": "FY", "revenue": 5121600000, "costOfRevenue": 209300000, "grossProfit": 4912300000, "grossProfitRatio": 0.9591338644, "researchAndDevelopmentExpenses": 0, "generalAndAdministrativeExpenses": 3164000000, "sellingAndMarketingExpenses": 0, "sellingGeneralAndAdministrativeExpenses": 3164000000, "otherExpenses": 941800000, "operatingExpenses": 4105800000, "costAndExpenses": 4315100000, "interestIncome": 164300000, "interestExpense": 164600000, "depreciationAndAmortization": 256600000, "ebitda": 1079400000, "ebitdaratio": 0.2107544517, "operatingIncome": 822800000, "operatingIncomeRatio": 0.160652921, "totalOtherIncomeExpensesNet": -165600000, "incomeBeforeTax": 657200000, "incomeBeforeTaxRatio": 0.1283192752, "incomeTaxExpense": 139600000, "netIncome": 412200000, "netIncomeRatio": 0.0804826617, "eps": 4.15, "epsdiluted": 4.11, "weightedAverageShsOut": 99000000, "weightedAverageShsOutDil": 100200000, "link": "https://www.sec.gov/Archives/edgar/data/785161/000078516122000008/0000785161-22-000008-index.htm", "finalLink": "https://www.sec.gov/Archives/edgar/data/785161/000078516122000008/ehc-20211231.htm", "calculatedOtherExpenses": 925500000, "calculatedOperatingExpenses": 4089500000, "calculatedNetInterest": -300000, "calculatedOtherIncome": -165300000, "calculatedIncomeNonControlling": 105400000, "calculatedEbitda": 1079400000}, {"date": "2020-12-31", "symbol": "EHC", "reportedCurrency": "USD", "cik": "0000785161", "fillingDate": "2021-02-26", "acceptedDate": "2021-02-26 16:25:21", "calendarYear": "2020", "period": "FY", "revenue": 4644400000, "costOfRevenue": 200500000, "grossProfit": 4443900000, "grossProfitRatio": 0.9568297304, "researchAndDevelopmentExpenses": 0, "generalAndAdministrativeExpenses": 2918700000, "sellingAndMarketingExpenses": 0, "sellingGeneralAndAdministrativeExpenses": 2918700000, "otherExpenses": 877400000, "operatingExpenses": 3796100000, "costAndExpenses": 3996600000, "interestIncome": 183700000, "interestExpense": 184200000, "depreciationAndAmortization": 243000000, "ebitda": 904900000, "ebitdaratio": 0.1948367927, "operatingIncome": 661900000, "operatingIncomeRatio": 0.1425157179, "totalOtherIncomeExpensesNet": -189300000, "incomeBeforeTax": 472600000, "incomeBeforeTaxRatio": 0.1017569546, "incomeTaxExpense": 103800000, "netIncome": 284200000, "netIncomeRatio": 0.0611919731, "eps": 2.87, "epsdiluted": 2.85, "weightedAverageShsOut": 98600000, "weightedAverageShsOutDil": 99800000, "link": "https://www.sec.gov/Archives/edgar/data/785161/000078516121000006/0000785161-21-000006-index.htm", "finalLink": "https://www.sec.gov/Archives/edgar/data/785161/000078516121000006/ehc-20201231.htm", "calculatedOtherExpenses": 863300000, "calculatedOperatingExpenses": 3782000000, "calculatedNetInterest": -500000, "calculatedOtherIncome": -188800000, "calculatedIncomeNonControlling": 84600000, "calculatedEbitda": 904900000}, {"date": "2019-12-31", "symbol": "EHC", "reportedCurrency": "USD", "cik": "0000785161", "fillingDate": "2020-02-27", "acceptedDate": "2020-02-27 16:28:27", "calendarYear": "2019", "period": "FY", "revenue": 4605000000, "costOfRevenue": 167900000, "grossProfit": 4437100000, "grossProfitRatio": 0.9635396308, "researchAndDevelopmentExpenses": 0, "generalAndAdministrativeExpenses": 2902300000, "sellingAndMarketingExpenses": 0, "sellingGeneralAndAdministrativeExpenses": 2902300000, "otherExpenses": 842300000, "operatingExpenses": 3744600000, "costAndExpenses": 3912500000, "interestIncome": 159700000, "interestExpense": 159700000, "depreciationAndAmortization": 218700000, "ebitda": 948400000, "ebitdaratio": 0.2059500543, "operatingIncome": 729700000, "operatingIncomeRatio": 0.1584581976, "totalOtherIncomeExpensesNet": -167400000, "incomeBeforeTax": 562300000, "incomeBeforeTaxRatio": 0.1221064061, "incomeTaxExpense": 115900000, "netIncome": 358700000, "netIncomeRatio": 0.0778935939, "eps": 3.65, "epsdiluted": 3.61, "weightedAverageShsOut": 98000000, "weightedAverageShsOutDil": 99400000, "link": "https://www.sec.gov/Archives/edgar/data/785161/000078516120000011/0000785161-20-000011-index.htm", "finalLink": "https://www.sec.gov/Archives/edgar/data/785161/000078516120000011/ehc10k123119.htm", "calculatedOtherExpenses": 805100000, "calculatedOperatingExpenses": 3707400000, "calculatedNetInterest": 0, "calculatedOtherIncome": -167400000, "calculatedIncomeNonControlling": 87700000, "calculatedEbitda": 948400000}, {"date": "2018-12-31", "symbol": "EHC", "reportedCurrency": "USD", "cik": "0000785161", "fillingDate": "2019-02-27", "acceptedDate": "2019-02-27 16:33:34", "calendarYear": "2018", "period": "FY", "revenue": 4277300000, "costOfRevenue": 158700000, "grossProfit": 4118600000, "grossProfitRatio": 0.9628971547, "researchAndDevelopmentExpenses": 0, "generalAndAdministrativeExpenses": 2652200000, "sellingAndMarketingExpenses": 0, "sellingGeneralAndAdministrativeExpenses": 2652200000, "otherExpenses": 2200000, "operatingExpenses": 3437000000, "costAndExpenses": 3595700000, "interestIncome": 0, "interestExpense": 147300000, "depreciationAndAmortization": 199700000, "ebitda": 892200000, "ebitdaratio": 0.2085895308, "operatingIncome": 681600000, "operatingIncomeRatio": 0.1593528628, "totalOtherIncomeExpensesNet": -41100000, "incomeBeforeTax": 493200000, "incomeBeforeTaxRatio": 0.1153063849, "incomeTaxExpense": 118900000, "netIncome": 292300000, "netIncomeRatio": 0.0683375026, "eps": 2.99, "epsdiluted": 2.93, "weightedAverageShsOut": 97900000, "weightedAverageShsOutDil": 99800000, "link": "https://www.sec.gov/Archives/edgar/data/785161/000078516119000011/0000785161-19-000011-index.htm", "finalLink": "https://www.sec.gov/Archives/edgar/data/785161/000078516119000011/ehc10k123118.htm", "calculatedOtherExpenses": 784800000, "calculatedOperatingExpenses": 3437000000, "calculatedNetInterest": -147300000, "calculatedOtherIncome": -41100000, "calculatedIncomeNonControlling": 82000000, "calculatedEbitda": 881300000}, {"date": "2017-12-31", "symbol": "EHC", "reportedCurrency": "USD", "cik": "0000785161", "fillingDate": "2018-02-28", "acceptedDate": "2018-02-27 18:05:55", "calendarYear": "2017", "period": "FY", "revenue": 3919000000, "costOfRevenue": 149300000, "grossProfit": 3769700000, "grossProfitRatio": 0.9619035468, "researchAndDevelopmentExpenses": 0, "generalAndAdministrativeExpenses": 2399800000, "sellingAndMarketingExpenses": 0, "sellingGeneralAndAdministrativeExpenses": 2399800000, "otherExpenses": 4100000, "operatingExpenses": 3120300000, "costAndExpenses": 3269600000, "interestIncome": 0, "interestExpense": 154400000, "depreciationAndAmortization": 183800000, "ebitda": 845300000, "ebitdaratio": 0.2156927788, "operatingIncome": 649400000, "operatingIncomeRatio": 0.1657055371, "totalOtherIncomeExpensesNet": 1400000, "incomeBeforeTax": 496400000, "incomeBeforeTaxRatio": 0.1266649656, "incomeTaxExpense": 160600000, "netIncome": 256300000, "netIncomeRatio": 0.0653993366, "eps": 2.73, "epsdiluted": 2.69, "weightedAverageShsOut": 93700000, "weightedAverageShsOutDil": 99300000, "link": "https://www.sec.gov/Archives/edgar/data/785161/000078516118000012/0000785161-18-000012-index.htm", "finalLink": "https://www.sec.gov/Archives/edgar/data/785161/000078516118000012/ehc10k123117.htm", "calculatedOtherExpenses": 720500000, "calculatedOperatingExpenses": 3120300000, "calculatedNetInterest": -154400000, "calculatedOtherIncome": 1400000, "calculatedIncomeNonControlling": 79500000, "calculatedEbitda": 833200000}, {"date": "2016-12-31", "symbol": "EHC", "reportedCurrency": "USD", "cik": "0000785161", "fillingDate": "2017-02-22", "acceptedDate": "2017-02-22 17:28:56", "calendarYear": "2016", "period": "FY", "revenue": 3646000000, "costOfRevenue": 140000000, "grossProfit": 3506000000, "grossProfitRatio": 0.9616017553, "researchAndDevelopmentExpenses": 0, "generalAndAdministrativeExpenses": 2192500000, "sellingAndMarketingExpenses": 0, "sellingGeneralAndAdministrativeExpenses": 2192500000, "otherExpenses": 2900000, "operatingExpenses": 2857200000, "costAndExpenses": 2997200000, "interestIncome": 0, "interestExpense": 172100000, "depreciationAndAmortization": 172600000, "ebitda": 834100000, "ebitdaratio": 0.2287712562, "operatingIncome": 648800000, "operatingIncomeRatio": 0.1779484366, "totalOtherIncomeExpensesNet": 5300000, "incomeBeforeTax": 482000000, "incomeBeforeTaxRatio": 0.1321996709, "incomeTaxExpense": 163900000, "netIncome": 247600000, "netIncomeRatio": 0.0679100384, "eps": 2.77, "epsdiluted": 2.59, "weightedAverageShsOut": 89100000, "weightedAverageShsOutDil": 99500000, "link": "https://www.sec.gov/Archives/edgar/data/785161/000078516117000009/0000785161-17-000009-index.htm", "finalLink": "https://www.sec.gov/Archives/edgar/data/785161/000078516117000009/hls10k123116.htm", "calculatedOtherExpenses": 664700000, "calculatedOperatingExpenses": 2857200000, "calculatedNetInterest": -172100000, "calculatedOtherIncome": 5300000, "calculatedIncomeNonControlling": 70500000, "calculatedEbitda": 821400000}, {"date": "2015-12-31", "symbol": "EHC", "reportedCurrency": "USD", "cik": "0000785161", "fillingDate": "2016-02-25", "acceptedDate": "2016-02-24 18:25:44", "calendarYear": "2015", "period": "FY", "revenue": 3115700000, "costOfRevenue": 128700000, "grossProfit": 2987000000, "grossProfitRatio": 0.9586930706, "researchAndDevelopmentExpenses": 0, "generalAndAdministrativeExpenses": 1861000000, "sellingAndMarketingExpenses": 0, "sellingGeneralAndAdministrativeExpenses": 1861000000, "otherExpenses": 5500000, "operatingExpenses": 2432800000, "costAndExpenses": 2561500000, "interestIncome": 0, "interestExpense": 142900000, "depreciationAndAmortization": 139700000, "ebitda": 708100000, "ebitdaratio": 0.2272683506, "operatingIncome": 554200000, "operatingIncomeRatio": 0.1778733511, "totalOtherIncomeExpensesNet": -15700000, "incomeBeforeTax": 395600000, "incomeBeforeTaxRatio": 0.1269698623, "incomeTaxExpense": 141900000, "netIncome": 183100000, "netIncomeRatio": 0.0587668903, "eps": 2.02, "epsdiluted": 1.91, "weightedAverageShsOut": 89400000, "weightedAverageShsOutDil": 101000000, "link": "https://www.sec.gov/Archives/edgar/data/785161/000078516116000117/0000785161-16-000117-index.htm", "finalLink": "https://www.sec.gov/Archives/edgar/data/785161/000078516116000117/hls10k123115.htm", "calculatedOtherExpenses": 571800000, "calculatedOperatingExpenses": 2432800000, "calculatedNetInterest": -142900000, "calculatedOtherIncome": -15700000, "calculatedIncomeNonControlling": 70600000, "calculatedEbitda": 693900000}, {"date": "2014-12-31", "symbol": "EHC", "reportedCurrency": "USD", "cik": "0000785161", "fillingDate": "2015-03-02", "acceptedDate": "2015-02-27 21:24:12", "calendarYear": "2014", "period": "FY", "revenue": 2374300000, "costOfRevenue": 111900000, "grossProfit": 2262400000, "grossProfitRatio": 0.9528703197, "researchAndDevelopmentExpenses": 0, "generalAndAdministrativeExpenses": 1337400000, "sellingAndMarketingExpenses": 0, "sellingGeneralAndAdministrativeExpenses": 1337400000, "otherExpenses": 31200000, "operatingExpenses": 1796700000, "costAndExpenses": 1908600000, "interestIncome": 0, "interestExpense": 109200000, "depreciationAndAmortization": 107700000, "ebitda": 615300000, "ebitdaratio": 0.2591500653, "operatingIncome": 465700000, "operatingIncomeRatio": 0.1961420208, "totalOtherIncomeExpensesNet": 30400000, "incomeBeforeTax": 386900000, "incomeBeforeTaxRatio": 0.1629532915, "incomeTaxExpense": 110700000, "netIncome": 222000000, "netIncomeRatio": 0.0935012425, "eps": 2.46, "epsdiluted": 2.29, "weightedAverageShsOut": 86800000, "weightedAverageShsOutDil": 100700000, "link": "https://www.sec.gov/Archives/edgar/data/785161/000078516115000020/0000785161-15-000020-index.htm", "finalLink": "https://www.sec.gov/Archives/edgar/data/785161/000078516115000020/hls10k123114.htm", "calculatedOtherExpenses": 459300000, "calculatedOperatingExpenses": 1796700000, "calculatedNetInterest": -109200000, "calculatedOtherIncome": 30400000, "calculatedIncomeNonControlling": 54200000, "calculatedEbitda": 573400000}, {"date": "2013-12-31", "symbol": "EHC", "reportedCurrency": "USD", "cik": "0000785161", "fillingDate": "2014-02-20", "acceptedDate": "2014-02-20 15:05:38", "calendarYear": "2013", "period": "FY", "revenue": 2247200000, "costOfRevenue": 105400000, "grossProfit": 2141800000, "grossProfitRatio": 0.9530971876, "researchAndDevelopmentExpenses": 0, "generalAndAdministrativeExpenses": 1265300000, "sellingAndMarketingExpenses": 0, "sellingGeneralAndAdministrativeExpenses": 1265300000, "otherExpenses": 4500000, "operatingExpenses": 1683000000, "costAndExpenses": 1788400000, "interestIncome": 0, "interestExpense": 100400000, "depreciationAndAmortization": 94700000, "ebitda": 569200000, "ebitdaratio": 0.2532929868, "operatingIncome": 381900000, "operatingIncomeRatio": 0.1699448202, "totalOtherIncomeExpensesNet": 36800000, "incomeBeforeTax": 395200000, "incomeBeforeTaxRatio": 0.1758632965, "incomeTaxExpense": 12700000, "netIncome": 323600000, "netIncomeRatio": 0.144001424, "eps": 2.58, "epsdiluted": 2.58, "weightedAverageShsOut": 88100000, "weightedAverageShsOutDil": 102100000, "link": "https://www.sec.gov/Archives/edgar/data/785161/000078516114000013/0000785161-14-000013-index.htm", "finalLink": "https://www.sec.gov/Archives/edgar/data/785161/000078516114000013/hls10k123113.htm", "calculatedOtherExpenses": 494600000, "calculatedOperatingExpenses": 1759900000, "calculatedNetInterest": -100400000, "calculatedOtherIncome": 113700000, "calculatedIncomeNonControlling": 58900000, "calculatedEbitda": 476600000}, {"date": "2012-12-31", "symbol": "EHC", "reportedCurrency": "USD", "cik": "0000785161", "fillingDate": "2013-02-19", "acceptedDate": "2013-02-19 14:36:20", "calendarYear": "2012", "period": "FY", "revenue": 2134900000, "costOfRevenue": 102400000, "grossProfit": 2032500000, "grossProfitRatio": 0.9520352241, "researchAndDevelopmentExpenses": 0, "generalAndAdministrativeExpenses": 1232800000, "sellingAndMarketingExpenses": 0, "sellingGeneralAndAdministrativeExpenses": 1232800000, "otherExpenses": 8500000, "operatingExpenses": 1619100000, "costAndExpenses": 1721500000, "interestIncome": 0, "interestExpense": 94100000, "depreciationAndAmortization": 82500000, "ebitda": 517100000, "ebitdaratio": 0.24221275, "operatingIncome": 413400000, "operatingIncomeRatio": 0.1936390463, "totalOtherIncomeExpensesNet": 20700000, "incomeBeforeTax": 340000000, "incomeBeforeTaxRatio": 0.1592580449, "incomeTaxExpense": 108600000, "netIncome": 185000000, "netIncomeRatio": 0.0866551127, "eps": 1.67, "epsdiluted": 1.67, "weightedAverageShsOut": 94600000, "weightedAverageShsOutDil": 108100000, "link": "https://www.sec.gov/Archives/edgar/data/785161/000078516113000012/0000785161-13-000012-index.htm", "finalLink": "https://www.sec.gov/Archives/edgar/data/785161/000078516113000012/hls10k123112.htm", "calculatedOtherExpenses": 386300000, "calculatedOperatingExpenses": 1619100000, "calculatedNetInterest": -94100000, "calculatedOtherIncome": 20700000, "calculatedIncomeNonControlling": 46400000, "calculatedEbitda": 495900000}, {"date": "2011-12-31", "symbol": "EHC", "reportedCurrency": "USD", "cik": "0000785161", "fillingDate": "2012-02-23", "acceptedDate": "2012-02-23 16:51:15", "calendarYear": "2011", "period": "FY", "revenue": 2026900000, "costOfRevenue": 1314400000, "grossProfit": 712500000, "grossProfitRatio": 0.3515220287, "researchAndDevelopmentExpenses": 0, "generalAndAdministrativeExpenses": 1252400000, "sellingAndMarketingExpenses": 0, "sellingGeneralAndAdministrativeExpenses": 1252400000, "otherExpenses": 99800000, "operatingExpenses": 1352200000, "costAndExpenses": 1352200000, "interestIncome": 0, "interestExpense": 119400000, "depreciationAndAmortization": 78800000, "ebitda": 765500000, "ebitdaratio": 0.377670334, "operatingIncome": 674700000, "operatingIncomeRatio": 0.33287286, "totalOtherIncomeExpensesNet": -312400000, "incomeBeforeTax": 242900000, "incomeBeforeTaxRatio": 0.1198381765, "incomeTaxExpense": 37100000, "netIncome": 208700000, "netIncomeRatio": 0.1029651191, "eps": 1.91, "epsdiluted": 1.91, "weightedAverageShsOut": 93300000, "weightedAverageShsOutDil": 109200000, "link": "https://www.sec.gov/Archives/edgar/data/785161/000078516112000009/0000785161-12-000009-index.htm", "finalLink": "https://www.sec.gov/Archives/edgar/data/785161/000078516112000009/hls10k123111.htm", "calculatedOtherExpenses": -1214600000, "calculatedOperatingExpenses": 37800000, "calculatedNetInterest": -119400000, "calculatedOtherIncome": -312400000, "calculatedIncomeNonControlling": -2900000, "calculatedEbitda": 753500000}, {"date": "2010-12-31", "symbol": "EHC", "reportedCurrency": "USD", "cik": "0000785161", "fillingDate": "2011-02-24", "acceptedDate": "2011-02-24 08:49:27", "calendarYear": "2010", "period": "FY", "revenue": 520700000, "costOfRevenue": 0, "grossProfit": 520700000, "grossProfitRatio": 1, "researchAndDevelopmentExpenses": 0, "generalAndAdministrativeExpenses": 327000000, "sellingAndMarketingExpenses": 0, "sellingGeneralAndAdministrativeExpenses": 327000000, "otherExpenses": 387700000, "operatingExpenses": 426600000, "costAndExpenses": 426600000, "interestIncome": 0, "interestExpense": 34500000, "depreciationAndAmortization": 76400000, "ebitda": 173100000, "ebitdaratio": 0.3324371039, "operatingIncome": 342200000, "operatingIncomeRatio": 0.6571922412, "totalOtherIncomeExpensesNet": -8800000, "incomeBeforeTax": 50800000, "incomeBeforeTaxRatio": 0.0975609756, "incomeTaxExpense": -736200000, "netIncome": 779200000, "netIncomeRatio": 1.4964470905, "eps": 9.41, "epsdiluted": 8.28, "weightedAverageShsOut": 92800000, "weightedAverageShsOutDil": 108500000, "link": "https://www.sec.gov/Archives/edgar/data/785161/000078516111000014/0000785161-11-000014-index.htm", "finalLink": "https://www.sec.gov/Archives/edgar/data/785161/000078516111000014/form_10-k2010.htm", "calculatedOtherExpenses": -148500000, "calculatedOperatingExpenses": 178500000, "calculatedNetInterest": -34500000, "calculatedOtherIncome": -256900000, "calculatedIncomeNonControlling": 7800000, "calculatedEbitda": 418600000}, {"date": "2009-12-31", "symbol": "EHC", "reportedCurrency": "USD", "cik": "0000785161", "fillingDate": "2010-02-23", "acceptedDate": "2010-02-23 16:07:57", "calendarYear": "2009", "period": "FY", "revenue": 1911100000, "costOfRevenue": 1332600000, "grossProfit": 578500000, "grossProfitRatio": 0.3027052483, "researchAndDevelopmentExpenses": 0, "generalAndAdministrativeExpenses": 1211200000, "sellingAndMarketingExpenses": -1013600000, "sellingGeneralAndAdministrativeExpenses": 197600000, "otherExpenses": 378900000, "operatingExpenses": 305100000, "costAndExpenses": 1637700000, "interestIncome": 0, "interestExpense": 125800000, "depreciationAndAmortization": 70900000, "ebitda": 348900000, "ebitdaratio": 0.1825650149, "operatingIncome": 273400000, "operatingIncomeRatio": 0.1430589713, "totalOtherIncomeExpensesNet": -24100000, "incomeBeforeTax": 123500000, "incomeBeforeTaxRatio": 0.0646224687, "incomeTaxExpense": -3200000, "netIncome": 94800000, "netIncomeRatio": 0.0496049396, "eps": 0.77, "epsdiluted": 0.77, "weightedAverageShsOut": 88800000, "weightedAverageShsOutDil": 103300000, "link": "https://www.sec.gov/Archives/edgar/data/785161/000078516110000011/0000785161-10-000011-index.htm", "finalLink": "https://www.sec.gov/Archives/edgar/data/785161/000078516110000011/form_10-k2009.htm", "calculatedOtherExpenses": 107500000, "calculatedOperatingExpenses": 305100000, "calculatedNetInterest": -125800000, "calculatedOtherIncome": -24100000, "calculatedIncomeNonControlling": 31900000, "calculatedEbitda": 344300000}, {"date": "2008-12-31", "symbol": "EHC", "reportedCurrency": "USD", "cik": "0000785161", "fillingDate": "2009-02-24", "acceptedDate": "2009-02-24 16:54:46", "calendarYear": "2008", "period": "FY", "revenue": 1842400000, "costOfRevenue": 108900000, "grossProfit": 1733500000, "grossProfitRatio": 0.9408923144, "researchAndDevelopmentExpenses": 0, "generalAndAdministrativeExpenses": 149900000, "sellingAndMarketingExpenses": 1280600000, "sellingGeneralAndAdministrativeExpenses": 1430500000, "otherExpenses": 83800000, "operatingExpenses": 1514300000, "costAndExpenses": 1623200000, "interestIncome": 0, "interestExpense": 159700000, "depreciationAndAmortization": 97000000, "ebitda": 191800000, "ebitdaratio": 0.1041033435, "operatingIncome": 219200000, "operatingIncomeRatio": 0.1189752497, "totalOtherIncomeExpensesNet": 135000000, "incomeBeforeTax": 164700000, "incomeBeforeTaxRatio": 0.0893942683, "incomeTaxExpense": -70100000, "netIncome": 252400000, "netIncomeRatio": 0.1369952236, "eps": 2.73, "epsdiluted": 2.62, "weightedAverageShsOut": 83000000, "weightedAverageShsOutDil": 96400000, "link": "https://www.sec.gov/Archives/edgar/data/785161/000144264309000012/0001442643-09-000012-index.htm", "finalLink": "https://www.sec.gov/Archives/edgar/data/785161/000144264309000012/form_10-k20081v.htm", "calculatedOtherExpenses": 83800000, "calculatedOperatingExpenses": 1514300000, "calculatedNetInterest": -159700000, "calculatedOtherIncome": 105200000, "calculatedIncomeNonControlling": -17600000, "calculatedEbitda": 316200000}, {"date": "2007-12-31", "symbol": "EHC", "reportedCurrency": "USD", "cik": "0000785161", "fillingDate": "2008-02-26", "acceptedDate": "2008-02-26 16:04:04", "calendarYear": "2007", "period": "FY", "revenue": 1752500000, "costOfRevenue": 969800000, "grossProfit": 782700000, "grossProfitRatio": 0.4466191155, "researchAndDevelopmentExpenses": 0, "generalAndAdministrativeExpenses": 186400000, "sellingAndMarketingExpenses": 330100000, "sellingGeneralAndAdministrativeExpenses": 516500000, "otherExpenses": 77500000, "operatingExpenses": 594000000, "costAndExpenses": 1563800000, "interestIncome": 0, "interestExpense": 229900000, "depreciationAndAmortization": 85300000, "ebitda": 335300000, "ebitdaratio": 0.1913266762, "operatingIncome": 188700000, "operatingIncomeRatio": 0.1076747504, "totalOtherIncomeExpensesNet": -51000000, "incomeBeforeTax": -123600000, "incomeBeforeTaxRatio": -0.0705278174, "incomeTaxExpense": -322400000, "netIncome": 653400000, "netIncomeRatio": 0.3728388017, "eps": 7.97, "epsdiluted": 7.1, "weightedAverageShsOut": 78700000, "weightedAverageShsOutDil": 92000000, "link": "https://www.sec.gov/Archives/edgar/data/785161/000137886208000014/0001378862-08-000014-index.htm", "finalLink": "https://www.sec.gov/Archives/edgar/data/785161/000137886208000014/form_10k-2007.htm", "calculatedOtherExpenses": 77500000, "calculatedOperatingExpenses": 594000000, "calculatedNetInterest": -229900000, "calculatedOtherIncome": -82400000, "calculatedIncomeNonControlling": -454600000, "calculatedEbitda": 274000000}, {"date": "2006-12-31", "symbol": "EHC", "reportedCurrency": "USD", "cik": "0000785161", "fillingDate": "2007-03-01", "acceptedDate": "2007-02-28 19:52:15", "calendarYear": "2006", "period": "FY", "revenue": 3000100000, "costOfRevenue": 1686200000, "grossProfit": 1313900000, "grossProfitRatio": 0.4379520683, "researchAndDevelopmentExpenses": 0, "generalAndAdministrativeExpenses": 235600000, "sellingAndMarketingExpenses": 717900000, "sellingGeneralAndAdministrativeExpenses": 953500000, "otherExpenses": 148200000, "operatingExpenses": 1101700000, "costAndExpenses": 2787900000, "interestIncome": -15700000, "interestExpense": 335100000, "depreciationAndAmortization": 166500000, "ebitda": 758400000, "ebitdaratio": 0.2527915736, "operatingIncome": 212200000, "operatingIncomeRatio": 0.0707309756, "totalOtherIncomeExpensesNet": -358400000, "incomeBeforeTax": -557900000, "incomeBeforeTaxRatio": -0.185960468, "incomeTaxExpense": 41100000, "netIncome": -625000000, "netIncomeRatio": -0.2083263891, "eps": -7.86, "epsdiluted": -6.92, "weightedAverageShsOut": 79500000, "weightedAverageShsOutDil": 90300000, "link": "https://www.sec.gov/Archives/edgar/data/785161/000116923207001180/0001169232-07-001180-index.htm", "finalLink": "https://www.sec.gov/Archives/edgar/data/785161/000116923207001180/form_10k-2006.htm", "calculatedOtherExpenses": 148200000, "calculatedOperatingExpenses": 1101700000, "calculatedNetInterest": -350800000, "calculatedOtherIncome": -419300000, "calculatedIncomeNonControlling": 26000000, "calculatedEbitda": 378700000}, {"date": "2005-12-31", "symbol": "EHC", "reportedCurrency": "USD", "cik": "0000785161", "fillingDate": "2006-03-29", "acceptedDate": "2006-03-28 20:31:40", "calendarYear": "2005", "period": "FY", "revenue": 3207728000, "costOfRevenue": 1727415000, "grossProfit": 1480313000, "grossProfitRatio": 0.4614833303, "researchAndDevelopmentExpenses": 0, "generalAndAdministrativeExpenses": 246177000, "sellingAndMarketingExpenses": 616276000, "sellingGeneralAndAdministrativeExpenses": 862453000, "otherExpenses": 167112000, "operatingExpenses": 1029565000, "costAndExpenses": 2756980000, "interestIncome": -17141000, "interestExpense": 338701000, "depreciationAndAmortization": 208133000, "ebitda": 1065566000, "ebitdaratio": 0.332187143, "operatingIncome": 450748000, "operatingIncomeRatio": 0.1405193957, "totalOtherIncomeExpensesNet": -377253000, "incomeBeforeTax": -344793000, "incomeBeforeTaxRatio": -0.1074882284, "incomeTaxExpense": 39792000, "netIncome": -445994000, "netIncomeRatio": -0.1390373498, "eps": -5.62, "epsdiluted": -5.6, "weightedAverageShsOut": 79300000, "weightedAverageShsOutDil": 79600000, "link": "https://www.sec.gov/Archives/edgar/data/785161/000119312506065473/0001193125-06-065473-index.htm", "finalLink": "https://www.sec.gov/Archives/edgar/data/785161/000119312506065473/d10k.htm", "calculatedOtherExpenses": 167112000, "calculatedOperatingExpenses": 1029565000, "calculatedNetInterest": -355842000, "calculatedOtherIncome": -439699000, "calculatedIncomeNonControlling": 61409000, "calculatedEbitda": 658881000}, {"date": "2004-12-31", "symbol": "EHC", "reportedCurrency": "USD", "cik": "0000785161", "fillingDate": "2005-12-02", "acceptedDate": "2005-12-02 07:45:53", "calendarYear": "2004", "period": "FY", "revenue": 3753781000, "costOfRevenue": 2461189000, "grossProfit": 1292592000, "grossProfitRatio": 0.3443440094, "researchAndDevelopmentExpenses": 0, "generalAndAdministrativeExpenses": 289746000, "sellingAndMarketingExpenses": 0, "sellingGeneralAndAdministrativeExpenses": 289746000, "otherExpenses": 3520659000, "operatingExpenses": 3520659000, "costAndExpenses": 3520659000, "interestIncome": -13101000, "interestExpense": 305652000, "depreciationAndAmortization": 199490000, "ebitda": 488822000, "ebitdaratio": 0.1302212356, "operatingIncome": 233122000, "operatingIncomeRatio": 0.06210325, "totalOtherIncomeExpensesNet": -1185000, "incomeBeforeTax": -141993000, "incomeBeforeTaxRatio": -0.0378266606, "incomeTaxExpense": 11914000, "netIncome": -174470000, "netIncomeRatio": -0.0464784706, "eps": -2.2, "epsdiluted": -2.19, "weightedAverageShsOut": 79284600, "weightedAverageShsOutDil": 79525000, "link": "https://www.sec.gov/Archives/edgar/data/785161/000119312505235488/0001193125-05-235488-index.htm", "finalLink": "https://www.sec.gov/Archives/edgar/data/785161/000119312505235488/d10k.htm", "calculatedOtherExpenses": 769724000, "calculatedOperatingExpenses": 1059470000, "calculatedNetInterest": -318753000, "calculatedOtherIncome": -56362000, "calculatedIncomeNonControlling": 20563000, "calculatedEbitda": 432612000}, {"date": "2003-12-31", "symbol": "EHC", "reportedCurrency": "USD", "cik": "0000785161", "fillingDate": "2005-06-27", "acceptedDate": "2005-06-27 07:59:55", "calendarYear": "2003", "period": "FY", "revenue": 3957604000, "costOfRevenue": 2580439000, "grossProfit": 1377165000, "grossProfitRatio": 0.3479794846, "researchAndDevelopmentExpenses": 0, "generalAndAdministrativeExpenses": 157933000, "sellingAndMarketingExpenses": 0, "sellingGeneralAndAdministrativeExpenses": 157933000, "otherExpenses": 4098032000, "operatingExpenses": 4098032000, "costAndExpenses": 4098032000, "interestIncome": -7323000, "interestExpense": 268443000, "depreciationAndAmortization": 200195000, "ebitda": 192489000, "ebitdaratio": 0.0486377616, "operatingIncome": -140428000, "operatingIncomeRatio": -0.0354830852, "totalOtherIncomeExpensesNet": -358359000, "incomeBeforeTax": -498787000, "incomeBeforeTaxRatio": -0.1260325692, "incomeTaxExpense": -42419000, "netIncome": -434557000, "netIncomeRatio": -0.1098030526, "eps": -5.49, "epsdiluted": -5.35, "weightedAverageShsOut": 79226400, "weightedAverageShsOutDil": 81166200, "link": "https://www.sec.gov/Archives/edgar/data/785161/000119312505131361/0001193125-05-131361-index.htm", "finalLink": "https://www.sec.gov/Archives/edgar/data/785161/000119312505131361/d10k.htm", "calculatedOtherExpenses": 1359660000, "calculatedOperatingExpenses": 1517593000, "calculatedNetInterest": -275766000, "calculatedOtherIncome": -82593000, "calculatedIncomeNonControlling": -21811000, "calculatedEbitda": 59767000}, {"date": "2002-12-31", "symbol": "EHC", "reportedCurrency": "USD", "cik": "0000785161", "fillingDate": "2002-12-31", "acceptedDate": "2002-12-30 19:00:00", "calendarYear": "2002", "period": "FY", "revenue": 4310771000, "costOfRevenue": 3093128000, "grossProfit": 1217643000, "grossProfitRatio": 0.2824652481, "researchAndDevelopmentExpenses": 0, "generalAndAdministrativeExpenses": 0, "sellingAndMarketingExpenses": 0, "sellingGeneralAndAdministrativeExpenses": 304439000, "otherExpenses": 0, "operatingExpenses": 304439000, "costAndExpenses": 3397567000, "interestIncome": 0, "interestExpense": 0, "depreciationAndAmortization": 205700000, "ebitda": 1621006000, "ebitdaratio": 0.3760362125, "operatingIncome": 913204000, "operatingIncomeRatio": 0.2118423827, "totalOtherIncomeExpensesNet": -502102000, "incomeBeforeTax": -242137000, "incomeBeforeTaxRatio": -0.0561702303, "incomeTaxExpense": -55208000, "netIncome": -270094000, "netIncomeRatio": -0.0626556131, "eps": -3.41, "epsdiluted": -3.31, "weightedAverageShsOut": 79100000, "weightedAverageShsOutDil": 81700000, "link": "", "finalLink": "", "calculatedOtherExpenses": 0, "calculatedOperatingExpenses": 304439000, "calculatedNetInterest": 0, "calculatedOtherIncome": -1155341000, "calculatedIncomeNonControlling": 83165000, "calculatedEbitda": 1118904000}, {"date": "2001-12-31", "symbol": "EHC", "reportedCurrency": "USD", "cik": "0000785161", "fillingDate": "2002-03-27", "acceptedDate": "2002-03-27 00:00:00", "calendarYear": "2001", "period": "FY", "revenue": 4380477000, "costOfRevenue": 0, "grossProfit": 4380477000, "grossProfitRatio": 1, "researchAndDevelopmentExpenses": 0, "generalAndAdministrativeExpenses": 167206000, "sellingAndMarketingExpenses": 0, "sellingGeneralAndAdministrativeExpenses": 167206000, "otherExpenses": 2737837000, "operatingExpenses": 2905043000, "costAndExpenses": 2905043000, "interestIncome": 0, "interestExpense": 0, "depreciationAndAmortization": 375270000, "ebitda": 1850704000, "ebitdaratio": 0.422489149, "operatingIncome": 1475434000, "operatingIncomeRatio": 0.3368203965, "totalOtherIncomeExpensesNet": -1041700000, "incomeBeforeTax": 433734000, "incomeBeforeTaxRatio": 0.0990152442, "incomeTaxExpense": 139467000, "netIncome": 202387000, "netIncomeRatio": 0.046202046, "eps": -2.45, "epsdiluted": -2.45, "weightedAverageShsOut": 78097000, "weightedAverageShsOutDil": 83032600, "link": "https://www.sec.gov/Archives/edgar/data/785161/000100515002000448/0001005150-02-000448-index.htm", "finalLink": "https://www.sec.gov/Archives/edgar/data/785161/000100515002000448/form10k.txt", "calculatedOtherExpenses": 2737837000, "calculatedOperatingExpenses": 2905043000, "calculatedNetInterest": 0, "calculatedOtherIncome": -1041700000, "calculatedIncomeNonControlling": 91880000, "calculatedEbitda": 1850704000}, {"date": "2000-12-31", "symbol": "EHC", "reportedCurrency": "USD", "cik": "0000785161", "fillingDate": "2001-03-30", "acceptedDate": "2001-03-30 00:00:00", "calendarYear": "2000", "period": "FY", "revenue": 4195115000, "costOfRevenue": 0, "grossProfit": 4195115000, "grossProfitRatio": 1, "researchAndDevelopmentExpenses": 0, "generalAndAdministrativeExpenses": 148023000, "sellingAndMarketingExpenses": 0, "sellingGeneralAndAdministrativeExpenses": 148023000, "otherExpenses": 2668340000, "operatingExpenses": 2816363000, "costAndExpenses": 2816363000, "interestIncome": 0, "interestExpense": 0, "depreciationAndAmortization": 360847000, "ebitda": 1739599000, "ebitdaratio": 0.4146725418, "operatingIncome": 1378752000, "operatingIncomeRatio": 0.3286565446, "totalOtherIncomeExpensesNet": -819398000, "incomeBeforeTax": 559354000, "incomeBeforeTaxRatio": 0.1333346047, "incomeTaxExpense": 181808000, "netIncome": 278465000, "netIncomeRatio": 0.0663783949, "eps": -4.7, "epsdiluted": -4.7, "weightedAverageShsOut": 77325200, "weightedAverageShsOutDil": 78276400, "link": "https://www.sec.gov/Archives/edgar/data/785161/000100515001000286/0001005150-01-000286-index.htm", "finalLink": "https://www.sec.gov/Archives/edgar/data/785161/000100515001000286/0001005150-01-000286-0001.txt", "calculatedOtherExpenses": 2668340000, "calculatedOperatingExpenses": 2816363000, "calculatedNetInterest": 0, "calculatedOtherIncome": -819398000, "calculatedIncomeNonControlling": 99081000, "calculatedEbitda": 1739599000}, {"date": "1999-12-31", "symbol": "EHC", "reportedCurrency": "USD", "cik": "0000785161", "fillingDate": "2000-03-30", "acceptedDate": "2000-03-30 00:00:00", "calendarYear": "1999", "period": "FY", "revenue": 4072107000, "costOfRevenue": 0, "grossProfit": 4072107000, "grossProfitRatio": 1, "researchAndDevelopmentExpenses": 0, "generalAndAdministrativeExpenses": 149285000, "sellingAndMarketingExpenses": 0, "sellingGeneralAndAdministrativeExpenses": 149285000, "otherExpenses": 2539564000, "operatingExpenses": 2688849000, "costAndExpenses": 2688849000, "interestIncome": 0, "interestExpense": 0, "depreciationAndAmortization": 374248000, "ebitda": 1757506000, "ebitdaratio": 0.4315962228, "operatingIncome": 1383258000, "operatingIncomeRatio": 0.3396909757, "totalOtherIncomeExpensesNet": -1153343000, "incomeBeforeTax": 229915000, "incomeBeforeTaxRatio": 0.0564609427, "incomeTaxExpense": 66929000, "netIncome": 76517000, "netIncomeRatio": 0.018790518, "eps": 0.95, "epsdiluted": 0.9, "weightedAverageShsOut": 81639000, "weightedAverageShsOutDil": 82914000, "link": "https://www.sec.gov/Archives/edgar/data/785161/000100515000000430/0001005150-00-000430-index.html", "finalLink": "https://www.sec.gov/Archives/edgar/data/785161/000100515000000430/", "calculatedOtherExpenses": 2539564000, "calculatedOperatingExpenses": 2688849000, "calculatedNetInterest": 0, "calculatedOtherIncome": -1153343000, "calculatedIncomeNonControlling": 86469000, "calculatedEbitda": 1757506000}, {"date": "1998-12-31", "symbol": "EHC", "reportedCurrency": "USD", "cik": "0000785161", "fillingDate": "1999-03-31", "acceptedDate": "1999-03-31 00:00:00", "calendarYear": "1998", "period": "FY", "revenue": 4006074000, "costOfRevenue": 0, "grossProfit": 4006074000, "grossProfitRatio": 1, "researchAndDevelopmentExpenses": 0, "generalAndAdministrativeExpenses": 112800000, "sellingAndMarketingExpenses": 0, "sellingGeneralAndAdministrativeExpenses": 112800000, "otherExpenses": 2379114000, "operatingExpenses": 2491914000, "costAndExpenses": 2491914000, "interestIncome": 0, "interestExpense": 0, "depreciationAndAmortization": 344591000, "ebitda": 1858751000, "ebitdaratio": 0.4639831915, "operatingIncome": 1514160000, "operatingIncomeRatio": 0.3779660585, "totalOtherIncomeExpensesNet": -1246787000, "incomeBeforeTax": 267373000, "incomeBeforeTaxRatio": 0.0667419024, "incomeTaxExpense": 143347000, "netIncome": 46558000, "netIncomeRatio": 0.0116218522, "eps": 0.55, "epsdiluted": 0.55, "weightedAverageShsOut": 84292400, "weightedAverageShsOutDil": 86455000, "link": "https://www.sec.gov/Archives/edgar/data/785161/000100515099000266/0001005150-99-000266-index.html", "finalLink": "https://www.sec.gov/Archives/edgar/data/785161/", "calculatedOtherExpenses": 2379114000, "calculatedOperatingExpenses": 2491914000, "calculatedNetInterest": 0, "calculatedOtherIncome": -1246787000, "calculatedIncomeNonControlling": 77468000, "calculatedEbitda": 1858751000}, {"date": "1997-12-31", "symbol": "EHC", "reportedCurrency": "USD", "cik": "0000785161", "fillingDate": "1998-03-31", "acceptedDate": "1998-03-31 00:00:00", "calendarYear": "1997", "period": "FY", "revenue": 3017269000, "costOfRevenue": 0, "grossProfit": 3017269000, "grossProfitRatio": 1, "researchAndDevelopmentExpenses": 0, "generalAndAdministrativeExpenses": 82757000, "sellingAndMarketingExpenses": 0, "sellingGeneralAndAdministrativeExpenses": 82757000, "otherExpenses": 1805678000, "operatingExpenses": 1888435000, "costAndExpenses": 1888435000, "interestIncome": 0, "interestExpense": 0, "depreciationAndAmortization": 250010000, "ebitda": 1378844000, "ebitdaratio": 0.4569841138, "operatingIncome": 1128834000, "operatingIncomeRatio": 0.3741244152, "totalOtherIncomeExpensesNet": -527200000, "incomeBeforeTax": 601634000, "incomeBeforeTaxRatio": 0.1993968718, "incomeTaxExpense": 206153000, "netIncome": 330608000, "netIncomeRatio": 0.1095719341, "eps": 5.22, "epsdiluted": 5.22, "weightedAverageShsOut": 79657194, "weightedAverageShsOutDil": 79657194, "link": "https://www.sec.gov/Archives/edgar/data/785161/000100515098000290/0001005150-98-000290-index.html", "finalLink": "https://www.sec.gov/Archives/edgar/data/785161/", "calculatedOtherExpenses": 1805678000, "calculatedOperatingExpenses": 1888435000, "calculatedNetInterest": 0, "calculatedOtherIncome": -527200000, "calculatedIncomeNonControlling": 64873000, "calculatedEbitda": 1378844000}, {"date": "1996-12-31", "symbol": "EHC", "reportedCurrency": "USD", "cik": "0000785161", "fillingDate": "1997-03-27", "acceptedDate": "1997-03-27 00:00:00", "calendarYear": "1996", "period": "FY", "revenue": 2436537000, "costOfRevenue": 0, "grossProfit": 2436537000, "grossProfitRatio": 1, "researchAndDevelopmentExpenses": 0, "generalAndAdministrativeExpenses": 66807000, "sellingAndMarketingExpenses": 0, "sellingGeneralAndAdministrativeExpenses": 66807000, "otherExpenses": 1586003000, "operatingExpenses": 1652810000, "costAndExpenses": 1652810000, "interestIncome": 0, "interestExpense": 0, "depreciationAndAmortization": 188966000, "ebitda": 972693000, "ebitdaratio": 0.3992112576, "operatingIncome": 783727000, "operatingIncomeRatio": 0.3216561045, "totalOtherIncomeExpensesNet": -373234000, "incomeBeforeTax": 410493000, "incomeBeforeTaxRatio": 0.1684739448, "incomeTaxExpense": 140238000, "netIncome": 220818000, "netIncomeRatio": 0.090627805, "eps": 3.23, "epsdiluted": 3.23, "weightedAverageShsOut": 65767787, "weightedAverageShsOutDil": 65767787, "link": "https://www.sec.gov/Archives/edgar/data/785161/000100515097000195/0001005150-97-000195-index.html", "finalLink": "https://www.sec.gov/Archives/edgar/data/785161/", "calculatedOtherExpenses": 1586003000, "calculatedOperatingExpenses": 1652810000, "calculatedNetInterest": 0, "calculatedOtherIncome": -373234000, "calculatedIncomeNonControlling": 49437000, "calculatedEbitda": 972693000}, {"date": "1995-12-31", "symbol": "EHC", "reportedCurrency": "USD", "cik": "0000785161", "fillingDate": "1996-03-28", "acceptedDate": "1996-03-28 00:00:00", "calendarYear": "1995", "period": "FY", "revenue": 1556687000, "costOfRevenue": 0, "grossProfit": 1556687000, "grossProfitRatio": 1, "researchAndDevelopmentExpenses": 0, "generalAndAdministrativeExpenses": 42514000, "sellingAndMarketingExpenses": 0, "sellingGeneralAndAdministrativeExpenses": 42514000, "otherExpenses": 1087554000, "operatingExpenses": 1130068000, "costAndExpenses": 1130068000, "interestIncome": 0, "interestExpense": 0, "depreciationAndAmortization": 121195000, "ebitda": 547814000, "ebitdaratio": 0.3519101785, "operatingIncome": 426619000, "operatingIncomeRatio": 0.274055735, "totalOtherIncomeExpensesNet": -283997000, "incomeBeforeTax": 142622000, "incomeBeforeTaxRatio": 0.0916189317, "incomeTaxExpense": 48091000, "netIncome": 78949000, "netIncomeRatio": 0.0507160399, "eps": 3.45, "epsdiluted": 3.45, "weightedAverageShsOut": 60993442, "weightedAverageShsOutDil": 60993442, "link": "https://www.sec.gov/Archives/edgar/data/785161/000100515096000062/0001005150-96-000062-index.html", "finalLink": "https://www.sec.gov/Archives/edgar/data/785161/", "calculatedOtherExpenses": 1087554000, "calculatedOperatingExpenses": 1130068000, "calculatedNetInterest": 0, "calculatedOtherIncome": -283997000, "calculatedIncomeNonControlling": 15582000, "calculatedEbitda": 547814000}, {"date": "1994-12-31", "symbol": "EHC", "reportedCurrency": "USD", "cik": "0000785161", "fillingDate": "1995-03-08", "acceptedDate": "1995-03-08 00:00:00", "calendarYear": "1994", "period": "FY", "revenue": 1127441000, "costOfRevenue": 0, "grossProfit": 1127441000, "grossProfitRatio": 1, "researchAndDevelopmentExpenses": 0, "generalAndAdministrativeExpenses": 0, "sellingAndMarketingExpenses": 0, "sellingGeneralAndAdministrativeExpenses": 37139000, "otherExpenses": 0, "operatingExpenses": 873027000, "costAndExpenses": 873027000, "interestIncome": 0, "interestExpense": 0, "depreciationAndAmortization": 75588000, "ebitda": 330002000, "ebitdaratio": 0.2927000171, "operatingIncome": 254414000, "operatingIncomeRatio": 0.2256561541, "totalOtherIncomeExpensesNet": -167151000, "incomeBeforeTax": 87263000, "incomeBeforeTaxRatio": 0.0773991721, "incomeTaxExpense": 33835000, "netIncome": 53225000, "netIncomeRatio": 0.0472086788, "eps": 1.75, "epsdiluted": 1.74, "weightedAverageShsOut": 30350400, "weightedAverageShsOutDil": 30633094, "link": "https://www.sec.gov/Archives/edgar/data/785161/000089061395000029/0000890613-95-000029-index.html", "finalLink": "https://www.sec.gov/Archives/edgar/data/785161/", "calculatedOtherExpenses": 835888000, "calculatedOperatingExpenses": 873027000, "calculatedNetInterest": 0, "calculatedOtherIncome": -167151000, "calculatedIncomeNonControlling": 203000, "calculatedEbitda": 330002000}, {"date": "1993-12-31", "symbol": "EHC", "reportedCurrency": "USD", "cik": "0000785161", "fillingDate": "1993-12-31", "acceptedDate": "1993-12-30 19:00:00", "calendarYear": "1993", "period": "FY", "revenue": 482300000, "costOfRevenue": 348900000, "grossProfit": 133400000, "grossProfitRatio": 0.2765913332, "researchAndDevelopmentExpenses": 0, "generalAndAdministrativeExpenses": 0, "sellingAndMarketingExpenses": 0, "sellingGeneralAndAdministrativeExpenses": 26700000, "otherExpenses": 36500000, "operatingExpenses": 63200000, "costAndExpenses": 412100000, "interestIncome": 0, "interestExpense": 0, "depreciationAndAmortization": -36500000, "ebitda": 153200000, "ebitdaratio": 0.3176446195, "operatingIncome": 70200000, "operatingIncomeRatio": 0.1455525606, "totalOtherIncomeExpensesNet": -46500000, "incomeBeforeTax": 10800000, "incomeBeforeTaxRatio": 0.0223927016, "incomeTaxExpense": 4100000, "netIncome": 6700000, "netIncomeRatio": 0.0138917686, "eps": 0.24, "epsdiluted": 0.24, "weightedAverageShsOut": 28452309, "weightedAverageShsOutDil": 28452309, "link": "", "finalLink": "", "calculatedOtherExpenses": 36500000, "calculatedOperatingExpenses": 63200000, "calculatedNetInterest": 0, "calculatedOtherIncome": -59400000, "calculatedIncomeNonControlling": 0, "calculatedEbitda": 33700000}, {"date": "1992-12-31", "symbol": "EHC", "reportedCurrency": "USD", "cik": "0000785161", "fillingDate": "1992-12-31", "acceptedDate": "1992-12-30 19:00:00", "calendarYear": "1992", "period": "FY", "revenue": 407000000, "costOfRevenue": 313800000, "grossProfit": 93200000, "grossProfitRatio": 0.228992629, "researchAndDevelopmentExpenses": 0, "generalAndAdministrativeExpenses": 0, "sellingAndMarketingExpenses": 0, "sellingGeneralAndAdministrativeExpenses": 11000000, "otherExpenses": 25500000, "operatingExpenses": 36500000, "costAndExpenses": 350300000, "interestIncome": 0, "interestExpense": 0, "depreciationAndAmortization": -25500000, "ebitda": 81500000, "ebitdaratio": 0.2002457002, "operatingIncome": 56700000, "operatingIncomeRatio": 0.1393120393, "totalOtherIncomeExpensesNet": 700000, "incomeBeforeTax": 45000000, "incomeBeforeTaxRatio": 0.1105651106, "incomeTaxExpense": 15300000, "netIncome": 29700000, "netIncomeRatio": 0.072972973, "eps": 1.04, "epsdiluted": 1.04, "weightedAverageShsOut": 28452309, "weightedAverageShsOutDil": 28452309, "link": "", "finalLink": "", "calculatedOtherExpenses": 25500000, "calculatedOperatingExpenses": 36500000, "calculatedNetInterest": 0, "calculatedOtherIncome": -11700000, "calculatedIncomeNonControlling": 0, "calculatedEbitda": 31200000}, {"date": "1991-12-31", "symbol": "EHC", "reportedCurrency": "USD", "cik": "0000785161", "fillingDate": "1991-12-31", "acceptedDate": "1991-12-30 19:00:00", "calendarYear": "1991", "period": "FY", "revenue": 225500000, "costOfRevenue": 165600000, "grossProfit": 59900000, "grossProfitRatio": 0.265631929, "researchAndDevelopmentExpenses": 0, "generalAndAdministrativeExpenses": 0, "sellingAndMarketingExpenses": 0, "sellingGeneralAndAdministrativeExpenses": 5300000, "otherExpenses": 14700000, "operatingExpenses": 20000000, "costAndExpenses": 185600000, "interestIncome": 0, "interestExpense": 0, "depreciationAndAmortization": -14700000, "ebitda": 49100000, "ebitdaratio": 0.2177383592, "operatingIncome": 39900000, "operatingIncomeRatio": 0.176940133, "totalOtherIncomeExpensesNet": 5500000, "incomeBeforeTax": 33900000, "incomeBeforeTaxRatio": 0.1503325942, "incomeTaxExpense": 11500000, "netIncome": 22400000, "netIncomeRatio": 0.0993348115, "eps": 0.79, "epsdiluted": 0.79, "weightedAverageShsOut": 28452309, "weightedAverageShsOutDil": 28452309, "link": "", "finalLink": "", "calculatedOtherExpenses": 14700000, "calculatedOperatingExpenses": 20000000, "calculatedNetInterest": 0, "calculatedOtherIncome": -6000000, "calculatedIncomeNonControlling": 0, "calculatedEbitda": 25200000}, {"date": "1990-12-31", "symbol": "EHC", "reportedCurrency": "USD", "cik": "0000785161", "fillingDate": "1990-12-31", "acceptedDate": "1990-12-30 19:00:00", "calendarYear": "1990", "period": "FY", "revenue": 180500000, "costOfRevenue": 135800000, "grossProfit": 44700000, "grossProfitRatio": 0.2476454294, "researchAndDevelopmentExpenses": 0, "generalAndAdministrativeExpenses": 0, "sellingAndMarketingExpenses": 0, "sellingGeneralAndAdministrativeExpenses": 5100000, "otherExpenses": 11100000, "operatingExpenses": 16200000, "costAndExpenses": 152000000, "interestIncome": 0, "interestExpense": 0, "depreciationAndAmortization": -11100000, "ebitda": 35500000, "ebitdaratio": 0.1966759003, "operatingIncome": 28500000, "operatingIncomeRatio": 0.1578947368, "totalOtherIncomeExpensesNet": 4100000, "incomeBeforeTax": 20100000, "incomeBeforeTaxRatio": 0.1113573407, "incomeTaxExpense": 7200000, "netIncome": 12900000, "netIncomeRatio": 0.071468144, "eps": 0.45, "epsdiluted": 0.45, "weightedAverageShsOut": 28452309, "weightedAverageShsOutDil": 28452309, "link": "", "finalLink": "", "calculatedOtherExpenses": 11100000, "calculatedOperatingExpenses": 16200000, "calculatedNetInterest": 0, "calculatedOtherIncome": -8400000, "calculatedIncomeNonControlling": 0, "calculatedEbitda": 17400000}, {"date": "1989-12-31", "symbol": "EHC", "reportedCurrency": "USD", "cik": "0000785161", "fillingDate": "1989-12-31", "acceptedDate": "1989-12-30 19:00:00", "calendarYear": "1989", "period": "FY", "revenue": 114200000, "costOfRevenue": 85200000, "grossProfit": 29000000, "grossProfitRatio": 0.2539404553, "researchAndDevelopmentExpenses": 0, "generalAndAdministrativeExpenses": 0, "sellingAndMarketingExpenses": 0, "sellingGeneralAndAdministrativeExpenses": 4900000, "otherExpenses": 7100000, "operatingExpenses": 12000000, "costAndExpenses": 97200000, "interestIncome": 0, "interestExpense": 0, "depreciationAndAmortization": -7100000, "ebitda": 20000000, "ebitdaratio": 0.1751313485, "operatingIncome": 17000000, "operatingIncomeRatio": 0.1488616462, "totalOtherIncomeExpensesNet": 4100000, "incomeBeforeTax": 12500000, "incomeBeforeTaxRatio": 0.1094570928, "incomeTaxExpense": 4400000, "netIncome": 8100000, "netIncomeRatio": 0.0709281961, "eps": 0.28, "epsdiluted": 0.28, "weightedAverageShsOut": 28452309, "weightedAverageShsOutDil": 28452309, "link": "", "finalLink": "", "calculatedOtherExpenses": 7100000, "calculatedOperatingExpenses": 12000000, "calculatedNetInterest": 0, "calculatedOtherIncome": -4500000, "calculatedIncomeNonControlling": 0, "calculatedEbitda": 9900000}, {"date": "1988-12-31", "symbol": "EHC", "reportedCurrency": "USD", "cik": "0000785161", "fillingDate": "1988-12-31", "acceptedDate": "1988-12-30 19:00:00", "calendarYear": "1988", "period": "FY", "revenue": 75000000, "costOfRevenue": 55700000, "grossProfit": 19300000, "grossProfitRatio": 0.2573333333, "researchAndDevelopmentExpenses": 0, "generalAndAdministrativeExpenses": 0, "sellingAndMarketingExpenses": 0, "sellingGeneralAndAdministrativeExpenses": 3600000, "otherExpenses": 4000000, "operatingExpenses": 7600000, "costAndExpenses": 63300000, "interestIncome": 0, "interestExpense": 0, "depreciationAndAmortization": 4000000, "ebitda": 13700000, "ebitdaratio": 0.1826666667, "operatingIncome": 11700000, "operatingIncomeRatio": 0.156, "totalOtherIncomeExpensesNet": 2000000, "incomeBeforeTax": 8900000, "incomeBeforeTaxRatio": 0.1186666667, "incomeTaxExpense": 3200000, "netIncome": 5700000, "netIncomeRatio": 0.076, "eps": 0.2, "epsdiluted": 0.2, "weightedAverageShsOut": 28452309, "weightedAverageShsOutDil": 28452309, "link": "", "finalLink": "", "calculatedOtherExpenses": 4000000, "calculatedOperatingExpenses": 7600000, "calculatedNetInterest": 0, "calculatedOtherIncome": -2800000, "calculatedIncomeNonControlling": 0, "calculatedEbitda": 15700000}, {"date": "1987-12-31", "symbol": "EHC", "reportedCurrency": "USD", "cik": "0000785161", "fillingDate": "1987-12-31", "acceptedDate": "1987-12-30 19:00:00", "calendarYear": "1987", "period": "FY", "revenue": 45000000, "costOfRevenue": 33600000, "grossProfit": 11400000, "grossProfitRatio": 0.2533333333, "researchAndDevelopmentExpenses": 0, "generalAndAdministrativeExpenses": 0, "sellingAndMarketingExpenses": 0, "sellingGeneralAndAdministrativeExpenses": 2200000, "otherExpenses": 2600000, "operatingExpenses": 4800000, "costAndExpenses": 38400000, "interestIncome": 0, "interestExpense": 0, "depreciationAndAmortization": 2600000, "ebitda": 7900000, "ebitdaratio": 0.1755555556, "operatingIncome": 6600000, "operatingIncomeRatio": 0.1466666667, "totalOtherIncomeExpensesNet": 1300000, "incomeBeforeTax": 6200000, "incomeBeforeTaxRatio": 0.1377777778, "incomeTaxExpense": 2400000, "netIncome": 3800000, "netIncomeRatio": 0.0844444444, "eps": 0.13, "epsdiluted": 0.13, "weightedAverageShsOut": 28452309, "weightedAverageShsOutDil": 28452309, "link": "", "finalLink": "", "calculatedOtherExpenses": 2600000, "calculatedOperatingExpenses": 4800000, "calculatedNetInterest": 0, "calculatedOtherIncome": -400000, "calculatedIncomeNonControlling": 0, "calculatedEbitda": 9200000}, {"date": "1986-12-31", "symbol": "EHC", "reportedCurrency": "USD", "cik": "0000785161", "fillingDate": "1986-12-31", "acceptedDate": "1986-12-30 19:00:00", "calendarYear": "1986", "period": "FY", "revenue": 18600000, "costOfRevenue": 14100000, "grossProfit": 4500000, "grossProfitRatio": 0.2419354839, "researchAndDevelopmentExpenses": 0, "generalAndAdministrativeExpenses": 0, "sellingAndMarketingExpenses": 0, "sellingGeneralAndAdministrativeExpenses": 1800000, "otherExpenses": 1200000, "operatingExpenses": 3000000, "costAndExpenses": 17100000, "interestIncome": 0, "interestExpense": 0, "depreciationAndAmortization": 1200000, "ebitda": 2200000, "ebitdaratio": 0.1182795699, "operatingIncome": 1500000, "operatingIncomeRatio": 0.0806451613, "totalOtherIncomeExpensesNet": 500000, "incomeBeforeTax": 1000000, "incomeBeforeTaxRatio": 0.0537634409, "incomeTaxExpense": 500000, "netIncome": 500000, "netIncomeRatio": 0.0268817204, "eps": 0.0176, "epsdiluted": 0.0176, "weightedAverageShsOut": 28452309, "weightedAverageShsOutDil": 28452309, "link": "", "finalLink": "", "calculatedOtherExpenses": 1200000, "calculatedOperatingExpenses": 3000000, "calculatedNetInterest": 0, "calculatedOtherIncome": -500000, "calculatedIncomeNonControlling": 0, "calculatedEbitda": 2700000}, {"date": "1985-12-31", "symbol": "EHC", "reportedCurrency": "USD", "cik": "0000785161", "fillingDate": "1985-12-31", "acceptedDate": "1985-12-30 19:00:00", "calendarYear": "1985", "period": "FY", "revenue": 4500000, "costOfRevenue": 4100000, "grossProfit": 400000, "grossProfitRatio": 0.0888888889, "researchAndDevelopmentExpenses": 0, "generalAndAdministrativeExpenses": 0, "sellingAndMarketingExpenses": 0, "sellingGeneralAndAdministrativeExpenses": 1700000, "otherExpenses": 400000, "operatingExpenses": 2100000, "costAndExpenses": 6200000, "interestIncome": 0, "interestExpense": 0, "depreciationAndAmortization": 400000, "ebitda": -1600000, "ebitdaratio": -0.3555555556, "operatingIncome": -1700000, "operatingIncomeRatio": -0.3777777778, "totalOtherIncomeExpensesNet": 300000, "incomeBeforeTax": -1400000, "incomeBeforeTaxRatio": -0.3111111111, "incomeTaxExpense": -200000, "netIncome": -1500000, "netIncomeRatio": -0.3333333333, "eps": -0.0527, "epsdiluted": -0.0527, "weightedAverageShsOut": 28452309, "weightedAverageShsOutDil": 28452309, "link": "", "finalLink": "", "calculatedOtherExpenses": 400000, "calculatedOperatingExpenses": 2100000, "calculatedNetInterest": 0, "calculatedOtherIncome": 300000, "calculatedIncomeNonControlling": 300000, "calculatedEbitda": -1300000}]}