{"originalCurrency": "USD", "convertedCurrency": "USD", "report": [{"date": "2023-12-31", "symbol": "EIX", "reportedCurrency": "USD", "cik": "0000827052", "fillingDate": "2024-02-22", "acceptedDate": "2024-02-22 16:09:02", "calendarYear": "2023", "period": "FY", "revenue": 16338000000, "costOfRevenue": 9624000000, "grossProfit": 6714000000, "grossProfitRatio": 0.410943812, "researchAndDevelopmentExpenses": 358000000, "generalAndAdministrativeExpenses": 880000000, "sellingAndMarketingExpenses": 0, "sellingGeneralAndAdministrativeExpenses": 880000000, "otherExpenses": 84000000, "operatingExpenses": 4086000000, "costAndExpenses": 13710000000, "interestIncome": 267000000, "interestExpense": 1612000000, "depreciationAndAmortization": 2721000000, "ebitda": 5700000000, "ebitdaratio": 0.3488799119, "operatingIncome": 2627000000, "operatingIncomeRatio": 0.1607907945, "totalOtherIncomeExpensesNet": 232000000, "incomeBeforeTax": 1515000000, "incomeBeforeTaxRatio": 0.0927286082, "incomeTaxExpense": 108000000, "netIncome": 1407000000, "netIncomeRatio": 0.0861182519, "eps": 3.13, "epsdiluted": 3.11, "weightedAverageShsOut": 383000000, "weightedAverageShsOutDil": 385000000, "link": "https://www.sec.gov/Archives/edgar/data/827052/000082705224000013/0000827052-24-000013-index.htm", "finalLink": "https://www.sec.gov/Archives/edgar/data/92103/000082705224000013/eix-20231231x10k.htm", "calculatedOtherExpenses": 2849000000, "calculatedOperatingExpenses": 4087000000, "calculatedNetInterest": -1345000000, "calculatedOtherIncome": 233000000, "calculatedIncomeNonControlling": 0, "calculatedEbitda": 5348000000}, {"date": "2022-12-31", "symbol": "EIX", "reportedCurrency": "USD", "cik": "0000827052", "fillingDate": "2023-02-23", "acceptedDate": "2023-02-23 16:10:08", "calendarYear": "2022", "period": "FY", "revenue": 17220000000, "costOfRevenue": 11099000000, "grossProfit": 6121000000, "grossProfitRatio": 0.3554587689, "researchAndDevelopmentExpenses": 344000000, "generalAndAdministrativeExpenses": 1527000000, "sellingAndMarketingExpenses": 0, "sellingGeneralAndAdministrativeExpenses": 1527000000, "otherExpenses": 3062000000, "operatingExpenses": 4589000000, "costAndExpenses": 15688000000, "interestIncome": 89000000, "interestExpense": 1169000000, "depreciationAndAmortization": 3030000000, "ebitda": 4513000000, "ebitdaratio": 0.2620789779, "operatingIncome": 1483000000, "operatingIncomeRatio": 0.0861207898, "totalOtherIncomeExpensesNet": -821000000, "incomeBeforeTax": 662000000, "incomeBeforeTaxRatio": 0.0384436702, "incomeTaxExpense": -162000000, "netIncome": 824000000, "netIncomeRatio": 0.0478513357, "eps": 1.61, "epsdiluted": 1.6, "weightedAverageShsOut": 381000000, "weightedAverageShsOutDil": 383000000, "link": "https://www.sec.gov/Archives/edgar/data/827052/000082705223000010/0000827052-23-000010-index.htm", "finalLink": "https://www.sec.gov/Archives/edgar/data/92103/000082705223000010/eix-20221231x10k.htm", "calculatedOtherExpenses": 2767000000, "calculatedOperatingExpenses": 4638000000, "calculatedNetInterest": -1080000000, "calculatedOtherIncome": 259000000, "calculatedIncomeNonControlling": 0, "calculatedEbitda": 4513000000}, {"date": "2021-12-31", "symbol": "EIX", "reportedCurrency": "USD", "cik": "0000827052", "fillingDate": "2022-02-24", "acceptedDate": "2022-02-24 16:10:36", "calendarYear": "2021", "period": "FY", "revenue": 14905000000, "costOfRevenue": 9185000000, "grossProfit": 5720000000, "grossProfitRatio": 0.3837638376, "researchAndDevelopmentExpenses": 311000000, "generalAndAdministrativeExpenses": 1491000000, "sellingAndMarketingExpenses": 0, "sellingGeneralAndAdministrativeExpenses": 1491000000, "otherExpenses": 2683000000, "operatingExpenses": 4174000000, "costAndExpenses": 13359000000, "interestIncome": 3000000, "interestExpense": 925000000, "depreciationAndAmortization": 2594000000, "ebitda": 4071000000, "ebitdaratio": 0.2731298222, "operatingIncome": 1477000000, "operatingIncomeRatio": 0.0990942637, "totalOtherIncomeExpensesNet": -688000000, "incomeBeforeTax": 789000000, "incomeBeforeTaxRatio": 0.0529352566, "incomeTaxExpense": -136000000, "netIncome": 925000000, "netIncomeRatio": 0.0620597115, "eps": 2, "epsdiluted": 2, "weightedAverageShsOut": 380000000, "weightedAverageShsOutDil": 380000000, "link": "https://www.sec.gov/Archives/edgar/data/827052/000082705222000006/0000827052-22-000006-index.htm", "finalLink": "https://www.sec.gov/Archives/edgar/data/92103/000082705222000006/eix-20211231x10k.htm", "calculatedOtherExpenses": 2441000000, "calculatedOperatingExpenses": 4243000000, "calculatedNetInterest": -922000000, "calculatedOtherIncome": 234000000, "calculatedIncomeNonControlling": 0, "calculatedEbitda": 4071000000}, {"date": "2020-12-31", "symbol": "EIX", "reportedCurrency": "USD", "cik": "0000827052", "fillingDate": "2021-02-25", "acceptedDate": "2021-02-25 16:10:55", "calendarYear": "2020", "period": "FY", "revenue": 13578000000, "costOfRevenue": 8541000000, "grossProfit": 5037000000, "grossProfitRatio": 0.3709677419, "researchAndDevelopmentExpenses": 218000000, "generalAndAdministrativeExpenses": 1664000000, "sellingAndMarketingExpenses": 0, "sellingGeneralAndAdministrativeExpenses": 1664000000, "otherExpenses": 2405000000, "operatingExpenses": 4069000000, "costAndExpenses": 12610000000, "interestIncome": 20000000, "interestExpense": 902000000, "depreciationAndAmortization": 2031000000, "ebitda": 3248000000, "ebitdaratio": 0.2392104876, "operatingIncome": 1217000000, "operatingIncomeRatio": 0.0896302843, "totalOtherIncomeExpensesNet": -651000000, "incomeBeforeTax": 566000000, "incomeBeforeTaxRatio": 0.0416850788, "incomeTaxExpense": -305000000, "netIncome": 871000000, "netIncomeRatio": 0.0641478863, "eps": 1.98, "epsdiluted": 1.98, "weightedAverageShsOut": 373000000, "weightedAverageShsOutDil": 374000000, "link": "https://www.sec.gov/Archives/edgar/data/827052/000082705221000019/0000827052-21-000019-index.htm", "finalLink": "https://www.sec.gov/Archives/edgar/data/92103/000082705221000019/eix-20201231.htm", "calculatedOtherExpenses": 1938000000, "calculatedOperatingExpenses": 3820000000, "calculatedNetInterest": -882000000, "calculatedOtherIncome": 231000000, "calculatedIncomeNonControlling": 0, "calculatedEbitda": 3248000000}, {"date": "2019-12-31", "symbol": "EIX", "reportedCurrency": "USD", "cik": "0000827052", "fillingDate": "2020-02-27", "acceptedDate": "2020-02-27 16:13:21", "calendarYear": "2019", "period": "FY", "revenue": 12347000000, "costOfRevenue": 7857000000, "grossProfit": 4490000000, "grossProfitRatio": 0.3636510893, "researchAndDevelopmentExpenses": 190000000, "generalAndAdministrativeExpenses": 407000000, "sellingAndMarketingExpenses": 0, "sellingGeneralAndAdministrativeExpenses": 407000000, "otherExpenses": 2124000000, "operatingExpenses": 2531000000, "costAndExpenses": 10388000000, "interestIncome": 37000000, "interestExpense": 841000000, "depreciationAndAmortization": 2180000000, "ebitda": 3955000000, "ebitdaratio": 0.3203207257, "operatingIncome": 1775000000, "operatingIncomeRatio": 0.1437596177, "totalOtherIncomeExpensesNet": -648000000, "incomeBeforeTax": 1127000000, "incomeBeforeTaxRatio": 0.0912772333, "incomeTaxExpense": -278000000, "netIncome": 1405000000, "netIncomeRatio": 0.1137928242, "eps": 3.78, "epsdiluted": 3.77, "weightedAverageShsOut": 340000000, "weightedAverageShsOutDil": 341000000, "link": "https://www.sec.gov/Archives/edgar/data/827052/000082705220000026/0000827052-20-000026-index.htm", "finalLink": "https://www.sec.gov/Archives/edgar/data/92103/000082705220000026/eix-sceq4201910k.htm", "calculatedOtherExpenses": 2118000000, "calculatedOperatingExpenses": 2715000000, "calculatedNetInterest": -804000000, "calculatedOtherIncome": 156000000, "calculatedIncomeNonControlling": 0, "calculatedEbitda": 3955000000}, {"date": "2018-12-31", "symbol": "EIX", "reportedCurrency": "USD", "cik": "0000827052", "fillingDate": "2019-02-28", "acceptedDate": "2019-02-28 16:12:51", "calendarYear": "2018", "period": "FY", "revenue": 12657000000, "costOfRevenue": 8203000000, "grossProfit": 4454000000, "grossProfitRatio": 0.3519001343, "researchAndDevelopmentExpenses": 198000000, "generalAndAdministrativeExpenses": 2669000000, "sellingAndMarketingExpenses": 0, "sellingGeneralAndAdministrativeExpenses": 2669000000, "otherExpenses": 197000000, "operatingExpenses": 4928000000, "costAndExpenses": 13131000000, "interestIncome": 24000000, "interestExpense": 734000000, "depreciationAndAmortization": 1940000000, "ebitda": 1663000000, "ebitdaratio": 0.1313897448, "operatingIncome": -552000000, "operatingIncomeRatio": -0.0436122304, "totalOtherIncomeExpensesNet": 119000000, "incomeBeforeTax": -1089000000, "incomeBeforeTaxRatio": -0.0860393458, "incomeTaxExpense": -739000000, "netIncome": -302000000, "netIncomeRatio": -0.0238603145, "eps": -0.93, "epsdiluted": -0.93, "weightedAverageShsOut": 326000000, "weightedAverageShsOutDil": 326000000, "link": "https://www.sec.gov/Archives/edgar/data/827052/000082705219000034/0000827052-19-000034-index.htm", "finalLink": "https://www.sec.gov/Archives/edgar/data/92103/000082705219000034/eix-sceq4201810k.htm", "calculatedOtherExpenses": 2139000000, "calculatedOperatingExpenses": 5006000000, "calculatedNetInterest": -710000000, "calculatedOtherIncome": 173000000, "calculatedIncomeNonControlling": -48000000, "calculatedEbitda": 1388000000}, {"date": "2017-12-31", "symbol": "EIX", "reportedCurrency": "USD", "cik": "0000827052", "fillingDate": "2018-02-22", "acceptedDate": "2018-02-22 16:11:02", "calendarYear": "2017", "period": "FY", "revenue": 12320000000, "costOfRevenue": 7680000000, "grossProfit": 4640000000, "grossProfitRatio": 0.3766233766, "researchAndDevelopmentExpenses": 233000000, "generalAndAdministrativeExpenses": 0, "sellingAndMarketingExpenses": 0, "sellingGeneralAndAdministrativeExpenses": 37000000, "otherExpenses": 95000000, "operatingExpenses": 2409000000, "costAndExpenses": 10089000000, "interestIncome": 7000000, "interestExpense": 639000000, "depreciationAndAmortization": 2115000000, "ebitda": 4441000000, "ebitdaratio": 0.3604707792, "operatingIncome": 1493000000, "operatingIncomeRatio": 0.1211850649, "totalOtherIncomeExpensesNet": -643000000, "incomeBeforeTax": 949000000, "incomeBeforeTaxRatio": 0.0770292208, "incomeTaxExpense": 281000000, "netIncome": 689000000, "netIncomeRatio": 0.0559253247, "eps": 1.73, "epsdiluted": 1.72, "weightedAverageShsOut": 326000000, "weightedAverageShsOutDil": 328000000, "link": "https://www.sec.gov/Archives/edgar/data/827052/000082705218000046/0000827052-18-000046-index.htm", "finalLink": "https://www.sec.gov/Archives/edgar/data/92103/000082705218000046/eix-sce201710k.htm", "calculatedOtherExpenses": 2877000000, "calculatedOperatingExpenses": 3147000000, "calculatedNetInterest": -632000000, "calculatedOtherIncome": 88000000, "calculatedIncomeNonControlling": -21000000, "calculatedEbitda": 3608000000}, {"date": "2016-12-31", "symbol": "EIX", "reportedCurrency": "USD", "cik": "0000827052", "fillingDate": "2017-02-21", "acceptedDate": "2017-02-21 16:06:50", "calendarYear": "2016", "period": "FY", "revenue": 11869000000, "costOfRevenue": 7395000000, "grossProfit": 4474000000, "grossProfitRatio": 0.3769483529, "researchAndDevelopmentExpenses": 0, "generalAndAdministrativeExpenses": 0, "sellingAndMarketingExpenses": 0, "sellingGeneralAndAdministrativeExpenses": 1900000000, "otherExpenses": 79000000, "operatingExpenses": 2361000000, "costAndExpenses": 9756000000, "interestIncome": 3000000, "interestExpense": 581000000, "depreciationAndAmortization": 2098000000, "ebitda": 4290000000, "ebitdaratio": 0.3614457831, "operatingIncome": 2092000000, "operatingIncomeRatio": 0.1762574775, "totalOtherIncomeExpensesNet": 58000000, "incomeBeforeTax": 1590000000, "incomeBeforeTaxRatio": 0.1339624231, "incomeTaxExpense": 177000000, "netIncome": 1434000000, "netIncomeRatio": 0.1208189401, "eps": 4.02, "epsdiluted": 3.97, "weightedAverageShsOut": 326000000, "weightedAverageShsOutDil": 330000000, "link": "https://www.sec.gov/Archives/edgar/data/827052/000082705217000033/0000827052-17-000033-index.htm", "finalLink": "https://www.sec.gov/Archives/edgar/data/92103/000082705217000033/eix-sce201610k.htm", "calculatedOtherExpenses": 482000000, "calculatedOperatingExpenses": 2382000000, "calculatedNetInterest": -578000000, "calculatedOtherIncome": 76000000, "calculatedIncomeNonControlling": -21000000, "calculatedEbitda": 4190000000}, {"date": "2015-12-31", "symbol": "EIX", "reportedCurrency": "USD", "cik": "0000827052", "fillingDate": "2016-02-23", "acceptedDate": "2016-02-23 16:05:48", "calendarYear": "2015", "period": "FY", "revenue": 11524000000, "costOfRevenue": 7256000000, "grossProfit": 4268000000, "grossProfitRatio": 0.3703575148, "researchAndDevelopmentExpenses": 0, "generalAndAdministrativeExpenses": 0, "sellingAndMarketingExpenses": 0, "sellingGeneralAndAdministrativeExpenses": 0, "otherExpenses": 115000000, "operatingExpenses": 2255000000, "costAndExpenses": 9511000000, "interestIncome": 4000000, "interestExpense": 555000000, "depreciationAndAmortization": 2005000000, "ebitda": 4133000000, "ebitdaratio": 0.3586428323, "operatingIncome": 2008000000, "operatingIncomeRatio": 0.1742450538, "totalOtherIncomeExpensesNet": 110000000, "incomeBeforeTax": 1568000000, "incomeBeforeTaxRatio": 0.1360638667, "incomeTaxExpense": 486000000, "netIncome": 1133000000, "netIncomeRatio": 0.0983165568, "eps": 3.13, "epsdiluted": 3.1, "weightedAverageShsOut": 326000000, "weightedAverageShsOutDil": 329000000, "link": "https://www.sec.gov/Archives/edgar/data/827052/000082705216000222/0000827052-16-000222-index.htm", "finalLink": "https://www.sec.gov/Archives/edgar/data/92103/000082705216000222/eix-sce201510k.htm", "calculatedOtherExpenses": 2260000000, "calculatedOperatingExpenses": 2260000000, "calculatedNetInterest": -551000000, "calculatedOtherIncome": 111000000, "calculatedIncomeNonControlling": -51000000, "calculatedEbitda": 4013000000}, {"date": "2014-12-31", "symbol": "EIX", "reportedCurrency": "USD", "cik": "0000827052", "fillingDate": "2015-02-24", "acceptedDate": "2015-02-24 16:05:54", "calendarYear": "2014", "period": "FY", "revenue": 13413000000, "costOfRevenue": 8742000000, "grossProfit": 4671000000, "grossProfitRatio": 0.3482442407, "researchAndDevelopmentExpenses": 0, "generalAndAdministrativeExpenses": 0, "sellingAndMarketingExpenses": 0, "sellingGeneralAndAdministrativeExpenses": 0, "otherExpenses": 67000000, "operatingExpenses": 2042000000, "costAndExpenses": 10784000000, "interestIncome": 5000000, "interestExpense": 560000000, "depreciationAndAmortization": 1815000000, "ebitda": 4511000000, "ebitdaratio": 0.3363155148, "operatingIncome": 2472000000, "operatingIncomeRatio": 0.1842988146, "totalOtherIncomeExpensesNet": -90000000, "incomeBeforeTax": 1979000000, "incomeBeforeTaxRatio": 0.147543428, "incomeTaxExpense": 443000000, "netIncome": 1724000000, "netIncomeRatio": 0.1285320212, "eps": 4.95, "epsdiluted": 4.89, "weightedAverageShsOut": 326000000, "weightedAverageShsOutDil": 329000000, "link": "https://www.sec.gov/Archives/edgar/data/827052/000082705215000035/0000827052-15-000035-index.htm", "finalLink": "https://www.sec.gov/Archives/edgar/data/92103/000082705215000035/eix-sce201410k.htm", "calculatedOtherExpenses": 2199000000, "calculatedOperatingExpenses": 2199000000, "calculatedNetInterest": -555000000, "calculatedOtherIncome": 62000000, "calculatedIncomeNonControlling": -188000000, "calculatedEbitda": 4287000000}, {"date": "2013-12-31", "symbol": "EIX", "reportedCurrency": "USD", "cik": "0000827052", "fillingDate": "2014-02-25", "acceptedDate": "2014-02-25 16:03:23", "calendarYear": "2013", "period": "FY", "revenue": 12581000000, "costOfRevenue": 8673000000, "grossProfit": 3908000000, "grossProfitRatio": 0.3106271362, "researchAndDevelopmentExpenses": 0, "generalAndAdministrativeExpenses": 30000000, "sellingAndMarketingExpenses": 0, "sellingGeneralAndAdministrativeExpenses": 30000000, "otherExpenses": -42000000, "operatingExpenses": 1622000000, "costAndExpenses": 10295000000, "interestIncome": 10000000, "interestExpense": 544000000, "depreciationAndAmortization": 1622000000, "ebitda": 3876000000, "ebitdaratio": 0.3080836182, "operatingIncome": 1715000000, "operatingIncomeRatio": 0.136316668, "totalOtherIncomeExpensesNet": -531000000, "incomeBeforeTax": 1221000000, "incomeBeforeTaxRatio": 0.0970511088, "incomeTaxExpense": 242000000, "netIncome": 1015000000, "netIncomeRatio": 0.0806772117, "eps": 2.81, "epsdiluted": 2.78, "weightedAverageShsOut": 326000000, "weightedAverageShsOutDil": 329000000, "link": "https://www.sec.gov/Archives/edgar/data/827052/000082705214000030/0000827052-14-000030-index.htm", "finalLink": "https://www.sec.gov/Archives/edgar/data/92103/000082705214000030/eix-sce201310k.htm", "calculatedOtherExpenses": 2163000000, "calculatedOperatingExpenses": 2193000000, "calculatedNetInterest": -534000000, "calculatedOtherIncome": 40000000, "calculatedIncomeNonControlling": -36000000, "calculatedEbitda": 3337000000}, {"date": "2012-12-31", "symbol": "EIX", "reportedCurrency": "USD", "cik": "0000827052", "fillingDate": "2013-02-26", "acceptedDate": "2013-02-26 16:04:21", "calendarYear": "2012", "period": "FY", "revenue": 11862000000, "costOfRevenue": 8043000000, "grossProfit": 3819000000, "grossProfitRatio": 0.3219524532, "researchAndDevelopmentExpenses": 0, "generalAndAdministrativeExpenses": 6000000, "sellingAndMarketingExpenses": 0, "sellingGeneralAndAdministrativeExpenses": 6000000, "otherExpenses": -31000000, "operatingExpenses": 1568000000, "costAndExpenses": 9611000000, "interestIncome": 10000000, "interestExpense": 521000000, "depreciationAndAmortization": 1634000000, "ebitda": 3865000000, "ebitdaratio": 0.3258303827, "operatingIncome": 2285000000, "operatingIncomeRatio": 0.1926319339, "totalOtherIncomeExpensesNet": 121000000, "incomeBeforeTax": 1861000000, "incomeBeforeTaxRatio": 0.15688754, "incomeTaxExpense": 267000000, "netIncome": -92000000, "netIncomeRatio": -0.007755859, "eps": -0.28, "epsdiluted": -0.28, "weightedAverageShsOut": 326000000, "weightedAverageShsOutDil": 330000000, "link": "https://www.sec.gov/Archives/edgar/data/827052/000082705213000024/0000827052-13-000024-index.htm", "finalLink": "https://www.sec.gov/Archives/edgar/data/92103/000082705213000024/eix201210k.htm", "calculatedOtherExpenses": 1528000000, "calculatedOperatingExpenses": 1534000000, "calculatedNetInterest": -511000000, "calculatedOtherIncome": 87000000, "calculatedIncomeNonControlling": 1686000000, "calculatedEbitda": 3919000000}, {"date": "2011-12-31", "symbol": "EIX", "reportedCurrency": "USD", "cik": "0000827052", "fillingDate": "2012-02-29", "acceptedDate": "2012-02-29 16:06:02", "calendarYear": "2011", "period": "FY", "revenue": 12760000000, "costOfRevenue": 4155000000, "grossProfit": 8605000000, "grossProfitRatio": 0.6743730408, "researchAndDevelopmentExpenses": 0, "generalAndAdministrativeExpenses": 0, "sellingAndMarketingExpenses": 0, "sellingGeneralAndAdministrativeExpenses": 0, "otherExpenses": 12440000000, "operatingExpenses": 6513000000, "costAndExpenses": 10668000000, "interestIncome": 37000000, "interestExpense": 808000000, "depreciationAndAmortization": 1889000000, "ebitda": 4104000000, "ebitdaratio": 0.321630094, "operatingIncome": 320000000, "operatingIncomeRatio": 0.0250783699, "totalOtherIncomeExpensesNet": -1585000000, "incomeBeforeTax": -264000000, "incomeBeforeTaxRatio": -0.0206896552, "incomeTaxExpense": -288000000, "netIncome": -37000000, "netIncomeRatio": -0.0028996865, "eps": -0.11, "epsdiluted": -0.11, "weightedAverageShsOut": 326000000, "weightedAverageShsOutDil": 329000000, "link": "https://www.sec.gov/Archives/edgar/data/827052/000082705212000013/0000827052-12-000013-index.htm", "finalLink": "https://www.sec.gov/Archives/edgar/data/827052/000082705212000013/eix201110k.htm", "calculatedOtherExpenses": 8285000000, "calculatedOperatingExpenses": 8285000000, "calculatedNetInterest": -771000000, "calculatedOtherIncome": 187000000, "calculatedIncomeNonControlling": 61000000, "calculatedEbitda": 2209000000}, {"date": "2010-12-31", "symbol": "EIX", "reportedCurrency": "USD", "cik": "0000827052", "fillingDate": "2011-02-28", "acceptedDate": "2011-02-28 08:56:24", "calendarYear": "2010", "period": "FY", "revenue": 12409000000, "costOfRevenue": 4102000000, "grossProfit": 8307000000, "grossProfitRatio": 0.6694334757, "researchAndDevelopmentExpenses": 0, "generalAndAdministrativeExpenses": 0, "sellingAndMarketingExpenses": 0, "sellingGeneralAndAdministrativeExpenses": 0, "otherExpenses": 10283000000, "operatingExpenses": 6134000000, "costAndExpenses": 10236000000, "interestIncome": 31000000, "interestExpense": 703000000, "depreciationAndAmortization": 1640000000, "ebitda": 3950000000, "ebitdaratio": 0.3183173503, "operatingIncome": 2126000000, "operatingIncomeRatio": 0.1713272625, "totalOtherIncomeExpensesNet": 156000000, "incomeBeforeTax": 1657000000, "incomeBeforeTaxRatio": 0.1335321138, "incomeTaxExpense": 354000000, "netIncome": 1256000000, "netIncomeRatio": 0.1012168587, "eps": 3.84, "epsdiluted": 3.82, "weightedAverageShsOut": 326000000, "weightedAverageShsOutDil": 329000000, "link": "https://www.sec.gov/Archives/edgar/data/827052/000104746911001484/0001047469-11-001484-index.htm", "finalLink": "https://www.sec.gov/Archives/edgar/data/827052/000104746911001484/a2201615z10-k.htm", "calculatedOtherExpenses": 6181000000, "calculatedOperatingExpenses": 6181000000, "calculatedNetInterest": -672000000, "calculatedOtherIncome": 203000000, "calculatedIncomeNonControlling": 47000000, "calculatedEbitda": 3766000000}, {"date": "2009-12-31", "symbol": "EIX", "reportedCurrency": "USD", "cik": "0000827052", "fillingDate": "2010-03-01", "acceptedDate": "2010-03-01 09:05:45", "calendarYear": "2009", "period": "FY", "revenue": 12333000000, "costOfRevenue": 4268000000, "grossProfit": 8065000000, "grossProfitRatio": 0.6539365929, "researchAndDevelopmentExpenses": 0, "generalAndAdministrativeExpenses": 0, "sellingAndMarketingExpenses": 0, "sellingGeneralAndAdministrativeExpenses": 0, "otherExpenses": 10963000000, "operatingExpenses": 5805000000, "costAndExpenses": 10073000000, "interestIncome": 60000000, "interestExpense": 732000000, "depreciationAndAmortization": 1538000000, "ebitda": 3900000000, "ebitdaratio": 0.3162247628, "operatingIncome": 1398000000, "operatingIncomeRatio": 0.113354415, "totalOtherIncomeExpensesNet": -734000000, "incomeBeforeTax": 854000000, "incomeBeforeTaxRatio": 0.0692451147, "incomeTaxExpense": -98000000, "netIncome": 849000000, "netIncomeRatio": 0.0688396984, "eps": 2.59, "epsdiluted": 2.58, "weightedAverageShsOut": 326000000, "weightedAverageShsOutDil": 327000000, "link": "https://www.sec.gov/Archives/edgar/data/827052/000104746910001604/0001047469-10-001604-index.htm", "finalLink": "https://www.sec.gov/Archives/edgar/data/827052/000104746910001604/a2196047z10-k.htm", "calculatedOtherExpenses": 6667000000, "calculatedOperatingExpenses": 6667000000, "calculatedNetInterest": -672000000, "calculatedOtherIncome": 128000000, "calculatedIncomeNonControlling": 103000000, "calculatedEbitda": 2936000000}, {"date": "2008-12-31", "symbol": "EIX", "reportedCurrency": "USD", "cik": "0000827052", "fillingDate": "2009-03-02", "acceptedDate": "2009-03-02 09:23:54", "calendarYear": "2008", "period": "FY", "revenue": 14112000000, "costOfRevenue": 5992000000, "grossProfit": 8120000000, "grossProfitRatio": 0.5753968254, "researchAndDevelopmentExpenses": 0, "generalAndAdministrativeExpenses": 0, "sellingAndMarketingExpenses": 0, "sellingGeneralAndAdministrativeExpenses": 0, "otherExpenses": 0, "operatingExpenses": 5601000000, "costAndExpenses": 11593000000, "interestIncome": 0, "interestExpense": 0, "depreciationAndAmortization": 1419000000, "ebitda": 3875000000, "ebitdaratio": 0.2745890023, "operatingIncome": 2519000000, "operatingIncomeRatio": 0.1785005669, "totalOtherIncomeExpensesNet": 63000000, "incomeBeforeTax": 1811000000, "incomeBeforeTaxRatio": 0.1283304989, "incomeTaxExpense": 596000000, "netIncome": 1215000000, "netIncomeRatio": 0.0860969388, "eps": 3.69, "epsdiluted": 3.68, "weightedAverageShsOut": 326000000, "weightedAverageShsOutDil": 329000000, "link": "https://www.sec.gov/Archives/edgar/data/827052/000089256909000150/0000892569-09-000150-index.htm", "finalLink": "https://www.sec.gov/Archives/edgar/data/827052/000089256909000150/a51166e10vk.htm", "calculatedOtherExpenses": 5601000000, "calculatedOperatingExpenses": 5601000000, "calculatedNetInterest": 0, "calculatedOtherIncome": -708000000, "calculatedIncomeNonControlling": 0, "calculatedEbitda": 3938000000}, {"date": "2007-12-31", "symbol": "EIX", "reportedCurrency": "USD", "cik": "0000827052", "fillingDate": "2008-02-27", "acceptedDate": "2008-02-27 09:40:05", "calendarYear": "2007", "period": "FY", "revenue": 13113000000, "costOfRevenue": 4999000000, "grossProfit": 8114000000, "grossProfitRatio": 0.6187752612, "researchAndDevelopmentExpenses": 0, "generalAndAdministrativeExpenses": 0, "sellingAndMarketingExpenses": 0, "sellingGeneralAndAdministrativeExpenses": 0, "otherExpenses": 0, "operatingExpenses": 5843000000, "costAndExpenses": 10842000000, "interestIncome": 0, "interestExpense": 0, "depreciationAndAmortization": 1375000000, "ebitda": 3520000000, "ebitdaratio": 0.2684359033, "operatingIncome": 2271000000, "operatingIncomeRatio": 0.1731869137, "totalOtherIncomeExpensesNet": 126000000, "incomeBeforeTax": 1592000000, "incomeBeforeTaxRatio": 0.1214062381, "incomeTaxExpense": 492000000, "netIncome": 1098000000, "netIncomeRatio": 0.0837336994, "eps": 3.33, "epsdiluted": 3.31, "weightedAverageShsOut": 326000000, "weightedAverageShsOutDil": 331000000, "link": "https://www.sec.gov/Archives/edgar/data/827052/000089256908000173/0000892569-08-000173-index.htm", "finalLink": "https://www.sec.gov/Archives/edgar/data/827052/000089256908000173/a38147e10vk.htm", "calculatedOtherExpenses": 5843000000, "calculatedOperatingExpenses": 5843000000, "calculatedNetInterest": 0, "calculatedOtherIncome": -679000000, "calculatedIncomeNonControlling": 2000000, "calculatedEbitda": 3646000000}, {"date": "2006-12-31", "symbol": "EIX", "reportedCurrency": "USD", "cik": "0000827052", "fillingDate": "2007-02-28", "acceptedDate": "2007-02-28 10:10:18", "calendarYear": "2006", "period": "FY", "revenue": 12622000000, "costOfRevenue": 5166000000, "grossProfit": 7456000000, "grossProfitRatio": 0.5907146253, "researchAndDevelopmentExpenses": 0, "generalAndAdministrativeExpenses": 0, "sellingAndMarketingExpenses": 0, "sellingGeneralAndAdministrativeExpenses": 25000000, "otherExpenses": 0, "operatingExpenses": 5114000000, "costAndExpenses": 10280000000, "interestIncome": 169000000, "interestExpense": 858000000, "depreciationAndAmortization": 1280000000, "ebitda": 3471000000, "ebitdaratio": 0.2749960387, "operatingIncome": 2342000000, "operatingIncomeRatio": 0.1855490414, "totalOtherIncomeExpensesNet": 151000000, "incomeBeforeTax": 1665000000, "incomeBeforeTaxRatio": 0.1319125337, "incomeTaxExpense": 582000000, "netIncome": 1181000000, "netIncomeRatio": 0.0935667881, "eps": 3.57, "epsdiluted": 3.57, "weightedAverageShsOut": 330812325, "weightedAverageShsOutDil": 330812325, "link": "https://www.sec.gov/Archives/edgar/data/827052/000119312507042000/0001193125-07-042000-index.htm", "finalLink": "https://www.sec.gov/Archives/edgar/data/827052/000119312507042000/d10k.htm", "calculatedOtherExpenses": 5089000000, "calculatedOperatingExpenses": 5114000000, "calculatedNetInterest": -689000000, "calculatedOtherIncome": 12000000, "calculatedIncomeNonControlling": -98000000, "calculatedEbitda": 3622000000}, {"date": "2005-12-31", "symbol": "EIX", "reportedCurrency": "USD", "cik": "0000827052", "fillingDate": "2006-03-07", "acceptedDate": "2006-03-07 11:52:21", "calendarYear": "2005", "period": "FY", "revenue": 11852000000, "costOfRevenue": 4432000000, "grossProfit": 7420000000, "grossProfitRatio": 0.6260546743, "researchAndDevelopmentExpenses": 0, "generalAndAdministrativeExpenses": 0, "sellingAndMarketingExpenses": 0, "sellingGeneralAndAdministrativeExpenses": 435000000, "otherExpenses": 0, "operatingExpenses": 5197000000, "costAndExpenses": 9629000000, "interestIncome": 112000000, "interestExpense": 818000000, "depreciationAndAmortization": 1168000000, "ebitda": 3176000000, "ebitdaratio": 0.2679716504, "operatingIncome": 2223000000, "operatingIncomeRatio": 0.1875632805, "totalOtherIncomeExpensesNet": 215000000, "incomeBeforeTax": 1565000000, "incomeBeforeTaxRatio": 0.1320452244, "incomeTaxExpense": 457000000, "netIncome": 1137000000, "netIncomeRatio": 0.0959331758, "eps": 3.47, "epsdiluted": 3.43, "weightedAverageShsOut": 326000000, "weightedAverageShsOutDil": 332000000, "link": "https://www.sec.gov/Archives/edgar/data/827052/000082705206000030/0000827052-06-000030-index.htm", "finalLink": "https://www.sec.gov/Archives/edgar/data/827052/000082705206000030/eix10k05.htm", "calculatedOtherExpenses": 4762000000, "calculatedOperatingExpenses": 5197000000, "calculatedNetInterest": -706000000, "calculatedOtherIncome": 48000000, "calculatedIncomeNonControlling": -29000000, "calculatedEbitda": 3391000000}, {"date": "2004-12-31", "symbol": "EIX", "reportedCurrency": "USD", "cik": "0000827052", "fillingDate": "2005-03-16", "acceptedDate": "2005-03-16 12:44:59", "calendarYear": "2004", "period": "FY", "revenue": 10199000000, "costOfRevenue": 3761000000, "grossProfit": 6438000000, "grossProfitRatio": 0.6312383567, "researchAndDevelopmentExpenses": 0, "generalAndAdministrativeExpenses": 0, "sellingAndMarketingExpenses": 0, "sellingGeneralAndAdministrativeExpenses": -201000000, "otherExpenses": 0, "operatingExpenses": 5338000000, "costAndExpenses": 9099000000, "interestIncome": 0, "interestExpense": 0, "depreciationAndAmortization": 1120000000, "ebitda": 2099000000, "ebitdaratio": 0.2058044906, "operatingIncome": 1100000000, "operatingIncomeRatio": 0.1078537111, "totalOtherIncomeExpensesNet": 121000000, "incomeBeforeTax": 134000000, "incomeBeforeTaxRatio": 0.013138543, "incomeTaxExpense": -92000000, "netIncome": 916000000, "netIncomeRatio": 0.0898127267, "eps": 2.81, "epsdiluted": 2.77, "weightedAverageShsOut": 326000000, "weightedAverageShsOutDil": 330685921, "link": "https://www.sec.gov/Archives/edgar/data/827052/000082705205000050/0000827052-05-000050-index.htm", "finalLink": "https://www.sec.gov/Archives/edgar/data/827052/000082705205000050/eix10k04.htm", "calculatedOtherExpenses": 5539000000, "calculatedOperatingExpenses": 5338000000, "calculatedNetInterest": 0, "calculatedOtherIncome": -966000000, "calculatedIncomeNonControlling": -690000000, "calculatedEbitda": 2220000000}, {"date": "2003-12-31", "symbol": "EIX", "reportedCurrency": "USD", "cik": "0000827052", "fillingDate": "2004-03-15", "acceptedDate": "2004-03-15 10:13:03", "calendarYear": "2003", "period": "FY", "revenue": 12135000000, "costOfRevenue": 4124000000, "grossProfit": 8011000000, "grossProfitRatio": 0.6601565719, "researchAndDevelopmentExpenses": 0, "generalAndAdministrativeExpenses": 0, "sellingAndMarketingExpenses": 0, "sellingGeneralAndAdministrativeExpenses": 0, "otherExpenses": 0, "operatingExpenses": 6225000000, "costAndExpenses": 10349000000, "interestIncome": 127000000, "interestExpense": 1226000000, "depreciationAndAmortization": 1292000000, "ebitda": 2773000000, "ebitdaratio": 0.228512567, "operatingIncome": 1786000000, "operatingIncomeRatio": 0.1471775855, "totalOtherIncomeExpensesNet": 305000000, "incomeBeforeTax": 992000000, "incomeBeforeTaxRatio": 0.0817470128, "incomeTaxExpense": 213000000, "netIncome": 821000000, "netIncomeRatio": 0.0676555418, "eps": 2.52, "epsdiluted": 2.5, "weightedAverageShsOut": 326000000, "weightedAverageShsOutDil": 328400000, "link": "https://www.sec.gov/Archives/edgar/data/827052/000082705204000042/0000827052-04-000042-index.htm", "finalLink": "https://www.sec.gov/Archives/edgar/data/827052/000082705204000042/eix10k03.htm", "calculatedOtherExpenses": 6225000000, "calculatedOperatingExpenses": 6225000000, "calculatedNetInterest": -1099000000, "calculatedOtherIncome": 305000000, "calculatedIncomeNonControlling": -42000000, "calculatedEbitda": 3078000000}, {"date": "2002-12-31", "symbol": "EIX", "reportedCurrency": "USD", "cik": "0000827052", "fillingDate": "2003-03-31", "acceptedDate": "2003-03-31 08:16:16", "calendarYear": "2002", "period": "FY", "revenue": 11488000000, "costOfRevenue": 3202000000, "grossProfit": 8286000000, "grossProfitRatio": 0.7212743733, "researchAndDevelopmentExpenses": 0, "generalAndAdministrativeExpenses": 0, "sellingAndMarketingExpenses": 0, "sellingGeneralAndAdministrativeExpenses": 0, "otherExpenses": 0, "operatingExpenses": 4417000000, "costAndExpenses": 7619000000, "interestIncome": 0, "interestExpense": 0, "depreciationAndAmortization": 1143000000, "ebitda": 4665000000, "ebitdaratio": 0.4060759053, "operatingIncome": 3869000000, "operatingIncomeRatio": 0.3367862117, "totalOtherIncomeExpensesNet": 347000000, "incomeBeforeTax": 1526000000, "incomeBeforeTaxRatio": 0.1328342618, "incomeTaxExpense": 391000000, "netIncome": 1077000000, "netIncomeRatio": 0.09375, "eps": 3.31, "epsdiluted": 3.28, "weightedAverageShsOut": 326000000, "weightedAverageShsOutDil": 328353659, "link": "https://www.sec.gov/Archives/edgar/data/827052/000082705203000030/0000827052-03-000030-index.htm", "finalLink": "https://www.sec.gov/Archives/edgar/data/827052/000082705203000030/eix10k2002.htm", "calculatedOtherExpenses": 4417000000, "calculatedOperatingExpenses": 4417000000, "calculatedNetInterest": 0, "calculatedOtherIncome": -2343000000, "calculatedIncomeNonControlling": 58000000, "calculatedEbitda": 5012000000}, {"date": "2001-12-31", "symbol": "EIX", "reportedCurrency": "USD", "cik": "0000827052", "fillingDate": "2002-03-29", "acceptedDate": "2002-03-29 00:00:00", "calendarYear": "2001", "period": "FY", "revenue": 11436000000, "costOfRevenue": 4898000000, "grossProfit": 6538000000, "grossProfitRatio": 0.5717033928, "researchAndDevelopmentExpenses": 0, "generalAndAdministrativeExpenses": 0, "sellingAndMarketingExpenses": 0, "sellingGeneralAndAdministrativeExpenses": 0, "otherExpenses": 0, "operatingExpenses": 4116000000, "costAndExpenses": 9014000000, "interestIncome": 0, "interestExpense": 0, "depreciationAndAmortization": 1065000000, "ebitda": 3373000000, "ebitdaratio": 0.2949457852, "operatingIncome": 2422000000, "operatingIncomeRatio": 0.2117873382, "totalOtherIncomeExpensesNet": 114000000, "incomeBeforeTax": 4049000000, "incomeBeforeTaxRatio": 0.3540573627, "incomeTaxExpense": 1647000000, "netIncome": 1035000000, "netIncomeRatio": 0.0905036726, "eps": 3.18, "epsdiluted": 3.17, "weightedAverageShsOut": 326000000, "weightedAverageShsOutDil": 326498423, "link": "https://www.sec.gov/Archives/edgar/data/827052/000082705202000011/0000827052-02-000011-index.htm", "finalLink": "https://www.sec.gov/Archives/edgar/data/827052/000082705202000011/eix10k01.htm", "calculatedOtherExpenses": 4116000000, "calculatedOperatingExpenses": 4116000000, "calculatedNetInterest": 0, "calculatedOtherIncome": 1627000000, "calculatedIncomeNonControlling": 1367000000, "calculatedEbitda": 3487000000}, {"date": "2000-12-31", "symbol": "EIX", "reportedCurrency": "USD", "cik": "0000827052", "fillingDate": "2001-04-17", "acceptedDate": "2001-04-17 00:00:00", "calendarYear": "2000", "period": "FY", "revenue": 11717000000, "costOfRevenue": 5963000000, "grossProfit": 5754000000, "grossProfitRatio": 0.4910813348, "researchAndDevelopmentExpenses": 0, "generalAndAdministrativeExpenses": 0, "sellingAndMarketingExpenses": 0, "sellingGeneralAndAdministrativeExpenses": 0, "otherExpenses": 0, "operatingExpenses": 5207000000, "costAndExpenses": 11170000000, "interestIncome": 227000000, "interestExpense": 1388000000, "depreciationAndAmortization": 2101000000, "ebitda": 2604000000, "ebitdaratio": 0.222241188, "operatingIncome": 547000000, "operatingIncomeRatio": 0.0466843049, "totalOtherIncomeExpensesNet": 44000000, "incomeBeforeTax": -2992000000, "incomeBeforeTaxRatio": -0.2553554664, "incomeTaxExpense": -1049000000, "netIncome": -1943000000, "netIncomeRatio": -0.1658274302, "eps": -5.83, "epsdiluted": -5.83, "weightedAverageShsOut": 333000000, "weightedAverageShsOutDil": 333000000, "link": "https://www.sec.gov/Archives/edgar/data/827052/000082705201000036/0000827052-01-000036-index.htm", "finalLink": "https://www.sec.gov/Archives/edgar/data/827052/000082705201000036/0000827052-01-000036-0001.txt", "calculatedOtherExpenses": 5207000000, "calculatedOperatingExpenses": 5207000000, "calculatedNetInterest": -1161000000, "calculatedOtherIncome": -2378000000, "calculatedIncomeNonControlling": 0, "calculatedEbitda": 2648000000}, {"date": "1999-12-31", "symbol": "EIX", "reportedCurrency": "USD", "cik": "0000827052", "fillingDate": "2000-03-29", "acceptedDate": "2000-03-29 00:00:00", "calendarYear": "1999", "period": "FY", "revenue": 9670000000, "costOfRevenue": 3854000000, "grossProfit": 5816000000, "grossProfitRatio": 0.6014477766, "researchAndDevelopmentExpenses": 0, "generalAndAdministrativeExpenses": 0, "sellingAndMarketingExpenses": 0, "sellingGeneralAndAdministrativeExpenses": 0, "otherExpenses": 0, "operatingExpenses": 4836000000, "costAndExpenses": 8690000000, "interestIncome": 0, "interestExpense": 0, "depreciationAndAmortization": 1873000000, "ebitda": 2853000000, "ebitdaratio": 0.2950361944, "operatingIncome": 980000000, "operatingIncomeRatio": 0.101344364, "totalOtherIncomeExpensesNet": 33000000, "incomeBeforeTax": 917000000, "incomeBeforeTaxRatio": 0.0948293692, "incomeTaxExpense": 294000000, "netIncome": 623000000, "netIncomeRatio": 0.06442606, "eps": 1.79, "epsdiluted": 1.79, "weightedAverageShsOut": 348000000, "weightedAverageShsOutDil": 348000000, "link": "https://www.sec.gov/Archives/edgar/data/827052/000082705200000050/0000827052-00-000050-index.html", "finalLink": "https://www.sec.gov/Archives/edgar/data/827052/000082705200000050/", "calculatedOtherExpenses": 4836000000, "calculatedOperatingExpenses": 4836000000, "calculatedNetInterest": 0, "calculatedOtherIncome": -63000000, "calculatedIncomeNonControlling": 0, "calculatedEbitda": 2853000000}, {"date": "1998-12-31", "symbol": "EIX", "reportedCurrency": "USD", "cik": "0000827052", "fillingDate": "1999-03-24", "acceptedDate": "1999-03-24 00:00:00", "calendarYear": "1998", "period": "FY", "revenue": 10208000000, "costOfRevenue": 5111000000, "grossProfit": 5097000000, "grossProfitRatio": 0.4993142633, "researchAndDevelopmentExpenses": 0, "generalAndAdministrativeExpenses": 0, "sellingAndMarketingExpenses": 0, "sellingGeneralAndAdministrativeExpenses": 0, "otherExpenses": 0, "operatingExpenses": 3786000000, "costAndExpenses": 8897000000, "interestIncome": 0, "interestExpense": 0, "depreciationAndAmortization": 1831000000, "ebitda": 2707000000, "ebitdaratio": 0.2651841693, "operatingIncome": 1311000000, "operatingIncomeRatio": 0.1284286834, "totalOtherIncomeExpensesNet": 435000000, "incomeBeforeTax": 1123200000, "incomeBeforeTaxRatio": 0.110031348, "incomeTaxExpense": 455000000, "netIncome": 668200000, "netIncomeRatio": 0.0654584639, "eps": 1.86, "epsdiluted": 1.84, "weightedAverageShsOut": 359000000, "weightedAverageShsOutDil": 363043478, "link": "https://www.sec.gov/Archives/edgar/data/827052/000082705299000048/0000827052-99-000048-index.html", "finalLink": "https://www.sec.gov/Archives/edgar/data/827052/", "calculatedOtherExpenses": 3786000000, "calculatedOperatingExpenses": 3786000000, "calculatedNetInterest": 0, "calculatedOtherIncome": -187800000, "calculatedIncomeNonControlling": 0, "calculatedEbitda": 3142000000}, {"date": "1997-12-31", "symbol": "EIX", "reportedCurrency": "USD", "cik": "0000827052", "fillingDate": "1998-03-25", "acceptedDate": "1998-03-25 00:00:00", "calendarYear": "1997", "period": "FY", "revenue": 9235000000, "costOfRevenue": 3928000000, "grossProfit": 5307000000, "grossProfitRatio": 0.5746616134, "researchAndDevelopmentExpenses": 0, "generalAndAdministrativeExpenses": 0, "sellingAndMarketingExpenses": 0, "sellingGeneralAndAdministrativeExpenses": 0, "otherExpenses": 0, "operatingExpenses": 3683000000, "costAndExpenses": 7611000000, "interestIncome": 0, "interestExpense": 0, "depreciationAndAmortization": 1149000000, "ebitda": 2773000000, "ebitdaratio": 0.3002707093, "operatingIncome": 1624000000, "operatingIncomeRatio": 0.1758527342, "totalOtherIncomeExpensesNet": 301000000, "incomeBeforeTax": 1237000000, "incomeBeforeTaxRatio": 0.133946941, "incomeTaxExpense": 537000000, "netIncome": 700000000, "netIncomeRatio": 0.0757985923, "eps": 1.75, "epsdiluted": 1.73, "weightedAverageShsOut": 400000000, "weightedAverageShsOutDil": 404624277, "link": "https://www.sec.gov/Archives/edgar/data/827052/000082705298000033/0000827052-98-000033-index.html", "finalLink": "https://www.sec.gov/Archives/edgar/data/827052/", "calculatedOtherExpenses": 3683000000, "calculatedOperatingExpenses": 3683000000, "calculatedNetInterest": 0, "calculatedOtherIncome": -387000000, "calculatedIncomeNonControlling": 0, "calculatedEbitda": 2773000000}, {"date": "1996-12-31", "symbol": "EIX", "reportedCurrency": "USD", "cik": "0000827052", "fillingDate": "1997-03-28", "acceptedDate": "1997-03-28 00:00:00", "calendarYear": "1996", "period": "FY", "revenue": 8545000000, "costOfRevenue": 3474000000, "grossProfit": 5071000000, "grossProfitRatio": 0.5934464599, "researchAndDevelopmentExpenses": 0, "generalAndAdministrativeExpenses": 0, "sellingAndMarketingExpenses": 0, "sellingGeneralAndAdministrativeExpenses": 0, "otherExpenses": 0, "operatingExpenses": 3256000000, "costAndExpenses": 6730000000, "interestIncome": 0, "interestExpense": 0, "depreciationAndAmortization": 1140000000, "ebitda": 2955000000, "ebitdaratio": 0.3458162668, "operatingIncome": 1815000000, "operatingIncomeRatio": 0.2124049152, "totalOtherIncomeExpensesNet": 129000000, "incomeBeforeTax": 1280000000, "incomeBeforeTaxRatio": 0.1497952019, "incomeTaxExpense": 563000000, "netIncome": 717000000, "netIncomeRatio": 0.0839087185, "eps": 1.64, "epsdiluted": 1.63, "weightedAverageShsOut": 437195122, "weightedAverageShsOutDil": 439877301, "link": "https://www.sec.gov/Archives/edgar/data/827052/000082705297000024/0000827052-97-000024-index.html", "finalLink": "https://www.sec.gov/Archives/edgar/data/827052/", "calculatedOtherExpenses": 3256000000, "calculatedOperatingExpenses": 3256000000, "calculatedNetInterest": 0, "calculatedOtherIncome": -535000000, "calculatedIncomeNonControlling": 0, "calculatedEbitda": 2955000000}, {"date": "1995-12-31", "symbol": "EIX", "reportedCurrency": "USD", "cik": "0000827052", "fillingDate": "1996-03-27", "acceptedDate": "1996-03-27 00:00:00", "calendarYear": "1995", "period": "FY", "revenue": 8405000000, "costOfRevenue": 3276000000, "grossProfit": 5129000000, "grossProfitRatio": 0.6102320048, "researchAndDevelopmentExpenses": 0, "generalAndAdministrativeExpenses": 0, "sellingAndMarketingExpenses": 0, "sellingGeneralAndAdministrativeExpenses": 0, "otherExpenses": 0, "operatingExpenses": 2994000000, "costAndExpenses": 6270000000, "interestIncome": 0, "interestExpense": 0, "depreciationAndAmortization": 1398000000, "ebitda": 3533000000, "ebitdaratio": 0.4203450327, "operatingIncome": 2135000000, "operatingIncomeRatio": 0.254015467, "totalOtherIncomeExpensesNet": -311000000, "incomeBeforeTax": 1267000000, "incomeBeforeTaxRatio": 0.150743605, "incomeTaxExpense": 528000000, "netIncome": 739000000, "netIncomeRatio": 0.0879238548, "eps": 1.66, "epsdiluted": 1.65, "weightedAverageShsOut": 445180723, "weightedAverageShsOutDil": 447878788, "link": "https://www.sec.gov/Archives/edgar/data/827052/000082705296000030/0000827052-96-000030-index.html", "finalLink": "https://www.sec.gov/Archives/edgar/data/827052/", "calculatedOtherExpenses": 2994000000, "calculatedOperatingExpenses": 2994000000, "calculatedNetInterest": 0, "calculatedOtherIncome": -868000000, "calculatedIncomeNonControlling": 0, "calculatedEbitda": 3533000000}, {"date": "1994-12-31", "symbol": "EIX", "reportedCurrency": "USD", "cik": "0000827052", "fillingDate": "1995-03-29", "acceptedDate": "1995-03-29 00:00:00", "calendarYear": "1994", "period": "FY", "revenue": 8345000000, "costOfRevenue": 3459000000, "grossProfit": 4886000000, "grossProfitRatio": 0.5855002996, "researchAndDevelopmentExpenses": 0, "generalAndAdministrativeExpenses": 0, "sellingAndMarketingExpenses": 0, "sellingGeneralAndAdministrativeExpenses": 0, "otherExpenses": 0, "operatingExpenses": 3051000000, "costAndExpenses": 6510000000, "interestIncome": 0, "interestExpense": 0, "depreciationAndAmortization": 1174000000, "ebitda": 3009000000, "ebitdaratio": 0.3605751947, "operatingIncome": 1835000000, "operatingIncomeRatio": 0.219892151, "totalOtherIncomeExpensesNet": -95000000, "incomeBeforeTax": 1162000000, "incomeBeforeTaxRatio": 0.1392450569, "incomeTaxExpense": 481000000, "netIncome": 681000000, "netIncomeRatio": 0.0816057519, "eps": 1.52, "epsdiluted": 1.52, "weightedAverageShsOut": 448026316, "weightedAverageShsOutDil": 448026316, "link": "https://www.sec.gov/Archives/edgar/data/827052/000082705295000019/0000827052-95-000019-index.html", "finalLink": "https://www.sec.gov/Archives/edgar/data/827052/", "calculatedOtherExpenses": 3051000000, "calculatedOperatingExpenses": 3051000000, "calculatedNetInterest": 0, "calculatedOtherIncome": -673000000, "calculatedIncomeNonControlling": 0, "calculatedEbitda": 3009000000}, {"date": "1993-12-31", "symbol": "EIX", "reportedCurrency": "USD", "cik": "0000827052", "fillingDate": "1994-03-21", "acceptedDate": "1994-03-21 00:00:00", "calendarYear": "1993", "period": "FY", "revenue": 7821000000, "costOfRevenue": 0, "grossProfit": 7821000000, "grossProfitRatio": 1, "researchAndDevelopmentExpenses": 0, "generalAndAdministrativeExpenses": 0, "sellingAndMarketingExpenses": 0, "sellingGeneralAndAdministrativeExpenses": 0, "otherExpenses": 0, "operatingExpenses": 0, "costAndExpenses": 0, "interestIncome": 0, "interestExpense": 0, "depreciationAndAmortization": 0, "ebitda": 7821000000, "ebitdaratio": 1, "operatingIncome": 7821000000, "operatingIncomeRatio": 1, "totalOtherIncomeExpensesNet": 0, "incomeBeforeTax": 0, "incomeBeforeTaxRatio": 0, "incomeTaxExpense": -639000000, "netIncome": 639000000, "netIncomeRatio": 0.081703107, "eps": 1.43, "epsdiluted": 1.42, "weightedAverageShsOut": 446853147, "weightedAverageShsOutDil": 450000000, "link": "https://www.sec.gov/Archives/edgar/data/827052/000095015094000418/0000950150-94-000418-index.html", "finalLink": "https://www.sec.gov/Archives/edgar/data/827052/", "calculatedOtherExpenses": 0, "calculatedOperatingExpenses": 0, "calculatedNetInterest": 0, "calculatedOtherIncome": -7821000000, "calculatedIncomeNonControlling": 0, "calculatedEbitda": 7821000000}, {"date": "1992-12-31", "symbol": "EIX", "reportedCurrency": "USD", "cik": "0000827052", "fillingDate": "1992-12-31", "acceptedDate": "1992-12-30 19:00:00", "calendarYear": "1992", "period": "FY", "revenue": 7984000000, "costOfRevenue": 0, "grossProfit": 7984000000, "grossProfitRatio": 1, "researchAndDevelopmentExpenses": 0, "generalAndAdministrativeExpenses": 0, "sellingAndMarketingExpenses": 0, "sellingGeneralAndAdministrativeExpenses": 0, "otherExpenses": 0, "operatingExpenses": 0, "costAndExpenses": 0, "interestIncome": 0, "interestExpense": 0, "depreciationAndAmortization": 0, "ebitda": 7984000000, "ebitdaratio": 1, "operatingIncome": 7984000000, "operatingIncomeRatio": 1, "totalOtherIncomeExpensesNet": 0, "incomeBeforeTax": 0, "incomeBeforeTaxRatio": 0, "incomeTaxExpense": -739000000, "netIncome": 739000000, "netIncomeRatio": 0.0925601202, "eps": 1.66, "epsdiluted": 1.66, "weightedAverageShsOut": 445180723, "weightedAverageShsOutDil": 445180723, "link": null, "finalLink": null, "calculatedOtherExpenses": 0, "calculatedOperatingExpenses": 0, "calculatedNetInterest": 0, "calculatedOtherIncome": -7984000000, "calculatedIncomeNonControlling": 0, "calculatedEbitda": 7984000000}, {"date": "1991-12-31", "symbol": "EIX", "reportedCurrency": "USD", "cik": "0000827052", "fillingDate": "1991-12-31", "acceptedDate": "1991-12-30 19:00:00", "calendarYear": "1991", "period": "FY", "revenue": 7502500000, "costOfRevenue": 0, "grossProfit": 7502500000, "grossProfitRatio": 1, "researchAndDevelopmentExpenses": 0, "generalAndAdministrativeExpenses": 0, "sellingAndMarketingExpenses": 0, "sellingGeneralAndAdministrativeExpenses": 0, "otherExpenses": 0, "operatingExpenses": 0, "costAndExpenses": 0, "interestIncome": 0, "interestExpense": 0, "depreciationAndAmortization": 0, "ebitda": 7502500000, "ebitdaratio": 1, "operatingIncome": 7502500000, "operatingIncomeRatio": 1, "totalOtherIncomeExpensesNet": 0, "incomeBeforeTax": 0, "incomeBeforeTaxRatio": 0, "incomeTaxExpense": -702600000, "netIncome": 702600000, "netIncomeRatio": 0.0936487837, "eps": 1.61, "epsdiluted": 1.61, "weightedAverageShsOut": 436397516, "weightedAverageShsOutDil": 436397516, "link": null, "finalLink": null, "calculatedOtherExpenses": 0, "calculatedOperatingExpenses": 0, "calculatedNetInterest": 0, "calculatedOtherIncome": -7502500000, "calculatedIncomeNonControlling": 0, "calculatedEbitda": 7502500000}, {"date": "1990-12-31", "symbol": "EIX", "reportedCurrency": "USD", "cik": "0000827052", "fillingDate": "1990-12-31", "acceptedDate": "1990-12-30 19:00:00", "calendarYear": "1990", "period": "FY", "revenue": 7198500000, "costOfRevenue": 0, "grossProfit": 7198500000, "grossProfitRatio": 1, "researchAndDevelopmentExpenses": 0, "generalAndAdministrativeExpenses": 0, "sellingAndMarketingExpenses": 0, "sellingGeneralAndAdministrativeExpenses": 0, "otherExpenses": 0, "operatingExpenses": 0, "costAndExpenses": 0, "interestIncome": 0, "interestExpense": 0, "depreciationAndAmortization": 0, "ebitda": 7198500000, "ebitdaratio": 1, "operatingIncome": 7198500000, "operatingIncomeRatio": 1, "totalOtherIncomeExpensesNet": 0, "incomeBeforeTax": 0, "incomeBeforeTaxRatio": 0, "incomeTaxExpense": -786400000, "netIncome": 786400000, "netIncomeRatio": 0.1092449816, "eps": 1.8, "epsdiluted": 1.8, "weightedAverageShsOut": 436888889, "weightedAverageShsOutDil": 436888889, "link": null, "finalLink": null, "calculatedOtherExpenses": 0, "calculatedOperatingExpenses": 0, "calculatedNetInterest": 0, "calculatedOtherIncome": -7198500000, "calculatedIncomeNonControlling": 0, "calculatedEbitda": 7198500000}, {"date": "1989-12-31", "symbol": "EIX", "reportedCurrency": "USD", "cik": "0000827052", "fillingDate": "1989-12-31", "acceptedDate": "1989-12-30 19:00:00", "calendarYear": "1989", "period": "FY", "revenue": 6524400000, "costOfRevenue": 0, "grossProfit": 6524400000, "grossProfitRatio": 1, "researchAndDevelopmentExpenses": 0, "generalAndAdministrativeExpenses": 0, "sellingAndMarketingExpenses": 0, "sellingGeneralAndAdministrativeExpenses": 0, "otherExpenses": 0, "operatingExpenses": 0, "costAndExpenses": 0, "interestIncome": 0, "interestExpense": 0, "depreciationAndAmortization": 0, "ebitda": 6524400000, "ebitdaratio": 1, "operatingIncome": 6524400000, "operatingIncomeRatio": 1, "totalOtherIncomeExpensesNet": 0, "incomeBeforeTax": 0, "incomeBeforeTaxRatio": 0, "incomeTaxExpense": -778200000, "netIncome": 778200000, "netIncomeRatio": 0.1192753357, "eps": 1.78, "epsdiluted": 1.78, "weightedAverageShsOut": 437191011, "weightedAverageShsOutDil": 437191011, "link": null, "finalLink": null, "calculatedOtherExpenses": 0, "calculatedOperatingExpenses": 0, "calculatedNetInterest": 0, "calculatedOtherIncome": -6524400000, "calculatedIncomeNonControlling": 0, "calculatedEbitda": 6524400000}, {"date": "1988-12-31", "symbol": "EIX", "reportedCurrency": "USD", "cik": "0000827052", "fillingDate": "1988-12-31", "acceptedDate": "1988-12-30 19:00:00", "calendarYear": "1988", "period": "FY", "revenue": 6252700000, "costOfRevenue": 0, "grossProfit": 6252700000, "grossProfitRatio": 1, "researchAndDevelopmentExpenses": 0, "generalAndAdministrativeExpenses": 0, "sellingAndMarketingExpenses": 0, "sellingGeneralAndAdministrativeExpenses": 0, "otherExpenses": 0, "operatingExpenses": 0, "costAndExpenses": 0, "interestIncome": 0, "interestExpense": 0, "depreciationAndAmortization": 0, "ebitda": 6252700000, "ebitdaratio": 1, "operatingIncome": 6252700000, "operatingIncomeRatio": 1, "totalOtherIncomeExpensesNet": 0, "incomeBeforeTax": 0, "incomeBeforeTaxRatio": 0, "incomeTaxExpense": -761800000, "netIncome": 761800000, "netIncomeRatio": 0.1218353671, "eps": 1.75, "epsdiluted": 1.75, "weightedAverageShsOut": 435314286, "weightedAverageShsOutDil": 435314286, "link": null, "finalLink": null, "calculatedOtherExpenses": 0, "calculatedOperatingExpenses": 0, "calculatedNetInterest": 0, "calculatedOtherIncome": -6252700000, "calculatedIncomeNonControlling": 0, "calculatedEbitda": 6252700000}, {"date": "1987-12-31", "symbol": "EIX", "reportedCurrency": "USD", "cik": "0000827052", "fillingDate": "1987-12-31", "acceptedDate": "1987-12-30 19:00:00", "calendarYear": "1987", "period": "FY", "revenue": 5448700000, "costOfRevenue": 0, "grossProfit": 5448700000, "grossProfitRatio": 1, "researchAndDevelopmentExpenses": 0, "generalAndAdministrativeExpenses": 0, "sellingAndMarketingExpenses": 0, "sellingGeneralAndAdministrativeExpenses": 0, "otherExpenses": 0, "operatingExpenses": 0, "costAndExpenses": 0, "interestIncome": 0, "interestExpense": 0, "depreciationAndAmortization": 0, "ebitda": 5448700000, "ebitdaratio": 1, "operatingIncome": 5448700000, "operatingIncomeRatio": 1, "totalOtherIncomeExpensesNet": 0, "incomeBeforeTax": 0, "incomeBeforeTaxRatio": 0, "incomeTaxExpense": -720600000, "netIncome": 720600000, "netIncomeRatio": 0.1322517298, "eps": 1.54, "epsdiluted": 1.54, "weightedAverageShsOut": 433961039, "weightedAverageShsOutDil": 433961039, "link": null, "finalLink": null, "calculatedOtherExpenses": 0, "calculatedOperatingExpenses": 0, "calculatedNetInterest": 0, "calculatedOtherIncome": -5448700000, "calculatedIncomeNonControlling": 0, "calculatedEbitda": 5448700000}, {"date": "1986-12-31", "symbol": "EIX", "reportedCurrency": "USD", "cik": "0000827052", "fillingDate": "1986-12-31", "acceptedDate": "1986-12-30 19:00:00", "calendarYear": "1986", "period": "FY", "revenue": 5275500000, "costOfRevenue": 0, "grossProfit": 5275500000, "grossProfitRatio": 1, "researchAndDevelopmentExpenses": 0, "generalAndAdministrativeExpenses": 0, "sellingAndMarketingExpenses": 0, "sellingGeneralAndAdministrativeExpenses": 0, "otherExpenses": 0, "operatingExpenses": 0, "costAndExpenses": 0, "interestIncome": 0, "interestExpense": 0, "depreciationAndAmortization": 0, "ebitda": 5275500000, "ebitdaratio": 1, "operatingIncome": 5275500000, "operatingIncomeRatio": 1, "totalOtherIncomeExpensesNet": 0, "incomeBeforeTax": 0, "incomeBeforeTaxRatio": 0, "incomeTaxExpense": -768600000, "netIncome": 768600000, "netIncomeRatio": 0.1456923514, "eps": 1.64, "epsdiluted": 1.64, "weightedAverageShsOut": 435304878, "weightedAverageShsOutDil": 435304878, "link": null, "finalLink": null, "calculatedOtherExpenses": 0, "calculatedOperatingExpenses": 0, "calculatedNetInterest": 0, "calculatedOtherIncome": -5275500000, "calculatedIncomeNonControlling": 0, "calculatedEbitda": 5275500000}, {"date": "1985-12-31", "symbol": "EIX", "reportedCurrency": "USD", "cik": "0000827052", "fillingDate": "1985-12-31", "acceptedDate": "1985-12-30 19:00:00", "calendarYear": "1985", "period": "FY", "revenue": 5168800000, "costOfRevenue": 0, "grossProfit": 5168800000, "grossProfitRatio": 1, "researchAndDevelopmentExpenses": 0, "generalAndAdministrativeExpenses": 0, "sellingAndMarketingExpenses": 0, "sellingGeneralAndAdministrativeExpenses": 0, "otherExpenses": 0, "operatingExpenses": 0, "costAndExpenses": 0, "interestIncome": 0, "interestExpense": 0, "depreciationAndAmortization": 0, "ebitda": 5168800000, "ebitdaratio": 1, "operatingIncome": 5168800000, "operatingIncomeRatio": 1, "totalOtherIncomeExpensesNet": 0, "incomeBeforeTax": 0, "incomeBeforeTaxRatio": 0, "incomeTaxExpense": -774100000, "netIncome": 774100000, "netIncomeRatio": 0.1497639684, "eps": 1.63, "epsdiluted": 1.63, "weightedAverageShsOut": 430920245, "weightedAverageShsOutDil": 430920245, "link": null, "finalLink": null, "calculatedOtherExpenses": 0, "calculatedOperatingExpenses": 0, "calculatedNetInterest": 0, "calculatedOtherIncome": -5168800000, "calculatedIncomeNonControlling": 0, "calculatedEbitda": 5168800000}]}