{"originalCurrency": "USD", "convertedCurrency": "USD", "report": [{"date": "2023-12-31", "symbol": "ELAN", "reportedCurrency": "USD", "cik": "0001739104", "fillingDate": "2024-02-26", "acceptedDate": "2024-02-26 09:05:25", "calendarYear": "2023", "period": "FY", "revenue": 4417000000, "costOfRevenue": 1931000000, "grossProfit": 2486000000, "grossProfitRatio": 0.5628254471, "researchAndDevelopmentExpenses": 327000000, "generalAndAdministrativeExpenses": 1078000000, "sellingAndMarketingExpenses": 207000000, "sellingGeneralAndAdministrativeExpenses": 1285000000, "otherExpenses": -75000000, "operatingExpenses": 2160000000, "costAndExpenses": 4091000000, "interestIncome": 0, "interestExpense": 277000000, "depreciationAndAmortization": 694000000, "ebitda": 945000000, "ebitdaratio": 0.2139461173, "operatingIncome": 326000000, "operatingIncomeRatio": 0.0738057505, "totalOtherIncomeExpensesNet": -1244000000, "incomeBeforeTax": -1195000000, "incomeBeforeTaxRatio": -0.2705456192, "incomeTaxExpense": 36000000, "netIncome": -1231000000, "netIncomeRatio": -0.2786959475, "eps": -2.5, "epsdiluted": -2.5, "weightedAverageShsOut": 492300000, "weightedAverageShsOutDil": 492300000, "link": "https://www.sec.gov/Archives/edgar/data/1739104/000173910424000009/0001739104-24-000009-index.htm", "finalLink": "https://www.sec.gov/Archives/edgar/data/1739104/000173910424000009/elan-20231231.htm", "calculatedOtherExpenses": 548000000, "calculatedOperatingExpenses": 2160000000, "calculatedNetInterest": -277000000, "calculatedOtherIncome": -1244000000, "calculatedIncomeNonControlling": 0, "calculatedEbitda": 1020000000}, {"date": "2022-12-31", "symbol": "ELAN", "reportedCurrency": "USD", "cik": "0001739104", "fillingDate": "2023-03-01", "acceptedDate": "2023-03-01 13:00:26", "calendarYear": "2022", "period": "FY", "revenue": 4418000000, "costOfRevenue": 1913000000, "grossProfit": 2505000000, "grossProfitRatio": 0.5669986419, "researchAndDevelopmentExpenses": 321000000, "generalAndAdministrativeExpenses": 1065000000, "sellingAndMarketingExpenses": 201000000, "sellingGeneralAndAdministrativeExpenses": 1266000000, "otherExpenses": 528000000, "operatingExpenses": 2115000000, "costAndExpenses": 4028000000, "interestIncome": 241000000, "interestExpense": 241000000, "depreciationAndAmortization": 528000000, "ebitda": 886000000, "ebitdaratio": 0.2005432322, "operatingIncome": 358000000, "operatingIncomeRatio": 0.0810321412, "totalOtherIncomeExpensesNet": -424000000, "incomeBeforeTax": -66000000, "incomeBeforeTaxRatio": -0.0149388864, "incomeTaxExpense": 8000000, "netIncome": -74000000, "netIncomeRatio": -0.0167496605, "eps": -0.15, "epsdiluted": -0.15, "weightedAverageShsOut": 488300000, "weightedAverageShsOutDil": 488300000, "link": "https://www.sec.gov/Archives/edgar/data/1739104/000173910423000004/0001739104-23-000004-index.htm", "finalLink": "https://www.sec.gov/Archives/edgar/data/1739104/000173910423000004/elan-20221231.htm", "calculatedOtherExpenses": 560000000, "calculatedOperatingExpenses": 2147000000, "calculatedNetInterest": 0, "calculatedOtherIncome": -424000000, "calculatedIncomeNonControlling": 0, "calculatedEbitda": 886000000}, {"date": "2021-12-31", "symbol": "ELAN", "reportedCurrency": "USD", "cik": "0001739104", "fillingDate": "2022-02-28", "acceptedDate": "2022-02-28 14:46:11", "calendarYear": "2021", "period": "FY", "revenue": 4765000000, "costOfRevenue": 2134000000, "grossProfit": 2631000000, "grossProfitRatio": 0.5521511018, "researchAndDevelopmentExpenses": 369000000, "generalAndAdministrativeExpenses": 1156000000, "sellingAndMarketingExpenses": 248000000, "sellingGeneralAndAdministrativeExpenses": 1404000000, "otherExpenses": 556000000, "operatingExpenses": 2329000000, "costAndExpenses": 4463000000, "interestIncome": 236000000, "interestExpense": 236000000, "depreciationAndAmortization": 556000000, "ebitda": 853000000, "ebitdaratio": 0.1790136411, "operatingIncome": 297000000, "operatingIncomeRatio": 0.0623294858, "totalOtherIncomeExpensesNet": -864000000, "incomeBeforeTax": -567000000, "incomeBeforeTaxRatio": -0.1189926548, "incomeTaxExpense": -95000000, "netIncome": -472000000, "netIncomeRatio": -0.0990556139, "eps": -0.97, "epsdiluted": -0.97, "weightedAverageShsOut": 487200000, "weightedAverageShsOutDil": 487200000, "link": "https://www.sec.gov/Archives/edgar/data/1739104/000173910422000005/0001739104-22-000005-index.htm", "finalLink": "https://www.sec.gov/Archives/edgar/data/1739104/000173910422000005/elan-20211231.htm", "calculatedOtherExpenses": 561000000, "calculatedOperatingExpenses": 2334000000, "calculatedNetInterest": 0, "calculatedOtherIncome": -864000000, "calculatedIncomeNonControlling": 0, "calculatedEbitda": 853000000}, {"date": "2020-12-31", "symbol": "ELAN", "reportedCurrency": "USD", "cik": "0001739104", "fillingDate": "2021-03-01", "acceptedDate": "2021-03-01 14:25:10", "calendarYear": "2020", "period": "FY", "revenue": 3273300000, "costOfRevenue": 1666600000, "grossProfit": 1606700000, "grossProfitRatio": 0.4908502123, "researchAndDevelopmentExpenses": 327000000, "generalAndAdministrativeExpenses": 0, "sellingAndMarketingExpenses": 0, "sellingGeneralAndAdministrativeExpenses": 996600000, "otherExpenses": 359900000, "operatingExpenses": 1683500000, "costAndExpenses": 3350100000, "interestIncome": 150000000, "interestExpense": 149800000, "depreciationAndAmortization": 359900000, "ebitda": 461400000, "ebitdaratio": 0.1409586656, "operatingIncome": 101500000, "operatingIncomeRatio": 0.0310084624, "totalOtherIncomeExpensesNet": -773500000, "incomeBeforeTax": -672000000, "incomeBeforeTaxRatio": -0.2052974063, "incomeTaxExpense": -111900000, "netIncome": -560100000, "netIncomeRatio": -0.1711117221, "eps": -1.27, "epsdiluted": -1.27, "weightedAverageShsOut": 441400000, "weightedAverageShsOutDil": 441400000, "link": "https://www.sec.gov/Archives/edgar/data/1739104/000173910421000004/0001739104-21-000004-index.htm", "finalLink": "https://www.sec.gov/Archives/edgar/data/1739104/000173910421000004/elan-20201231.htm", "calculatedOtherExpenses": 181600000, "calculatedOperatingExpenses": 1505200000, "calculatedNetInterest": 200000, "calculatedOtherIncome": -773700000, "calculatedIncomeNonControlling": 0, "calculatedEbitda": 461400000}, {"date": "2019-12-31", "symbol": "ELAN", "reportedCurrency": "USD", "cik": "0001739104", "fillingDate": "2020-02-28", "acceptedDate": "2020-02-28 10:46:20", "calendarYear": "2019", "period": "FY", "revenue": 3071000000, "costOfRevenue": 1470300000, "grossProfit": 1600700000, "grossProfitRatio": 0.5212308694, "researchAndDevelopmentExpenses": 270100000, "generalAndAdministrativeExpenses": 0, "sellingAndMarketingExpenses": 0, "sellingGeneralAndAdministrativeExpenses": 760200000, "otherExpenses": 200400000, "operatingExpenses": 1230700000, "costAndExpenses": 2701000000, "interestIncome": 79000000, "interestExpense": 78900000, "depreciationAndAmortization": 200400000, "ebitda": 543000000, "ebitdaratio": 0.1768153696, "operatingIncome": 342600000, "operatingIncomeRatio": 0.1115597525, "totalOtherIncomeExpensesNet": -264400000, "incomeBeforeTax": 78200000, "incomeBeforeTaxRatio": 0.0254640182, "incomeTaxExpense": 10300000, "netIncome": 67900000, "netIncomeRatio": 0.0221100619, "eps": 0.18, "epsdiluted": 0.18, "weightedAverageShsOut": 369000000, "weightedAverageShsOutDil": 370300000, "link": "https://www.sec.gov/Archives/edgar/data/1739104/000173910420000005/0001739104-20-000005-index.htm", "finalLink": "https://www.sec.gov/Archives/edgar/data/1739104/000173910420000005/elan-20191231.htm", "calculatedOtherExpenses": 227800000, "calculatedOperatingExpenses": 1258100000, "calculatedNetInterest": 100000, "calculatedOtherIncome": -264500000, "calculatedIncomeNonControlling": 0, "calculatedEbitda": 543000000}, {"date": "2018-12-31", "symbol": "ELAN", "reportedCurrency": "USD", "cik": "0001739104", "fillingDate": "2019-02-20", "acceptedDate": "2019-02-20 11:07:40", "calendarYear": "2018", "period": "FY", "revenue": 3066800000, "costOfRevenue": 1573800000, "grossProfit": 1493000000, "grossProfitRatio": 0.4868266597, "researchAndDevelopmentExpenses": 246600000, "generalAndAdministrativeExpenses": 735200000, "sellingAndMarketingExpenses": 0, "sellingGeneralAndAdministrativeExpenses": 735200000, "otherExpenses": -41300000, "operatingExpenses": 1179200000, "costAndExpenses": 2753000000, "interestIncome": 0, "interestExpense": 29600000, "depreciationAndAmortization": 197400000, "ebitda": 640000000, "ebitdaratio": 0.2086865788, "operatingIncome": 313800000, "operatingIncomeRatio": 0.1023216382, "totalOtherIncomeExpensesNet": -170100000, "incomeBeforeTax": 114100000, "incomeBeforeTaxRatio": 0.0372049041, "incomeTaxExpense": 27600000, "netIncome": 86500000, "netIncomeRatio": 0.0282052954, "eps": 0.28, "epsdiluted": 0.28, "weightedAverageShsOut": 313700000, "weightedAverageShsOutDil": 313700000, "link": "https://www.sec.gov/Archives/edgar/data/1739104/000173910419000006/0001739104-19-000006-index.htm", "finalLink": "https://www.sec.gov/Archives/edgar/data/1739104/000173910419000006/elanco-20181231document10k.htm", "calculatedOtherExpenses": 197400000, "calculatedOperatingExpenses": 1179200000, "calculatedNetInterest": -29600000, "calculatedOtherIncome": -170100000, "calculatedIncomeNonControlling": 0, "calculatedEbitda": 511200000}, {"date": "2017-12-31", "symbol": "ELAN", "reportedCurrency": "USD", "cik": "0001739104", "fillingDate": "2017-12-31", "acceptedDate": "2017-12-30 19:00:00", "calendarYear": "2017", "period": "FY", "revenue": 2889000000, "costOfRevenue": 1493900000, "grossProfit": 1395100000, "grossProfitRatio": 0.4829006577, "researchAndDevelopmentExpenses": 251700000, "generalAndAdministrativeExpenses": 0, "sellingAndMarketingExpenses": 0, "sellingGeneralAndAdministrativeExpenses": 779800000, "otherExpenses": 100000, "operatingExpenses": 1252700000, "costAndExpenses": 2746600000, "interestIncome": 0, "interestExpense": 0, "depreciationAndAmortization": 318400000, "ebitda": 835900000, "ebitdaratio": 0.2893388716, "operatingIncome": 142400000, "operatingIncomeRatio": 0.0492904119, "totalOtherIncomeExpensesNet": -375000000, "incomeBeforeTax": -232600000, "incomeBeforeTaxRatio": -0.080512288, "incomeTaxExpense": 78100000, "netIncome": -310700000, "netIncomeRatio": -0.1075458636, "eps": -0.87, "epsdiluted": -0.87, "weightedAverageShsOut": 356200000, "weightedAverageShsOutDil": 356200000, "link": "", "finalLink": "", "calculatedOtherExpenses": 221200000, "calculatedOperatingExpenses": 1252700000, "calculatedNetInterest": 0, "calculatedOtherIncome": -375000000, "calculatedIncomeNonControlling": 0, "calculatedEbitda": 460800000}, {"date": "2016-12-31", "symbol": "ELAN", "reportedCurrency": "USD", "cik": "0001739104", "fillingDate": "2016-12-31", "acceptedDate": "2016-12-30 19:00:00", "calendarYear": "2016", "period": "FY", "revenue": 2913500000, "costOfRevenue": 1409000000, "grossProfit": 1504500000, "grossProfitRatio": 0.5163892226, "researchAndDevelopmentExpenses": 265800000, "generalAndAdministrativeExpenses": 0, "sellingAndMarketingExpenses": 0, "sellingGeneralAndAdministrativeExpenses": 784800000, "otherExpenses": 2800000, "operatingExpenses": 1221300000, "costAndExpenses": 2630300000, "interestIncome": 0, "interestExpense": 0, "depreciationAndAmortization": 254400000, "ebitda": 540400000, "ebitdaratio": 0.1854813798, "operatingIncome": 283200000, "operatingIncomeRatio": 0.0972026772, "totalOtherIncomeExpensesNet": -305600000, "incomeBeforeTax": -22400000, "incomeBeforeTaxRatio": -0.0076883473, "incomeTaxExpense": 25500000, "netIncome": -47900000, "netIncomeRatio": -0.0164407071, "eps": -0.13, "epsdiluted": -0.13, "weightedAverageShsOut": 356200000, "weightedAverageShsOutDil": 356200000, "link": "", "finalLink": "", "calculatedOtherExpenses": 170700000, "calculatedOperatingExpenses": 1221300000, "calculatedNetInterest": 0, "calculatedOtherIncome": -305600000, "calculatedIncomeNonControlling": 0, "calculatedEbitda": 537600000}, {"date": "2015-12-31", "symbol": "ELAN", "reportedCurrency": "USD", "cik": "0001739104", "fillingDate": "2015-12-31", "acceptedDate": "2015-12-30 19:00:00", "calendarYear": "2015", "period": "FY", "revenue": 2909100000, "costOfRevenue": 1533700000, "grossProfit": 1375400000, "grossProfitRatio": 0.4727922725, "researchAndDevelopmentExpenses": 291000000, "generalAndAdministrativeExpenses": 0, "sellingAndMarketingExpenses": 0, "sellingGeneralAndAdministrativeExpenses": 916000000, "otherExpenses": -1600000, "operatingExpenses": 1370000000, "costAndExpenses": 2903700000, "interestIncome": 0, "interestExpense": 0, "depreciationAndAmortization": 236900000, "ebitda": 505600000, "ebitdaratio": 0.1737994569, "operatingIncome": 5400000, "operatingIncomeRatio": 0.0018562442, "totalOtherIncomeExpensesNet": -264900000, "incomeBeforeTax": -259500000, "incomeBeforeTaxRatio": -0.0892028462, "incomeTaxExpense": -48700000, "netIncome": -210800000, "netIncomeRatio": -0.0724622736, "eps": -0.59, "epsdiluted": -0.59, "weightedAverageShsOut": 356200000, "weightedAverageShsOutDil": 356200000, "link": "", "finalLink": "", "calculatedOtherExpenses": 163000000, "calculatedOperatingExpenses": 1370000000, "calculatedNetInterest": 0, "calculatedOtherIncome": -264900000, "calculatedIncomeNonControlling": 0, "calculatedEbitda": 242300000}]}