{"originalCurrency": "USD", "convertedCurrency": "USD", "report": [{"date": "2023-03-31", "symbol": "ELF", "reportedCurrency": "USD", "cik": "0001600033", "fillingDate": "2023-05-25", "acceptedDate": "2023-05-25 16:11:45", "calendarYear": "2023", "period": "FY", "revenue": 578844000, "costOfRevenue": 188448000, "grossProfit": 390396000, "grossProfitRatio": 0.674440782, "researchAndDevelopmentExpenses": 0, "generalAndAdministrativeExpenses": 0, "sellingAndMarketingExpenses": 0, "sellingGeneralAndAdministrativeExpenses": 322253000, "otherExpenses": -1875000, "operatingExpenses": 322253000, "costAndExpenses": 510701000, "interestIncome": 1972000, "interestExpense": 2018000, "depreciationAndAmortization": 20289000, "ebitda": 88432000, "ebitdaratio": 0.1527734588, "operatingIncome": 68143000, "operatingIncomeRatio": 0.1177225643, "totalOtherIncomeExpensesNet": -4069000, "incomeBeforeTax": 64074000, "incomeBeforeTaxRatio": 0.1106930365, "incomeTaxExpense": 2544000, "netIncome": 61530000, "netIncomeRatio": 0.1062980699, "eps": 1.17, "epsdiluted": 1.11, "weightedAverageShsOut": 52474811, "weightedAverageShsOutDil": 55337554, "link": "https://www.sec.gov/Archives/edgar/data/1600033/000160003323000016/0001600033-23-000016-index.htm", "finalLink": "https://www.sec.gov/Archives/edgar/data/1600033/000160003323000016/elf-20230331.htm", "calculatedOtherExpenses": 0, "calculatedOperatingExpenses": 322253000, "calculatedNetInterest": -46000, "calculatedOtherIncome": -4023000, "calculatedIncomeNonControlling": 0, "calculatedEbitda": 88432000}, {"date": "2022-03-31", "symbol": "ELF", "reportedCurrency": "USD", "cik": "0001600033", "fillingDate": "2022-05-26", "acceptedDate": "2022-05-26 17:15:27", "calendarYear": "2022", "period": "FY", "revenue": 392155000, "costOfRevenue": 140423000, "grossProfit": 251732000, "grossProfitRatio": 0.6419196491, "researchAndDevelopmentExpenses": 0, "generalAndAdministrativeExpenses": 0, "sellingAndMarketingExpenses": 0, "sellingGeneralAndAdministrativeExpenses": 221912000, "otherExpenses": -1438000, "operatingExpenses": 221912000, "costAndExpenses": 362335000, "interestIncome": 3000, "interestExpense": 2441000, "depreciationAndAmortization": 25695000, "ebitda": 55465000, "ebitdaratio": 0.1414364218, "operatingIncome": 29770000, "operatingIncomeRatio": 0.0759138606, "totalOtherIncomeExpensesNet": -4339000, "incomeBeforeTax": 25431000, "incomeBeforeTaxRatio": 0.064849358, "incomeTaxExpense": 3661000, "netIncome": 21770000, "netIncomeRatio": 0.0555137637, "eps": 0.43, "epsdiluted": 0.41, "weightedAverageShsOut": 50940808, "weightedAverageShsOutDil": 53654303, "link": "https://www.sec.gov/Archives/edgar/data/1600033/000160003322000027/0001600033-22-000027-index.htm", "finalLink": "https://www.sec.gov/Archives/edgar/data/1600033/000160003322000027/elf-20220331.htm", "calculatedOtherExpenses": 50000, "calculatedOperatingExpenses": 221962000, "calculatedNetInterest": -2438000, "calculatedOtherIncome": -1901000, "calculatedIncomeNonControlling": 0, "calculatedEbitda": 55465000}, {"date": "2021-03-31", "symbol": "ELF", "reportedCurrency": "USD", "cik": "0001600033", "fillingDate": "2021-05-27", "acceptedDate": "2021-05-27 16:33:37", "calendarYear": "2021", "period": "FY", "revenue": 318110000, "costOfRevenue": 111912000, "grossProfit": 206198000, "grossProfitRatio": 0.6481971645, "researchAndDevelopmentExpenses": 0, "generalAndAdministrativeExpenses": 0, "sellingAndMarketingExpenses": 0, "sellingGeneralAndAdministrativeExpenses": 194157000, "otherExpenses": -1620000, "operatingExpenses": 194157000, "costAndExpenses": 306069000, "interestIncome": 5000, "interestExpense": 4090000, "depreciationAndAmortization": 26200000, "ebitda": 35600000, "ebitdaratio": 0.1119109742, "operatingIncome": 9400000, "operatingIncomeRatio": 0.0295495269, "totalOtherIncomeExpensesNet": -5710000, "incomeBeforeTax": 3690000, "incomeBeforeTaxRatio": 0.0115997611, "incomeTaxExpense": -2542000, "netIncome": 6232000, "netIncomeRatio": 0.0195907076, "eps": 0.13, "epsdiluted": 0.12, "weightedAverageShsOut": 49377410, "weightedAverageShsOutDil": 51994145, "link": "https://www.sec.gov/Archives/edgar/data/1600033/000160003321000030/0001600033-21-000030-index.htm", "finalLink": "https://www.sec.gov/Archives/edgar/data/1600033/000160003321000030/elf-20210331.htm", "calculatedOtherExpenses": 2641000, "calculatedOperatingExpenses": 196798000, "calculatedNetInterest": -4085000, "calculatedOtherIncome": -1625000, "calculatedIncomeNonControlling": 0, "calculatedEbitda": 35600000}, {"date": "2020-03-31", "symbol": "ELF", "reportedCurrency": "USD", "cik": "0001600033", "fillingDate": "2020-05-28", "acceptedDate": "2020-05-28 17:13:48", "calendarYear": "2020", "period": "FY", "revenue": 282851000, "costOfRevenue": 101728000, "grossProfit": 181123000, "grossProfitRatio": 0.6403477449, "researchAndDevelopmentExpenses": 0, "generalAndAdministrativeExpenses": 0, "sellingAndMarketingExpenses": 0, "sellingGeneralAndAdministrativeExpenses": 157155000, "otherExpenses": 426000, "operatingExpenses": 157155000, "costAndExpenses": 258883000, "interestIncome": 863000, "interestExpense": 6307000, "depreciationAndAmortization": 17287000, "ebitda": 47237000, "ebitdaratio": 0.1670031218, "operatingIncome": 29950000, "operatingIncomeRatio": 0.1058861379, "totalOtherIncomeExpensesNet": -5881000, "incomeBeforeTax": 24069000, "incomeBeforeTaxRatio": 0.0850942722, "incomeTaxExpense": 6185000, "netIncome": 17884000, "netIncomeRatio": 0.0632276358, "eps": 0.37, "epsdiluted": 0.35, "weightedAverageShsOut": 48498813, "weightedAverageShsOutDil": 50817143, "link": "https://www.sec.gov/Archives/edgar/data/1600033/000160003320000023/0001600033-20-000023-index.htm", "finalLink": "https://www.sec.gov/Archives/edgar/data/1600033/000160003320000023/q42020form10-k.htm", "calculatedOtherExpenses": -5982000, "calculatedOperatingExpenses": 151173000, "calculatedNetInterest": -5444000, "calculatedOtherIncome": -437000, "calculatedIncomeNonControlling": 0, "calculatedEbitda": 47237000}, {"date": "2018-12-31", "symbol": "ELF", "reportedCurrency": "USD", "cik": "0001600033", "fillingDate": "2019-02-28", "acceptedDate": "2019-02-28 16:13:50", "calendarYear": "2019", "period": "FY", "revenue": 267435000, "costOfRevenue": 104694000, "grossProfit": 162741000, "grossProfitRatio": 0.6085254361, "researchAndDevelopmentExpenses": 0, "generalAndAdministrativeExpenses": 0, "sellingAndMarketingExpenses": 0, "sellingGeneralAndAdministrativeExpenses": 136579000, "otherExpenses": -390000, "operatingExpenses": 136579000, "costAndExpenses": 241273000, "interestIncome": 0, "interestExpense": 7816000, "depreciationAndAmortization": 17861000, "ebitda": 43633000, "ebitdaratio": 0.1631536635, "operatingIncome": 26162000, "operatingIncomeRatio": 0.0978256399, "totalOtherIncomeExpensesNet": -390000, "incomeBeforeTax": 17956000, "incomeBeforeTaxRatio": 0.0671415484, "incomeTaxExpense": 2431000, "netIncome": 15525000, "netIncomeRatio": 0.0580514891, "eps": 0.33, "epsdiluted": 0.32, "weightedAverageShsOut": 46828798, "weightedAverageShsOutDil": 49268616, "link": "https://www.sec.gov/Archives/edgar/data/1600033/000160003319000011/0001600033-19-000011-index.htm", "finalLink": "https://www.sec.gov/Archives/edgar/data/1600033/000160003319000011/q42018form10-k.htm", "calculatedOtherExpenses": 0, "calculatedOperatingExpenses": 136579000, "calculatedNetInterest": -7816000, "calculatedOtherIncome": -390000, "calculatedIncomeNonControlling": 0, "calculatedEbitda": 44023000}, {"date": "2017-12-31", "symbol": "ELF", "reportedCurrency": "USD", "cik": "0001600033", "fillingDate": "2018-03-01", "acceptedDate": "2018-03-01 17:23:25", "calendarYear": "2018", "period": "FY", "revenue": 269888000, "costOfRevenue": 105163000, "grossProfit": 164725000, "grossProfitRatio": 0.6103457731, "researchAndDevelopmentExpenses": 0, "generalAndAdministrativeExpenses": 0, "sellingAndMarketingExpenses": 0, "sellingGeneralAndAdministrativeExpenses": 131446000, "otherExpenses": -2035000, "operatingExpenses": 131446000, "costAndExpenses": 236609000, "interestIncome": 0, "interestExpense": 8775000, "depreciationAndAmortization": 14521000, "ebitda": 45765000, "ebitdaratio": 0.1695703403, "operatingIncome": 33279000, "operatingIncomeRatio": 0.123306705, "totalOtherIncomeExpensesNet": -2035000, "incomeBeforeTax": 22469000, "incomeBeforeTaxRatio": 0.0832530531, "incomeTaxExpense": -11006000, "netIncome": 33475000, "netIncomeRatio": 0.1240329322, "eps": 0.74, "epsdiluted": 0.68, "weightedAverageShsOut": 45358452, "weightedAverageShsOutDil": 49374758, "link": "https://www.sec.gov/Archives/edgar/data/1600033/000160003318000014/0001600033-18-000014-index.htm", "finalLink": "https://www.sec.gov/Archives/edgar/data/1600033/000160003318000014/q42017form10-k.htm", "calculatedOtherExpenses": 0, "calculatedOperatingExpenses": 131446000, "calculatedNetInterest": -8775000, "calculatedOtherIncome": -2035000, "calculatedIncomeNonControlling": 0, "calculatedEbitda": 47800000}, {"date": "2016-12-31", "symbol": "ELF", "reportedCurrency": "USD", "cik": "0001600033", "fillingDate": "2017-03-15", "acceptedDate": "2017-03-15 17:01:50", "calendarYear": "2017", "period": "FY", "revenue": 229567000, "costOfRevenue": 97332000, "grossProfit": 132235000, "grossProfitRatio": 0.5760192014, "researchAndDevelopmentExpenses": 0, "generalAndAdministrativeExpenses": 0, "sellingAndMarketingExpenses": 0, "sellingGeneralAndAdministrativeExpenses": 109156000, "otherExpenses": 3016000, "operatingExpenses": 109156000, "costAndExpenses": 206488000, "interestIncome": 0, "interestExpense": 16283000, "depreciationAndAmortization": 13152000, "ebitda": 39247000, "ebitdaratio": 0.1709609831, "operatingIncome": 23079000, "operatingIncomeRatio": 0.1005327421, "totalOtherIncomeExpensesNet": 3016000, "incomeBeforeTax": 9812000, "incomeBeforeTaxRatio": 0.0427413348, "incomeTaxExpense": 4499000, "netIncome": 5313000, "netIncomeRatio": 0.0231435703, "eps": -39.47, "epsdiluted": -39.47, "weightedAverageShsOut": 12605396, "weightedAverageShsOutDil": 12606529, "link": "https://www.sec.gov/Archives/edgar/data/1600033/000156459017004450/0001564590-17-004450-index.htm", "finalLink": "https://www.sec.gov/Archives/edgar/data/1600033/000156459017004450/elf-10k_20161231.htm", "calculatedOtherExpenses": 0, "calculatedOperatingExpenses": 109156000, "calculatedNetInterest": -16283000, "calculatedOtherIncome": 3016000, "calculatedIncomeNonControlling": 0, "calculatedEbitda": 36231000}, {"date": "2015-12-31", "symbol": "ELF", "reportedCurrency": "USD", "cik": "0001600033", "fillingDate": "2015-12-31", "acceptedDate": "2015-12-31 00:00:00", "calendarYear": "2016", "period": "FY", "revenue": 191413000, "costOfRevenue": 91084000, "grossProfit": 100329000, "grossProfitRatio": 0.5241493524, "researchAndDevelopmentExpenses": 0, "generalAndAdministrativeExpenses": 0, "sellingAndMarketingExpenses": 0, "sellingGeneralAndAdministrativeExpenses": 74758000, "otherExpenses": -4172000, "operatingExpenses": 74758000, "costAndExpenses": 165842000, "interestIncome": 0, "interestExpense": 12721000, "depreciationAndAmortization": 10289000, "ebitda": 31688000, "ebitdaratio": 0.1655477946, "operatingIncome": 25571000, "operatingIncomeRatio": 0.1335907175, "totalOtherIncomeExpensesNet": -4172000, "incomeBeforeTax": 8678000, "incomeBeforeTaxRatio": 0.0453365236, "incomeTaxExpense": 4321000, "netIncome": 4357000, "netIncomeRatio": 0.0227622993, "eps": -1.14, "epsdiluted": -1.14, "weightedAverageShsOut": 41922643, "weightedAverageShsOutDil": 44614061, "link": null, "finalLink": null, "calculatedOtherExpenses": 0, "calculatedOperatingExpenses": 74758000, "calculatedNetInterest": -12721000, "calculatedOtherIncome": -4172000, "calculatedIncomeNonControlling": 0, "calculatedEbitda": 35860000}, {"date": "2014-12-31", "symbol": "ELF", "reportedCurrency": "USD", "cik": "0001600033", "fillingDate": "2014-12-31", "acceptedDate": "2014-12-30 19:00:00", "calendarYear": "2015", "period": "FY", "revenue": 144944000, "costOfRevenue": 78722000, "grossProfit": 66222000, "grossProfitRatio": 0.4568798984, "researchAndDevelopmentExpenses": 0, "generalAndAdministrativeExpenses": 59100000, "sellingAndMarketingExpenses": 11900000, "sellingGeneralAndAdministrativeExpenses": 56348000, "otherExpenses": 100000, "operatingExpenses": 65744999, "costAndExpenses": 144466999, "interestIncome": 11673000, "interestExpense": -11700000, "depreciationAndAmortization": 7985000, "ebitda": 17859000, "ebitdaratio": 0.123213103, "operatingIncome": 9874000, "operatingIncomeRatio": 0.0681228612, "totalOtherIncomeExpensesNet": -21070000, "incomeBeforeTax": -11196000, "incomeBeforeTaxRatio": -0.0772436251, "incomeTaxExpense": 3003000, "netIncome": -19573000, "netIncomeRatio": -0.1350383596, "eps": -709.37, "epsdiluted": -709.35, "weightedAverageShsOut": 27592, "weightedAverageShsOutDil": 27593, "link": "", "finalLink": "", "calculatedOtherExpenses": 0, "calculatedOperatingExpenses": 56348000, "calculatedNetInterest": 23373000, "calculatedOtherIncome": -44443000, "calculatedIncomeNonControlling": 5374000, "calculatedEbitda": 17859000}]}