{"originalCurrency": "USD", "convertedCurrency": "USD", "report": [{"date": "2023-12-31", "symbol": "ELS", "reportedCurrency": "USD", "cik": "0000895417", "fillingDate": "2024-02-22", "acceptedDate": "2024-02-21 18:35:45", "calendarYear": "2023", "period": "FY", "revenue": 1489423000, "costOfRevenue": 547905000, "grossProfit": 941518000, "grossProfitRatio": 0.6321360688, "researchAndDevelopmentExpenses": 0, "generalAndAdministrativeExpenses": 47280000, "sellingAndMarketingExpenses": 20974000, "sellingGeneralAndAdministrativeExpenses": 68254000, "otherExpenses": -74022000, "operatingExpenses": 68254000, "costAndExpenses": 616159000, "interestIncome": 9037000, "interestExpense": 132342000, "depreciationAndAmortization": 203738000, "ebitda": 523795000, "ebitdaratio": 0.3516764546, "operatingIncome": 873264000, "operatingIncomeRatio": 0.5863102691, "totalOtherIncomeExpensesNet": -553207000, "incomeBeforeTax": 320057000, "incomeBeforeTaxRatio": 0.2148865702, "incomeTaxExpense": -9620000, "netIncome": 314191000, "netIncomeRatio": 0.2109481323, "eps": 1.77, "epsdiluted": 1.69, "weightedAverageShsOut": 186061000, "weightedAverageShsOutDil": 195429000, "link": "https://www.sec.gov/Archives/edgar/data/895417/000089541724000036/0000895417-24-000036-index.htm", "finalLink": "https://www.sec.gov/Archives/edgar/data/895417/000089541724000036/els-20231231.htm", "calculatedOtherExpenses": 0, "calculatedOperatingExpenses": 68254000, "calculatedNetInterest": -123305000, "calculatedOtherIncome": -429902000, "calculatedIncomeNonControlling": 15486000, "calculatedEbitda": 1077002000}, {"date": "2022-12-31", "symbol": "ELS", "reportedCurrency": "USD", "cik": "0000895417", "fillingDate": "2023-02-21", "acceptedDate": "2023-02-21 16:35:49", "calendarYear": "2022", "period": "FY", "revenue": 1431097000, "costOfRevenue": 730397000, "grossProfit": 700700000, "grossProfitRatio": 0.489624393, "researchAndDevelopmentExpenses": 0, "generalAndAdministrativeExpenses": 44857000, "sellingAndMarketingExpenses": 50834000, "sellingGeneralAndAdministrativeExpenses": 95691000, "otherExpenses": 199166000, "operatingExpenses": 294857000, "costAndExpenses": 1025254000, "interestIncome": 7430000, "interestExpense": 116562000, "depreciationAndAmortization": 207050000, "ebitda": 615040000, "ebitdaratio": 0.4297682128, "operatingIncome": 407990000, "operatingIncomeRatio": 0.2850889912, "totalOtherIncomeExpensesNet": -109165000, "incomeBeforeTax": 298825000, "incomeBeforeTaxRatio": 0.2088083477, "incomeTaxExpense": 116562000, "netIncome": 182263000, "netIncomeRatio": 0.1273589421, "eps": 0.98, "epsdiluted": 0.93, "weightedAverageShsOut": 185780000, "weightedAverageShsOutDil": 195255000, "link": "https://www.sec.gov/Archives/edgar/data/895417/000089541723000008/0000895417-23-000008-index.htm", "finalLink": "https://www.sec.gov/Archives/edgar/data/895417/000089541723000008/els-20221231.htm", "calculatedOtherExpenses": 197019000, "calculatedOperatingExpenses": 292710000, "calculatedNetInterest": -109132000, "calculatedOtherIncome": -33000, "calculatedIncomeNonControlling": 0, "calculatedEbitda": 615040000}, {"date": "2021-12-31", "symbol": "ELS", "reportedCurrency": "USD", "cik": "0000895417", "fillingDate": "2022-02-22", "acceptedDate": "2022-02-22 17:18:00", "calendarYear": "2021", "period": "FY", "revenue": 1260123000, "costOfRevenue": 631947000, "grossProfit": 628176000, "grossProfitRatio": 0.4985037175, "researchAndDevelopmentExpenses": 0, "generalAndAdministrativeExpenses": 40717000, "sellingAndMarketingExpenses": 28881000, "sellingGeneralAndAdministrativeExpenses": 69598000, "otherExpenses": 183369000, "operatingExpenses": 252967000, "costAndExpenses": 884914000, "interestIncome": 7016000, "interestExpense": 108718000, "depreciationAndAmortization": 188444000, "ebitda": 571450000, "ebitdaratio": 0.453487477, "operatingIncome": 383006000, "operatingIncomeRatio": 0.3039433452, "totalOtherIncomeExpensesNet": -107006000, "incomeBeforeTax": 276000000, "incomeBeforeTaxRatio": 0.2190262379, "incomeTaxExpense": 123021000, "netIncome": 152979000, "netIncomeRatio": 0.1214000538, "eps": 0.83, "epsdiluted": 0.79, "weightedAverageShsOut": 183421440, "weightedAverageShsOutDil": 192883000, "link": "https://www.sec.gov/Archives/edgar/data/895417/000089541722000009/0000895417-22-000009-index.htm", "finalLink": "https://www.sec.gov/Archives/edgar/data/895417/000089541722000009/els-20211231.htm", "calculatedOtherExpenses": 175572000, "calculatedOperatingExpenses": 245170000, "calculatedNetInterest": -101702000, "calculatedOtherIncome": -5304000, "calculatedIncomeNonControlling": 0, "calculatedEbitda": 571450000}, {"date": "2020-12-31", "symbol": "ELS", "reportedCurrency": "USD", "cik": "0000895417", "fillingDate": "2021-02-23", "acceptedDate": "2021-02-22 18:00:41", "calendarYear": "2020", "period": "FY", "revenue": 1080268000, "costOfRevenue": 524656000, "grossProfit": 555612000, "grossProfitRatio": 0.514327926, "researchAndDevelopmentExpenses": 0, "generalAndAdministrativeExpenses": 39276000, "sellingAndMarketingExpenses": 21904000, "sellingGeneralAndAdministrativeExpenses": 61180000, "otherExpenses": 153471000, "operatingExpenses": 214651000, "costAndExpenses": 739307000, "interestIncome": 7154000, "interestExpense": 102771000, "depreciationAndAmortization": 155131000, "ebitda": 506078000, "ebitdaratio": 0.4684744897, "operatingIncome": 350947000, "operatingIncomeRatio": 0.32487031, "totalOtherIncomeExpensesNet": -109531000, "incomeBeforeTax": 241416000, "incomeBeforeTaxRatio": 0.2234778777, "incomeTaxExpense": 118735000, "netIncome": 122681000, "netIncomeRatio": 0.1135653375, "eps": 0.64, "epsdiluted": 0.64, "weightedAverageShsOut": 192555000, "weightedAverageShsOutDil": 192555000, "link": "https://www.sec.gov/Archives/edgar/data/895417/000089541721000014/0000895417-21-000014-index.htm", "finalLink": "https://www.sec.gov/Archives/edgar/data/895417/000089541721000014/els-20201231.htm", "calculatedOtherExpenses": 143485000, "calculatedOperatingExpenses": 204665000, "calculatedNetInterest": -95617000, "calculatedOtherIncome": -13914000, "calculatedIncomeNonControlling": 0, "calculatedEbitda": 506078000}, {"date": "2019-12-31", "symbol": "ELS", "reportedCurrency": "USD", "cik": "0000895417", "fillingDate": "2020-02-24", "acceptedDate": "2020-02-24 16:36:21", "calendarYear": "2019", "period": "FY", "revenue": 1020521000, "costOfRevenue": 487463000, "grossProfit": 533058000, "grossProfitRatio": 0.5223390797, "researchAndDevelopmentExpenses": 0, "generalAndAdministrativeExpenses": 35679000, "sellingAndMarketingExpenses": 19984000, "sellingGeneralAndAdministrativeExpenses": 55663000, "otherExpenses": 150891000, "operatingExpenses": 206554000, "costAndExpenses": 694017000, "interestIncome": 7207000, "interestExpense": 104223000, "depreciationAndAmortization": 152110000, "ebitda": 491711000, "ebitdaratio": 0.4818235, "operatingIncome": 339601000, "operatingIncomeRatio": 0.3327721821, "totalOtherIncomeExpensesNet": -43679000, "incomeBeforeTax": 295922000, "incomeBeforeTaxRatio": 0.289971495, "incomeTaxExpense": 126896000, "netIncome": 169026000, "netIncomeRatio": 0.1656271649, "eps": 0.88, "epsdiluted": 0.88, "weightedAverageShsOut": 191995000, "weightedAverageShsOutDil": 191995000, "link": "https://www.sec.gov/Archives/edgar/data/895417/000089541720000019/0000895417-20-000019-index.htm", "finalLink": "https://www.sec.gov/Archives/edgar/data/895417/000089541720000019/els1231201910k.htm", "calculatedOtherExpenses": 137794000, "calculatedOperatingExpenses": 193457000, "calculatedNetInterest": -97016000, "calculatedOtherIncome": 53337000, "calculatedIncomeNonControlling": 0, "calculatedEbitda": 491711000}, {"date": "2018-12-31", "symbol": "ELS", "reportedCurrency": "USD", "cik": "0000895417", "fillingDate": "2019-02-26", "acceptedDate": "2019-02-26 17:31:01", "calendarYear": "2018", "period": "FY", "revenue": 968286000, "costOfRevenue": 466129000, "grossProfit": 502157000, "grossProfitRatio": 0.5186040075, "researchAndDevelopmentExpenses": 0, "generalAndAdministrativeExpenses": 37684000, "sellingAndMarketingExpenses": 16637000, "sellingGeneralAndAdministrativeExpenses": 54321000, "otherExpenses": -1483000, "operatingExpenses": 191530000, "costAndExpenses": 657659000, "interestIncome": 7525000, "interestExpense": 104993000, "depreciationAndAmortization": 137209000, "ebitda": 458817000, "ebitdaratio": 0.4738445046, "operatingIncome": 310627000, "operatingIncomeRatio": 0.3208008791, "totalOtherIncomeExpensesNet": 13227000, "incomeBeforeTax": 226386000, "incomeBeforeTaxRatio": 0.2338007572, "incomeTaxExpense": 20752000, "netIncome": 212612000, "netIncomeRatio": 0.2195756213, "eps": 1.12, "epsdiluted": 1.12, "weightedAverageShsOut": 190110000, "weightedAverageShsOutDil": 190110000, "link": "https://www.sec.gov/Archives/edgar/data/895417/000089541719000012/0000895417-19-000012-index.htm", "finalLink": "https://www.sec.gov/Archives/edgar/data/895417/000089541719000012/els1231201810-k.htm", "calculatedOtherExpenses": 137209000, "calculatedOperatingExpenses": 191530000, "calculatedNetInterest": -97468000, "calculatedOtherIncome": 13227000, "calculatedIncomeNonControlling": -6978000, "calculatedEbitda": 447836000}, {"date": "2017-12-31", "symbol": "ELS", "reportedCurrency": "USD", "cik": "0000895417", "fillingDate": "2018-02-28", "acceptedDate": "2018-02-28 09:15:56", "calendarYear": "2017", "period": "FY", "revenue": 911937000, "costOfRevenue": 443150000, "grossProfit": 468787000, "grossProfitRatio": 0.5140563438, "researchAndDevelopmentExpenses": 0, "generalAndAdministrativeExpenses": 31737000, "sellingAndMarketingExpenses": 15624000, "sellingGeneralAndAdministrativeExpenses": 47361000, "otherExpenses": 124834000, "operatingExpenses": 172195000, "costAndExpenses": 615345000, "interestIncome": 7580000, "interestExpense": 100570000, "depreciationAndAmortization": 123686000, "ebitda": 431623000, "ebitdaratio": 0.4733035286, "operatingIncome": 296592000, "operatingIncomeRatio": 0.3252329931, "totalOtherIncomeExpensesNet": 6775000, "incomeBeforeTax": 210377000, "incomeBeforeTaxRatio": 0.2306924711, "incomeTaxExpense": 117123000, "netIncome": 197589000, "netIncomeRatio": 0.2166695726, "eps": 1.09, "epsdiluted": 1.08, "weightedAverageShsOut": 173994000, "weightedAverageShsOutDil": 186850000, "link": "https://www.sec.gov/Archives/edgar/data/895417/000089541718000011/0000895417-18-000011-index.htm", "finalLink": "https://www.sec.gov/Archives/edgar/data/895417/000089541718000011/els1231201710-k.htm", "calculatedOtherExpenses": 124834000, "calculatedOperatingExpenses": 172195000, "calculatedNetInterest": -92990000, "calculatedOtherIncome": 6775000, "calculatedIncomeNonControlling": -104335000, "calculatedEbitda": 420278000}, {"date": "2016-12-31", "symbol": "ELS", "reportedCurrency": "USD", "cik": "0000895417", "fillingDate": "2017-02-22", "acceptedDate": "2017-02-21 17:52:43", "calendarYear": "2016", "period": "FY", "revenue": 856280000, "costOfRevenue": 412484000, "grossProfit": 443796000, "grossProfitRatio": 0.518283739, "researchAndDevelopmentExpenses": 0, "generalAndAdministrativeExpenses": 31004000, "sellingAndMarketingExpenses": 14631000, "sellingGeneralAndAdministrativeExpenses": 45635000, "otherExpenses": 125759000, "operatingExpenses": 171394000, "costAndExpenses": 583878000, "interestIncome": 6845000, "interestExpense": 102030000, "depreciationAndAmortization": 120773000, "ebitda": 402625000, "ebitdaratio": 0.4702025039, "operatingIncome": 272402000, "operatingIncomeRatio": 0.3181225767, "totalOtherIncomeExpensesNet": 9915000, "incomeBeforeTax": 187132000, "incomeBeforeTaxRatio": 0.2185406643, "incomeTaxExpense": 118504000, "netIncome": 173263000, "netIncomeRatio": 0.2023438595, "eps": 0.97, "epsdiluted": 0.96, "weightedAverageShsOut": 169556000, "weightedAverageShsOutDil": 185138000, "link": "https://www.sec.gov/Archives/edgar/data/895417/000089541717000017/0000895417-17-000017-index.htm", "finalLink": "https://www.sec.gov/Archives/edgar/data/895417/000089541717000017/els1231201610-k.htm", "calculatedOtherExpenses": 125759000, "calculatedOperatingExpenses": 171394000, "calculatedNetInterest": -95185000, "calculatedOtherIncome": 9915000, "calculatedIncomeNonControlling": -104635000, "calculatedEbitda": 393175000}, {"date": "2015-12-31", "symbol": "ELS", "reportedCurrency": "USD", "cik": "0000895417", "fillingDate": "2016-02-23", "acceptedDate": "2016-02-23 16:18:39", "calendarYear": "2015", "period": "FY", "revenue": 807265000, "costOfRevenue": 388048000, "grossProfit": 419217000, "grossProfitRatio": 0.5193053087, "researchAndDevelopmentExpenses": 0, "generalAndAdministrativeExpenses": 30644000, "sellingAndMarketingExpenses": 14942000, "sellingGeneralAndAdministrativeExpenses": 45586000, "otherExpenses": 118953000, "operatingExpenses": 164539000, "costAndExpenses": 552587000, "interestIncome": 7030000, "interestExpense": 105731000, "depreciationAndAmortization": 115967000, "ebitda": 381764000, "ebitdaratio": 0.4729103826, "operatingIncome": 254678000, "operatingIncomeRatio": 0.3154825243, "totalOtherIncomeExpensesNet": -5465000, "incomeBeforeTax": 150512000, "incomeBeforeTaxRatio": 0.1864468297, "incomeTaxExpense": 120961000, "netIncome": 139371000, "netIncomeRatio": 0.1726459093, "eps": 0.78, "epsdiluted": 0.77, "weightedAverageShsOut": 168062000, "weightedAverageShsOutDil": 183814000, "link": "https://www.sec.gov/Archives/edgar/data/895417/000089541716000082/0000895417-16-000082-index.htm", "finalLink": "https://www.sec.gov/Archives/edgar/data/895417/000089541716000082/els1231201510-k.htm", "calculatedOtherExpenses": 118953000, "calculatedOperatingExpenses": 164539000, "calculatedNetInterest": -98701000, "calculatedOtherIncome": -5465000, "calculatedIncomeNonControlling": -109820000, "calculatedEbitda": 370645000}, {"date": "2014-12-31", "symbol": "ELS", "reportedCurrency": "USD", "cik": "0000895417", "fillingDate": "2015-02-24", "acceptedDate": "2015-02-24 16:03:01", "calendarYear": "2014", "period": "FY", "revenue": 761409000, "costOfRevenue": 366837000, "grossProfit": 394572000, "grossProfitRatio": 0.5182129447, "researchAndDevelopmentExpenses": 0, "generalAndAdministrativeExpenses": 27410000, "sellingAndMarketingExpenses": 14760000, "sellingGeneralAndAdministrativeExpenses": 42170000, "otherExpenses": 117987000, "operatingExpenses": 160157000, "costAndExpenses": 526994000, "interestIncome": 8347000, "interestExpense": 112295000, "depreciationAndAmortization": 115064000, "ebitda": 362404000, "ebitdaratio": 0.4759649544, "operatingIncome": 234415000, "operatingIncomeRatio": 0.3078700147, "totalOtherIncomeExpensesNet": 8001000, "incomeBeforeTax": 138468000, "incomeBeforeTaxRatio": 0.1818575825, "incomeTaxExpense": 127336000, "netIncome": 128005000, "netIncomeRatio": 0.1681159534, "eps": 0.71, "epsdiluted": 0.71, "weightedAverageShsOut": 166724000, "weightedAverageShsOutDil": 183022000, "link": "https://www.sec.gov/Archives/edgar/data/895417/000089541715000014/0000895417-15-000014-index.htm", "finalLink": "https://www.sec.gov/Archives/edgar/data/895417/000089541715000014/els1231201410-k.htm", "calculatedOtherExpenses": 117987000, "calculatedOperatingExpenses": 160157000, "calculatedNetInterest": -103948000, "calculatedOtherIncome": 8001000, "calculatedIncomeNonControlling": -116873000, "calculatedEbitda": 349479000}, {"date": "2013-12-31", "symbol": "ELS", "reportedCurrency": "USD", "cik": "0000895417", "fillingDate": "2014-02-24", "acceptedDate": "2014-02-24 16:44:25", "calendarYear": "2013", "period": "FY", "revenue": 712600000, "costOfRevenue": 343139000, "grossProfit": 369461000, "grossProfitRatio": 0.5184689868, "researchAndDevelopmentExpenses": 0, "generalAndAdministrativeExpenses": 28211000, "sellingAndMarketingExpenses": 12511000, "sellingGeneralAndAdministrativeExpenses": 40722000, "otherExpenses": 112940000, "operatingExpenses": 153662000, "costAndExpenses": 496801000, "interestIncome": 8260000, "interestExpense": 118522000, "depreciationAndAmortization": 110169000, "ebitda": 336267000, "ebitdaratio": 0.4718874544, "operatingIncome": 215799000, "operatingIncomeRatio": 0.3028332866, "totalOtherIncomeExpensesNet": 13235000, "incomeBeforeTax": 118772000, "incomeBeforeTaxRatio": 0.166674151, "incomeTaxExpense": 123134000, "netIncome": 116199000, "netIncomeRatio": 0.1630634297, "eps": 0.65, "epsdiluted": 0.64, "weightedAverageShsOut": 166036000, "weightedAverageShsOutDil": 182392000, "link": "https://www.sec.gov/Archives/edgar/data/895417/000089541714000018/0000895417-14-000018-index.htm", "finalLink": "https://www.sec.gov/Archives/edgar/data/895417/000089541714000018/els1231201310-k.htm", "calculatedOtherExpenses": 112940000, "calculatedOperatingExpenses": 153662000, "calculatedNetInterest": -110262000, "calculatedOtherIncome": 13235000, "calculatedIncomeNonControlling": -120561000, "calculatedEbitda": 325968000}, {"date": "2012-12-31", "symbol": "ELS", "reportedCurrency": "USD", "cik": "0000895417", "fillingDate": "2013-02-28", "acceptedDate": "2013-02-28 09:33:07", "calendarYear": "2012", "period": "FY", "revenue": 693075000, "costOfRevenue": 329869000, "grossProfit": 363206000, "grossProfitRatio": 0.5240500667, "researchAndDevelopmentExpenses": 0, "generalAndAdministrativeExpenses": 26744000, "sellingAndMarketingExpenses": 9102000, "sellingGeneralAndAdministrativeExpenses": 35846000, "otherExpenses": 151495000, "operatingExpenses": 187341000, "costAndExpenses": 517210000, "interestIncome": 10009000, "interestExpense": 124524000, "depreciationAndAmortization": 150039000, "ebitda": 337812000, "ebitdaratio": 0.4874104534, "operatingIncome": 175865000, "operatingIncomeRatio": 0.2537459871, "totalOtherIncomeExpensesNet": 13108000, "incomeBeforeTax": 74458000, "incomeBeforeTaxRatio": 0.1074313747, "incomeTaxExpense": 131490000, "netIncome": 69392000, "netIncomeRatio": 0.1001219204, "eps": 0.34, "epsdiluted": 0.33, "weightedAverageShsOut": 164696000, "weightedAverageShsOutDil": 181724000, "link": "https://www.sec.gov/Archives/edgar/data/895417/000089541713000009/0000895417-13-000009-index.htm", "finalLink": "https://www.sec.gov/Archives/edgar/data/895417/000089541713000009/els1231201210-k.htm", "calculatedOtherExpenses": 151495000, "calculatedOperatingExpenses": 187341000, "calculatedNetInterest": -114515000, "calculatedOtherIncome": 13108000, "calculatedIncomeNonControlling": -126424000, "calculatedEbitda": 325904000}, {"date": "2011-12-31", "symbol": "ELS", "reportedCurrency": "USD", "cik": "0000895417", "fillingDate": "2012-02-29", "acceptedDate": "2012-02-28 21:27:30", "calendarYear": "2011", "period": "FY", "revenue": 580073000, "costOfRevenue": 279001000, "grossProfit": 301072000, "grossProfitRatio": 0.5190243297, "researchAndDevelopmentExpenses": 0, "generalAndAdministrativeExpenses": 43335000, "sellingAndMarketingExpenses": 8019000, "sellingGeneralAndAdministrativeExpenses": 51354000, "otherExpenses": 109494000, "operatingExpenses": 160848000, "costAndExpenses": 439849000, "interestIncome": 7000000, "interestExpense": 99668000, "depreciationAndAmortization": 81015000, "ebitda": 221239000, "ebitdaratio": 0.3813985481, "operatingIncome": 40556000, "operatingIncomeRatio": 0.0699153382, "totalOtherIncomeExpensesNet": 1948000, "incomeBeforeTax": 42504000, "incomeBeforeTaxRatio": 0.0732735363, "incomeTaxExpense": 105574000, "netIncome": 36598000, "netIncomeRatio": 0.0630920591, "eps": 0.16, "epsdiluted": 0.16, "weightedAverageShsOut": 142364000, "weightedAverageShsOutDil": 161320000, "link": "https://www.sec.gov/Archives/edgar/data/895417/000119312512086486/0001193125-12-086486-index.htm", "finalLink": "https://www.sec.gov/Archives/edgar/data/895417/000119312512086486/d260634d10k.htm", "calculatedOtherExpenses": 209162000, "calculatedOperatingExpenses": 260516000, "calculatedNetInterest": -92668000, "calculatedOtherIncome": 94616000, "calculatedIncomeNonControlling": -99668000, "calculatedEbitda": 121571000}, {"date": "2010-12-31", "symbol": "ELS", "reportedCurrency": "USD", "cik": "0000895417", "fillingDate": "2011-02-24", "acceptedDate": "2011-02-24 14:18:23", "calendarYear": "2010", "period": "FY", "revenue": 511361000, "costOfRevenue": 255931000, "grossProfit": 255430000, "grossProfitRatio": 0.4995101308, "researchAndDevelopmentExpenses": 0, "generalAndAdministrativeExpenses": 23679000, "sellingAndMarketingExpenses": 9159000, "sellingGeneralAndAdministrativeExpenses": 32838000, "otherExpenses": 69205000, "operatingExpenses": 102043000, "costAndExpenses": 357974000, "interestIncome": 4419000, "interestExpense": 91151000, "depreciationAndAmortization": 69205000, "ebitda": 226227000, "ebitdaratio": 0.4424017475, "operatingIncome": 62236000, "operatingIncomeRatio": 0.121706583, "totalOtherIncomeExpensesNet": -1608000, "incomeBeforeTax": 60628000, "incomeBeforeTaxRatio": 0.1185620335, "incomeTaxExpense": 117060000, "netIncome": 38354000, "netIncomeRatio": 0.0750037645, "eps": 0.32, "epsdiluted": 0.31, "weightedAverageShsOut": 122068000, "weightedAverageShsOutDil": 142072000, "link": "https://www.sec.gov/Archives/edgar/data/895417/000095012311017755/0000950123-11-017755-index.htm", "finalLink": "https://www.sec.gov/Archives/edgar/data/895417/000095012311017755/c61696e10vk.htm", "calculatedOtherExpenses": 160356000, "calculatedOperatingExpenses": 193194000, "calculatedNetInterest": -86732000, "calculatedOtherIncome": 85124000, "calculatedIncomeNonControlling": -94786000, "calculatedEbitda": 131441000}, {"date": "2009-12-31", "symbol": "ELS", "reportedCurrency": "USD", "cik": "0000895417", "fillingDate": "2010-02-25", "acceptedDate": "2010-02-25 14:42:20", "calendarYear": "2009", "period": "FY", "revenue": 503221000, "costOfRevenue": 263588000, "grossProfit": 239633000, "grossProfitRatio": 0.4761983304, "researchAndDevelopmentExpenses": 0, "generalAndAdministrativeExpenses": 22735000, "sellingAndMarketingExpenses": 13536000, "sellingGeneralAndAdministrativeExpenses": 22735000, "otherExpenses": 70088000, "operatingExpenses": 92823000, "costAndExpenses": 356411000, "interestIncome": 5119000, "interestExpense": 98311000, "depreciationAndAmortization": 76760000, "ebitda": 223570000, "ebitdaratio": 0.4442779614, "operatingIncome": 146810000, "operatingIncomeRatio": 0.291740607, "totalOtherIncomeExpensesNet": 2896000, "incomeBeforeTax": 56261000, "incomeBeforeTaxRatio": 0.111801773, "incomeTaxExpense": 115701000, "netIncome": 34005000, "netIncomeRatio": 0.0675746839, "eps": 0.31, "epsdiluted": 0.31, "weightedAverageShsOut": 110328000, "weightedAverageShsOutDil": 131776000, "link": "https://www.sec.gov/Archives/edgar/data/895417/000095012310016953/0000950123-10-016953-index.htm", "finalLink": "https://www.sec.gov/Archives/edgar/data/895417/000095012310016953/c55881e10vk.htm", "calculatedOtherExpenses": 70088000, "calculatedOperatingExpenses": 92823000, "calculatedNetInterest": -93192000, "calculatedOtherIncome": 2643000, "calculatedIncomeNonControlling": -93445000, "calculatedEbitda": 223570000}, {"date": "2008-12-31", "symbol": "ELS", "reportedCurrency": "USD", "cik": "0000895417", "fillingDate": "2009-03-02", "acceptedDate": "2009-03-02 13:29:11", "calendarYear": "2008", "period": "FY", "revenue": 443485000, "costOfRevenue": 24069000, "grossProfit": 419416000, "grossProfitRatio": 0.9457275894, "researchAndDevelopmentExpenses": 0, "generalAndAdministrativeExpenses": 22172000, "sellingAndMarketingExpenses": 16536000, "sellingGeneralAndAdministrativeExpenses": 16536000, "otherExpenses": 395842000, "operatingExpenses": 156829000, "costAndExpenses": 180898000, "interestIncome": 3095000, "interestExpense": 99430000, "depreciationAndAmortization": 76818000, "ebitda": 334336000, "ebitdaratio": 0.7538834459, "operatingIncome": 200760000, "operatingIncomeRatio": 0.4526872386, "totalOtherIncomeExpensesNet": -71749000, "incomeBeforeTax": 129011000, "incomeBeforeTaxRatio": 0.2909027363, "incomeTaxExpense": 167466000, "netIncome": 18303000, "netIncomeRatio": 0.0412708434, "eps": 0.19, "epsdiluted": 0.19, "weightedAverageShsOut": 97864000, "weightedAverageShsOutDil": 121992000, "link": "https://www.sec.gov/Archives/edgar/data/895417/000095015209002039/0000950152-09-002039-index.htm", "finalLink": "https://www.sec.gov/Archives/edgar/data/895417/000095015209002039/c48888e10vk.htm", "calculatedOtherExpenses": 202120000, "calculatedOperatingExpenses": 218656000, "calculatedNetInterest": -96335000, "calculatedOtherIncome": 24586000, "calculatedIncomeNonControlling": -56758000, "calculatedEbitda": 277578000}, {"date": "2007-12-31", "symbol": "ELS", "reportedCurrency": "USD", "cik": "0000895417", "fillingDate": "2008-02-28", "acceptedDate": "2008-02-28 17:23:42", "calendarYear": "2007", "period": "FY", "revenue": 413451000, "costOfRevenue": 30713000, "grossProfit": 382738000, "grossProfitRatio": 0.925715502, "researchAndDevelopmentExpenses": 0, "generalAndAdministrativeExpenses": 15591000, "sellingAndMarketingExpenses": 7555000, "sellingGeneralAndAdministrativeExpenses": 23146000, "otherExpenses": 157565000, "operatingExpenses": 180711000, "costAndExpenses": 211424000, "interestIncome": 1975000, "interestExpense": 103070000, "depreciationAndAmortization": 68313000, "ebitda": 531921000, "ebitdaratio": 1.2865393964, "operatingIncome": 202027000, "operatingIncomeRatio": 0.4886358964, "totalOtherIncomeExpensesNet": -162833000, "incomeBeforeTax": 39194000, "incomeBeforeTaxRatio": 0.0947972069, "incomeTaxExpense": 268673000, "netIncome": 32102000, "netIncomeRatio": 0.0776440255, "eps": 0.33, "epsdiluted": 0.33, "weightedAverageShsOut": 96356000, "weightedAverageShsOutDil": 121656000, "link": "https://www.sec.gov/Archives/edgar/data/895417/000095013708002967/0000950137-08-002967-index.htm", "finalLink": "https://www.sec.gov/Archives/edgar/data/895417/000095013708002967/c24016e10vk.htm", "calculatedOtherExpenses": 157565000, "calculatedOperatingExpenses": 180711000, "calculatedNetInterest": -101095000, "calculatedOtherIncome": -61738000, "calculatedIncomeNonControlling": -261581000, "calculatedEbitda": 270340000}, {"date": "2006-12-31", "symbol": "ELS", "reportedCurrency": "USD", "cik": "0000895417", "fillingDate": "2007-03-01", "acceptedDate": "2007-03-01 16:49:17", "calendarYear": "2006", "period": "FY", "revenue": 412786000, "costOfRevenue": 54498000, "grossProfit": 358288000, "grossProfitRatio": 0.8679751736, "researchAndDevelopmentExpenses": 0, "generalAndAdministrativeExpenses": 12760000, "sellingAndMarketingExpenses": 9836000, "sellingGeneralAndAdministrativeExpenses": 22596000, "otherExpenses": 220190000, "operatingExpenses": 242786000, "costAndExpenses": 297284000, "interestIncome": 1975000, "interestExpense": 0, "depreciationAndAmortization": 65376000, "ebitda": 363565000, "ebitdaratio": 0.8807590374, "operatingIncome": 115502000, "operatingIncomeRatio": 0.2798108463, "totalOtherIncomeExpensesNet": -84216000, "incomeBeforeTax": 31286000, "incomeBeforeTaxRatio": 0.0757922992, "incomeTaxExpense": 197341000, "netIncome": 16632000, "netIncomeRatio": 0.0402920642, "eps": 0.18, "epsdiluted": 0.17, "weightedAverageShsOut": 93776000, "weightedAverageShsOutDil": 120964000, "link": "https://www.sec.gov/Archives/edgar/data/895417/000095013707003132/0000950137-07-003132-index.htm", "finalLink": "https://www.sec.gov/Archives/edgar/data/895417/000095013707003132/c12776e10vk.htm", "calculatedOtherExpenses": 220190000, "calculatedOperatingExpenses": 242786000, "calculatedNetInterest": 1975000, "calculatedOtherIncome": -86191000, "calculatedIncomeNonControlling": -182687000, "calculatedEbitda": 180878000}, {"date": "2005-12-31", "symbol": "ELS", "reportedCurrency": "USD", "cik": "0000895417", "fillingDate": "2006-03-03", "acceptedDate": "2006-03-03 16:06:00", "calendarYear": "2005", "period": "FY", "revenue": 386480000, "costOfRevenue": 57471000, "grossProfit": 329009000, "grossProfitRatio": 0.8512963155, "researchAndDevelopmentExpenses": 0, "generalAndAdministrativeExpenses": 13624000, "sellingAndMarketingExpenses": 8838000, "sellingGeneralAndAdministrativeExpenses": 22462000, "otherExpenses": 302082000, "operatingExpenses": 324544000, "costAndExpenses": 382015000, "interestIncome": 0, "interestExpense": 0, "depreciationAndAmortization": 61631000, "ebitda": 166892000, "ebitdaratio": 0.431825709, "operatingIncome": 4465000, "operatingIncomeRatio": 0.0115529911, "totalOtherIncomeExpensesNet": -5102000, "incomeBeforeTax": -637000, "incomeBeforeTaxRatio": -0.0016482095, "incomeTaxExpense": 102492000, "netIncome": -2333000, "netIncomeRatio": -0.0060365349, "eps": -0.0253, "epsdiluted": -0.0199, "weightedAverageShsOut": 92324000, "weightedAverageShsOutDil": 117464000, "link": "https://www.sec.gov/Archives/edgar/data/895417/000095013706002541/0000950137-06-002541-index.htm", "finalLink": "https://www.sec.gov/Archives/edgar/data/895417/000095013706002541/c02841e10vk.txt", "calculatedOtherExpenses": 302082000, "calculatedOperatingExpenses": 324544000, "calculatedNetInterest": 0, "calculatedOtherIncome": -5102000, "calculatedIncomeNonControlling": -100796000, "calculatedEbitda": 66096000}, {"date": "2004-12-31", "symbol": "ELS", "reportedCurrency": "USD", "cik": "0000895417", "fillingDate": "2005-03-29", "acceptedDate": "2005-03-29 17:28:21", "calendarYear": "2004", "period": "FY", "revenue": 343132000, "costOfRevenue": 41833000, "grossProfit": 301299000, "grossProfitRatio": 0.8780848187, "researchAndDevelopmentExpenses": 0, "generalAndAdministrativeExpenses": 9243000, "sellingAndMarketingExpenses": 8708000, "sellingGeneralAndAdministrativeExpenses": 17951000, "otherExpenses": 273927000, "operatingExpenses": 291878000, "costAndExpenses": 333711000, "interestIncome": 0, "interestExpense": 0, "depreciationAndAmortization": 53906000, "ebitda": 150799000, "ebitdaratio": 0.4394781017, "operatingIncome": 9421000, "operatingIncomeRatio": 0.0274559062, "totalOtherIncomeExpensesNet": 1063000, "incomeBeforeTax": 10484000, "incomeBeforeTaxRatio": 0.0305538393, "incomeTaxExpense": 93930000, "netIncome": 4026000, "netIncomeRatio": 0.011733094, "eps": 0.045, "epsdiluted": 0.0425, "weightedAverageShsOut": 91396000, "weightedAverageShsOutDil": 117860000, "link": "https://www.sec.gov/Archives/edgar/data/895417/000095013705003835/0000950137-05-003835-index.htm", "finalLink": "https://www.sec.gov/Archives/edgar/data/895417/000095013705003835/c93130e10vk.txt", "calculatedOtherExpenses": 273927000, "calculatedOperatingExpenses": 291878000, "calculatedNetInterest": 0, "calculatedOtherIncome": 1063000, "calculatedIncomeNonControlling": -87472000, "calculatedEbitda": 63327000}, {"date": "2003-12-31", "symbol": "ELS", "reportedCurrency": "USD", "cik": "0000895417", "fillingDate": "2004-03-10", "acceptedDate": "2004-03-10 16:54:25", "calendarYear": "2003", "period": "FY", "revenue": 267395000, "costOfRevenue": 31767000, "grossProfit": 235628000, "grossProfitRatio": 0.8811982273, "researchAndDevelopmentExpenses": 0, "generalAndAdministrativeExpenses": 8060000, "sellingAndMarketingExpenses": 7360000, "sellingGeneralAndAdministrativeExpenses": 15420000, "otherExpenses": 77866000, "operatingExpenses": 93286000, "costAndExpenses": 125053000, "interestIncome": 0, "interestExpense": 0, "depreciationAndAmortization": 44434000, "ebitda": 237953000, "ebitdaratio": 0.8898932291, "operatingIncome": 142342000, "operatingIncomeRatio": 0.5323285776, "totalOtherIncomeExpensesNet": 2065000, "incomeBeforeTax": 144407000, "incomeBeforeTaxRatio": 0.5400512351, "incomeTaxExpense": 168570000, "netIncome": 25132000, "netIncomeRatio": 0.0939882945, "eps": 0.28, "epsdiluted": 0.28, "weightedAverageShsOut": 88308000, "weightedAverageShsOutDil": 112008000, "link": "https://www.sec.gov/Archives/edgar/data/895417/000095013704001692/0000950137-04-001692-index.htm", "finalLink": "https://www.sec.gov/Archives/edgar/data/895417/000095013704001692/c83478e10vk.txt", "calculatedOtherExpenses": 77866000, "calculatedOperatingExpenses": 93286000, "calculatedNetInterest": 0, "calculatedOtherIncome": 2065000, "calculatedIncomeNonControlling": -49295000, "calculatedEbitda": 186776000}, {"date": "2002-12-31", "symbol": "ELS", "reportedCurrency": "USD", "cik": "0000895417", "fillingDate": "2003-03-28", "acceptedDate": "2003-03-28 17:18:55", "calendarYear": "2002", "period": "FY", "revenue": 262312000, "costOfRevenue": 27192000, "grossProfit": 235120000, "grossProfitRatio": 0.8963371863, "researchAndDevelopmentExpenses": 0, "generalAndAdministrativeExpenses": 8192000, "sellingAndMarketingExpenses": 7671000, "sellingGeneralAndAdministrativeExpenses": 15863000, "otherExpenses": 178975000, "operatingExpenses": 194838000, "costAndExpenses": 222030000, "interestIncome": 0, "interestExpense": 0, "depreciationAndAmortization": 38057000, "ebitda": 126922000, "ebitdaratio": 0.4838589161, "operatingIncome": 40282000, "operatingIncomeRatio": 0.15356522, "totalOtherIncomeExpensesNet": 1277000, "incomeBeforeTax": 41559000, "incomeBeforeTaxRatio": 0.1584334685, "incomeTaxExpense": 53697000, "netIncome": 31887000, "netIncomeRatio": 0.1215613468, "eps": 0.37, "epsdiluted": 0.36, "weightedAverageShsOut": 86468000, "weightedAverageShsOutDil": 110528000, "link": "https://www.sec.gov/Archives/edgar/data/895417/000095013703001838/0000950137-03-001838-index.htm", "finalLink": "https://www.sec.gov/Archives/edgar/data/895417/000095013703001838/c75749e10vk.txt", "calculatedOtherExpenses": 178975000, "calculatedOperatingExpenses": 194838000, "calculatedNetInterest": 0, "calculatedOtherIncome": 1277000, "calculatedIncomeNonControlling": -44025000, "calculatedEbitda": 78339000}, {"date": "2001-12-31", "symbol": "ELS", "reportedCurrency": "USD", "cik": "0000895417", "fillingDate": "2002-03-29", "acceptedDate": "2002-03-29 00:00:00", "calendarYear": "2001", "period": "FY", "revenue": 225856000, "costOfRevenue": 0, "grossProfit": 225856000, "grossProfitRatio": 1, "researchAndDevelopmentExpenses": 0, "generalAndAdministrativeExpenses": 6687000, "sellingAndMarketingExpenses": 0, "sellingGeneralAndAdministrativeExpenses": 6687000, "otherExpenses": 175793000, "operatingExpenses": 182480000, "costAndExpenses": 182480000, "interestIncome": 0, "interestExpense": 0, "depreciationAndAmortization": 37184000, "ebitda": 122589000, "ebitdaratio": 0.5427750425, "operatingIncome": 43376000, "operatingIncomeRatio": 0.1920515727, "totalOtherIncomeExpensesNet": 8168000, "incomeBeforeTax": 51544000, "incomeBeforeTaxRatio": 0.2282162086, "incomeTaxExpense": 61490000, "netIncome": 32083000, "netIncomeRatio": 0.1420506872, "eps": 0.36, "epsdiluted": 0.35, "weightedAverageShsOut": 84144000, "weightedAverageShsOutDil": 108040000, "link": "https://www.sec.gov/Archives/edgar/data/895417/000095013702001852/0000950137-02-001852-index.htm", "finalLink": "https://www.sec.gov/Archives/edgar/data/895417/000095013702001852/c68299e10-k.txt", "calculatedOtherExpenses": 175793000, "calculatedOperatingExpenses": 182480000, "calculatedNetInterest": 0, "calculatedOtherIncome": 8168000, "calculatedIncomeNonControlling": -42029000, "calculatedEbitda": 80560000}, {"date": "2000-12-31", "symbol": "ELS", "reportedCurrency": "USD", "cik": "0000895417", "fillingDate": "2001-03-28", "acceptedDate": "2001-03-28 00:00:00", "calendarYear": "2000", "period": "FY", "revenue": 220678000, "costOfRevenue": 0, "grossProfit": 220678000, "grossProfitRatio": 1, "researchAndDevelopmentExpenses": 0, "generalAndAdministrativeExpenses": 6423000, "sellingAndMarketingExpenses": 0, "sellingGeneralAndAdministrativeExpenses": 6423000, "otherExpenses": 173607000, "operatingExpenses": 180030000, "costAndExpenses": 180030000, "interestIncome": 0, "interestExpense": 0, "depreciationAndAmortization": 36511000, "ebitda": 129478000, "ebitdaratio": 0.5867281741, "operatingIncome": 40648000, "operatingIncomeRatio": 0.1841959779, "totalOtherIncomeExpensesNet": 3078000, "incomeBeforeTax": 43726000, "incomeBeforeTaxRatio": 0.198143902, "incomeTaxExpense": 61022000, "netIncome": 31945000, "netIncomeRatio": 0.1447584263, "eps": 0.37, "epsdiluted": 0.37, "weightedAverageShsOut": 85876000, "weightedAverageShsOutDil": 109632000, "link": "https://www.sec.gov/Archives/edgar/data/895417/000095013701000922/0000950137-01-000922-index.htm", "finalLink": "https://www.sec.gov/Archives/edgar/data/895417/000095013701000922/c61160e10-k.txt", "calculatedOtherExpenses": 173607000, "calculatedOperatingExpenses": 180030000, "calculatedNetInterest": 0, "calculatedOtherIncome": 3078000, "calculatedIncomeNonControlling": -49241000, "calculatedEbitda": 77159000}, {"date": "1999-12-31", "symbol": "ELS", "reportedCurrency": "USD", "cik": "0000895417", "fillingDate": "2000-03-15", "acceptedDate": "2000-03-15 00:00:00", "calendarYear": "1999", "period": "FY", "revenue": 215028000, "costOfRevenue": 0, "grossProfit": 215028000, "grossProfitRatio": 1, "researchAndDevelopmentExpenses": 0, "generalAndAdministrativeExpenses": 6092000, "sellingAndMarketingExpenses": 0, "sellingGeneralAndAdministrativeExpenses": 6092000, "otherExpenses": 172101000, "operatingExpenses": 178193000, "costAndExpenses": 178193000, "interestIncome": 0, "interestExpense": 0, "depreciationAndAmortization": 36494000, "ebitda": 126101000, "ebitdaratio": 0.5864399055, "operatingIncome": 36835000, "operatingIncomeRatio": 0.1713032721, "totalOtherIncomeExpensesNet": 0, "incomeBeforeTax": 0, "incomeBeforeTaxRatio": 0, "incomeTaxExpense": 61835000, "netIncome": 27772000, "netIncomeRatio": 0.1291552728, "eps": 0.28, "epsdiluted": 0.27, "weightedAverageShsOut": 100896000, "weightedAverageShsOutDil": 125008000, "link": "https://www.sec.gov/Archives/edgar/data/895417/000095013700001004/0000950137-00-001004-index.html", "finalLink": "https://www.sec.gov/Archives/edgar/data/895417/000095013700001004/", "calculatedOtherExpenses": 172101000, "calculatedOperatingExpenses": 178193000, "calculatedNetInterest": 0, "calculatedOtherIncome": -36835000, "calculatedIncomeNonControlling": -89607000, "calculatedEbitda": 73329000}, {"date": "1998-12-31", "symbol": "ELS", "reportedCurrency": "USD", "cik": "0000895417", "fillingDate": "1999-03-08", "acceptedDate": "1999-03-08 00:00:00", "calendarYear": "1998", "period": "FY", "revenue": 194830000, "costOfRevenue": 0, "grossProfit": 194830000, "grossProfitRatio": 1, "researchAndDevelopmentExpenses": 0, "generalAndAdministrativeExpenses": 5411000, "sellingAndMarketingExpenses": 0, "sellingGeneralAndAdministrativeExpenses": 5411000, "otherExpenses": 153756000, "operatingExpenses": 159167000, "costAndExpenses": 159167000, "interestIncome": 0, "interestExpense": 0, "depreciationAndAmortization": 31243000, "ebitda": 114777000, "ebitdaratio": 0.5891135862, "operatingIncome": 35663000, "operatingIncomeRatio": 0.1830467587, "totalOtherIncomeExpensesNet": 0, "incomeBeforeTax": 0, "incomeBeforeTaxRatio": 0, "incomeTaxExpense": 54604000, "netIncome": 28930000, "netIncomeRatio": 0.1484884258, "eps": 0.28, "epsdiluted": 0.28, "weightedAverageShsOut": 102504000, "weightedAverageShsOutDil": 127848000, "link": "https://www.sec.gov/Archives/edgar/data/895417/000095013799000112/0000950137-99-000112-index.html", "finalLink": "https://www.sec.gov/Archives/edgar/data/895417/", "calculatedOtherExpenses": 153756000, "calculatedOperatingExpenses": 159167000, "calculatedNetInterest": 0, "calculatedOtherIncome": -35663000, "calculatedIncomeNonControlling": -83534000, "calculatedEbitda": 66906000}, {"date": "1997-12-31", "symbol": "ELS", "reportedCurrency": "USD", "cik": "0000895417", "fillingDate": "1998-03-19", "acceptedDate": "1998-03-19 00:00:00", "calendarYear": "1997", "period": "FY", "revenue": 123510000, "costOfRevenue": 0, "grossProfit": 123510000, "grossProfitRatio": 1, "researchAndDevelopmentExpenses": 0, "generalAndAdministrativeExpenses": 4559000, "sellingAndMarketingExpenses": 0, "sellingGeneralAndAdministrativeExpenses": 4559000, "otherExpenses": 85482000, "operatingExpenses": 90041000, "costAndExpenses": 90041000, "interestIncome": 0, "interestExpense": 0, "depreciationAndAmortization": 22086000, "ebitda": 73177000, "ebitdaratio": 0.5924783418, "operatingIncome": 33469000, "operatingIncomeRatio": 0.2709821067, "totalOtherIncomeExpensesNet": 0, "incomeBeforeTax": 0, "incomeBeforeTaxRatio": 0, "incomeTaxExpense": 22446000, "netIncome": 28600000, "netIncomeRatio": 0.2315601976, "eps": 0.29, "epsdiluted": 0.29, "weightedAverageShsOut": 98620690, "weightedAverageShsOutDil": 99478261, "link": "https://www.sec.gov/Archives/edgar/data/895417/000095013798001039/0000950137-98-001039-index.html", "finalLink": "https://www.sec.gov/Archives/edgar/data/895417/", "calculatedOtherExpenses": 85482000, "calculatedOperatingExpenses": 90041000, "calculatedNetInterest": 0, "calculatedOtherIncome": -33469000, "calculatedIncomeNonControlling": -51046000, "calculatedEbitda": 55555000}, {"date": "1996-12-31", "symbol": "ELS", "reportedCurrency": "USD", "cik": "0000895417", "fillingDate": "1997-03-11", "acceptedDate": "1997-03-11 00:00:00", "calendarYear": "1996", "period": "FY", "revenue": 105203000, "costOfRevenue": 0, "grossProfit": 105203000, "grossProfitRatio": 1, "researchAndDevelopmentExpenses": 0, "generalAndAdministrativeExpenses": 4062000, "sellingAndMarketingExpenses": 0, "sellingGeneralAndAdministrativeExpenses": 4062000, "otherExpenses": 74198000, "operatingExpenses": 78260000, "costAndExpenses": 78260000, "interestIncome": 0, "interestExpense": 0, "depreciationAndAmortization": 17962000, "ebitda": 60457000, "ebitdaratio": 0.5746699239, "operatingIncome": 26943000, "operatingIncomeRatio": 0.2561048639, "totalOtherIncomeExpensesNet": 0, "incomeBeforeTax": 0, "incomeBeforeTaxRatio": 0, "incomeTaxExpense": 18223000, "netIncome": 24300000, "netIncomeRatio": 0.2309820062, "eps": 0.25, "epsdiluted": 0.25, "weightedAverageShsOut": 99183673, "weightedAverageShsOutDil": 99183673, "link": "https://www.sec.gov/Archives/edgar/data/895417/000095013797000967/0000950137-97-000967-index.html", "finalLink": "https://www.sec.gov/Archives/edgar/data/895417/", "calculatedOtherExpenses": 74198000, "calculatedOperatingExpenses": 78260000, "calculatedNetInterest": 0, "calculatedOtherIncome": -26943000, "calculatedIncomeNonControlling": -42523000, "calculatedEbitda": 44905000}, {"date": "1995-12-31", "symbol": "ELS", "reportedCurrency": "USD", "cik": "0000895417", "fillingDate": "1995-12-31", "acceptedDate": "1995-12-30 19:00:00", "calendarYear": "1995", "period": "FY", "revenue": 98200000, "costOfRevenue": 0, "grossProfit": 98200000, "grossProfitRatio": 1, "researchAndDevelopmentExpenses": 0, "generalAndAdministrativeExpenses": 8000000, "sellingAndMarketingExpenses": 0, "sellingGeneralAndAdministrativeExpenses": 8000000, "otherExpenses": -58500000, "operatingExpenses": -50500000, "costAndExpenses": -50500000, "interestIncome": 0, "interestExpense": 0, "depreciationAndAmortization": 17800000, "ebitda": 165200000, "ebitdaratio": 1.6822810591, "operatingIncome": 148700000, "operatingIncomeRatio": 1.5142566191, "totalOtherIncomeExpensesNet": 1300000, "incomeBeforeTax": 150000000, "incomeBeforeTaxRatio": 1.5274949084, "incomeTaxExpense": 130700000, "netIncome": 18000000, "netIncomeRatio": 0.183299389, "eps": 0.19, "epsdiluted": 0.19, "weightedAverageShsOut": 97297297, "weightedAverageShsOutDil": 97297297, "link": "", "finalLink": "", "calculatedOtherExpenses": -58500000, "calculatedOperatingExpenses": -50500000, "calculatedNetInterest": 0, "calculatedOtherIncome": 1300000, "calculatedIncomeNonControlling": 1300000, "calculatedEbitda": 166500000}, {"date": "1994-12-31", "symbol": "ELS", "reportedCurrency": "USD", "cik": "0000895417", "fillingDate": "1994-12-31", "acceptedDate": "1994-12-30 19:00:00", "calendarYear": "1994", "period": "FY", "revenue": 68500000, "costOfRevenue": 0, "grossProfit": 68500000, "grossProfitRatio": 1, "researchAndDevelopmentExpenses": 0, "generalAndAdministrativeExpenses": 6800000, "sellingAndMarketingExpenses": 0, "sellingGeneralAndAdministrativeExpenses": 6800000, "otherExpenses": -42200000, "operatingExpenses": -35400000, "costAndExpenses": -35400000, "interestIncome": 0, "interestExpense": 0, "depreciationAndAmortization": 11000000, "ebitda": 115200000, "ebitdaratio": 1.6817518248, "operatingIncome": 103900000, "operatingIncomeRatio": 1.5167883212, "totalOtherIncomeExpensesNet": -300000, "incomeBeforeTax": 103600000, "incomeBeforeTaxRatio": 1.5124087591, "incomeTaxExpense": 88900000, "netIncome": 15000000, "netIncomeRatio": 0.2189781022, "eps": 0.18, "epsdiluted": 0.18, "weightedAverageShsOut": 85714286, "weightedAverageShsOutDil": 85714286, "link": "", "finalLink": "", "calculatedOtherExpenses": -42200000, "calculatedOperatingExpenses": -35400000, "calculatedNetInterest": 0, "calculatedOtherIncome": -300000, "calculatedIncomeNonControlling": -300000, "calculatedEbitda": 114900000}, {"date": "1993-12-31", "symbol": "ELS", "reportedCurrency": "USD", "cik": "0000895417", "fillingDate": "1993-12-31", "acceptedDate": "1993-12-30 19:00:00", "calendarYear": "1993", "period": "FY", "revenue": 42000000, "costOfRevenue": 0, "grossProfit": 42000000, "grossProfitRatio": 1, "researchAndDevelopmentExpenses": 0, "generalAndAdministrativeExpenses": 3200000, "sellingAndMarketingExpenses": 0, "sellingGeneralAndAdministrativeExpenses": 3200000, "otherExpenses": -25100000, "operatingExpenses": -21900000, "costAndExpenses": -21900000, "interestIncome": 0, "interestExpense": 0, "depreciationAndAmortization": 7900000, "ebitda": 71800000, "ebitdaratio": 1.7095238095, "operatingIncome": 63900000, "operatingIncomeRatio": 1.5214285714, "totalOtherIncomeExpensesNet": 0, "incomeBeforeTax": 0, "incomeBeforeTaxRatio": 0, "incomeTaxExpense": 53500000, "netIncome": 10400000, "netIncomeRatio": 0.2476190476, "eps": 0.18, "epsdiluted": 0.17, "weightedAverageShsOut": 59428571, "weightedAverageShsOutDil": 60289855, "link": "", "finalLink": "", "calculatedOtherExpenses": -25100000, "calculatedOperatingExpenses": -21900000, "calculatedNetInterest": 0, "calculatedOtherIncome": -63900000, "calculatedIncomeNonControlling": -63900000, "calculatedEbitda": 71800000}]}