{"originalCurrency": "USD", "convertedCurrency": "USD", "report": [{"date": "2023-12-31", "symbol": "ELV", "reportedCurrency": "USD", "cik": "0001156039", "fillingDate": "2024-02-21", "acceptedDate": "2024-02-21 16:30:31", "calendarYear": "2023", "period": "FY", "revenue": 171340000000, "costOfRevenue": 17293000000, "grossProfit": 154047000000, "grossProfitRatio": 0.8990720205, "researchAndDevelopmentExpenses": 0, "generalAndAdministrativeExpenses": 0, "sellingAndMarketingExpenses": 0, "sellingGeneralAndAdministrativeExpenses": 36450000000, "otherExpenses": 38265000000, "operatingExpenses": 38265000000, "costAndExpenses": 163625000000, "interestIncome": 1030000000, "interestExpense": 1030000000, "depreciationAndAmortization": 1745000000, "ebitda": 1741000000, "ebitdaratio": 0.0101610832, "operatingIncome": -4000000, "operatingIncomeRatio": -2.33454e-05, "totalOtherIncomeExpensesNet": 7715000000, "incomeBeforeTax": 7715000000, "incomeBeforeTaxRatio": 0.0450274308, "incomeTaxExpense": 1724000000, "netIncome": 5987000000, "netIncomeRatio": 0.0349422201, "eps": 25.38, "epsdiluted": 25.22, "weightedAverageShsOut": 235900000, "weightedAverageShsOutDil": 237400000, "link": "https://www.sec.gov/Archives/edgar/data/1156039/000115603924000015/0001156039-24-000015-index.htm", "finalLink": "https://www.sec.gov/Archives/edgar/data/1156039/000115603924000015/elv-20231231.htm", "calculatedOtherExpenses": 117601000000, "calculatedOperatingExpenses": 154051000000, "calculatedNetInterest": 0, "calculatedOtherIncome": 7719000000, "calculatedIncomeNonControlling": 4000000, "calculatedEbitda": 1741000000}, {"date": "2022-12-31", "symbol": "ELV", "reportedCurrency": "USD", "cik": "0001156039", "fillingDate": "2023-02-15", "acceptedDate": "2023-02-15 16:44:30", "calendarYear": "2022", "period": "FY", "revenue": 156595000000, "costOfRevenue": 13035000000, "grossProfit": 143560000000, "grossProfitRatio": 0.9167597944, "researchAndDevelopmentExpenses": 0, "generalAndAdministrativeExpenses": 0, "sellingAndMarketingExpenses": 0, "sellingGeneralAndAdministrativeExpenses": 17686000000, "otherExpenses": -31449000000, "operatingExpenses": 17686000000, "costAndExpenses": 148826000000, "interestIncome": 855000000, "interestExpense": 851000000, "depreciationAndAmortization": 1675000000, "ebitda": 9444000000, "ebitdaratio": 0.060308439, "operatingIncome": 7769000000, "operatingIncomeRatio": 0.0496120566, "totalOtherIncomeExpensesNet": -851000000, "incomeBeforeTax": 7769000000, "incomeBeforeTaxRatio": 0.0496120566, "incomeTaxExpense": 1750000000, "netIncome": 5894000000, "netIncomeRatio": 0.0376384942, "eps": 24.56, "epsdiluted": 24.28, "weightedAverageShsOut": 240000000, "weightedAverageShsOutDil": 242800000, "link": "https://www.sec.gov/Archives/edgar/data/1156039/000115603923000007/0001156039-23-000007-index.htm", "finalLink": "https://www.sec.gov/Archives/edgar/data/1156039/000115603923000007/elv-20221231.htm", "calculatedOtherExpenses": 118105000000, "calculatedOperatingExpenses": 135791000000, "calculatedNetInterest": 4000000, "calculatedOtherIncome": -4000000, "calculatedIncomeNonControlling": 125000000, "calculatedEbitda": 9444000000}, {"date": "2021-12-31", "symbol": "ELV", "reportedCurrency": "USD", "cik": "0001156039", "fillingDate": "2022-02-16", "acceptedDate": "2022-02-16 16:01:21", "calendarYear": "2021", "period": "FY", "revenue": 138639000000, "costOfRevenue": 10895000000, "grossProfit": 127744000000, "grossProfitRatio": 0.9214146092, "researchAndDevelopmentExpenses": 0, "generalAndAdministrativeExpenses": 0, "sellingAndMarketingExpenses": 0, "sellingGeneralAndAdministrativeExpenses": 15914000000, "otherExpenses": -27048000000, "operatingExpenses": 15914000000, "costAndExpenses": 130714000000, "interestIncome": 802000000, "interestExpense": 798000000, "depreciationAndAmortization": 1302000000, "ebitda": 9227000000, "ebitdaratio": 0.0665541442, "operatingIncome": 7925000000, "operatingIncomeRatio": 0.0571628474, "totalOtherIncomeExpensesNet": 12648000000, "incomeBeforeTax": 7925000000, "incomeBeforeTaxRatio": 0.0571628474, "incomeTaxExpense": 1830000000, "netIncome": 6158000000, "netIncomeRatio": 0.044417516, "eps": 25.04, "epsdiluted": 24.73, "weightedAverageShsOut": 243800000, "weightedAverageShsOutDil": 246800000, "link": "https://www.sec.gov/Archives/edgar/data/1156039/000115603922000009/0001156039-22-000009-index.htm", "finalLink": "https://www.sec.gov/Archives/edgar/data/1156039/000115603922000009/antm-20211231.htm", "calculatedOtherExpenses": 103905000000, "calculatedOperatingExpenses": 119819000000, "calculatedNetInterest": 4000000, "calculatedOtherIncome": -4000000, "calculatedIncomeNonControlling": -63000000, "calculatedEbitda": 9227000000}, {"date": "2020-12-31", "symbol": "ELV", "reportedCurrency": "USD", "cik": "0001156039", "fillingDate": "2021-02-18", "acceptedDate": "2021-02-18 16:03:06", "calendarYear": "2020", "period": "FY", "revenue": 121867000000, "costOfRevenue": 8953000000, "grossProfit": 112914000000, "grossProfitRatio": 0.9265346648, "researchAndDevelopmentExpenses": 0, "generalAndAdministrativeExpenses": 0, "sellingAndMarketingExpenses": 0, "sellingGeneralAndAdministrativeExpenses": 17450000000, "otherExpenses": -26111000000, "operatingExpenses": -126013000000, "costAndExpenses": 115629000000, "interestIncome": 785000000, "interestExpense": 784000000, "depreciationAndAmortization": 1154000000, "ebitda": 7392000000, "ebitdaratio": 0.0606562892, "operatingIncome": 6238000000, "operatingIncomeRatio": 0.0511869497, "totalOtherIncomeExpensesNet": 10384000000, "incomeBeforeTax": 6238000000, "incomeBeforeTaxRatio": 0.0511869497, "incomeTaxExpense": 1666000000, "netIncome": 4572000000, "netIncomeRatio": 0.0375163088, "eps": 18.23, "epsdiluted": 17.98, "weightedAverageShsOut": 250800000, "weightedAverageShsOutDil": 254300000, "link": "https://www.sec.gov/Archives/edgar/data/1156039/000115603921000012/0001156039-21-000012-index.htm", "finalLink": "https://www.sec.gov/Archives/edgar/data/1156039/000115603921000012/antm-20201231.htm", "calculatedOtherExpenses": 89226000000, "calculatedOperatingExpenses": 106676000000, "calculatedNetInterest": 1000000, "calculatedOtherIncome": -1000000, "calculatedIncomeNonControlling": 0, "calculatedEbitda": 7392000000}, {"date": "2019-12-31", "symbol": "ELV", "reportedCurrency": "USD", "cik": "0001156039", "fillingDate": "2020-02-19", "acceptedDate": "2020-02-19 15:14:06", "calendarYear": "2019", "period": "FY", "revenue": 104213000000, "costOfRevenue": 1992000000, "grossProfit": 102221000000, "grossProfitRatio": 0.9808853022, "researchAndDevelopmentExpenses": 0, "generalAndAdministrativeExpenses": 0, "sellingAndMarketingExpenses": 0, "sellingGeneralAndAdministrativeExpenses": 13364000000, "otherExpenses": -15694000000, "operatingExpenses": -98228000000, "costAndExpenses": 98228000000, "interestIncome": 745000000, "interestExpense": 746000000, "depreciationAndAmortization": 1133000000, "ebitda": 7118000000, "ebitdaratio": 0.0683024191, "operatingIncome": 5985000000, "operatingIncomeRatio": 0.0574304549, "totalOtherIncomeExpensesNet": -82872000000, "incomeBeforeTax": 5985000000, "incomeBeforeTaxRatio": 0.0574304549, "incomeTaxExpense": 1178000000, "netIncome": 4807000000, "netIncomeRatio": 0.0461266829, "eps": 18.81, "epsdiluted": 18.47, "weightedAverageShsOut": 255500000, "weightedAverageShsOutDil": 260300000, "link": "https://www.sec.gov/Archives/edgar/data/1156039/000115603920000003/0001156039-20-000003-index.htm", "finalLink": "https://www.sec.gov/Archives/edgar/data/1156039/000115603920000003/antm-2019123110kq42019.htm", "calculatedOtherExpenses": 82872000000, "calculatedOperatingExpenses": 96236000000, "calculatedNetInterest": -1000000, "calculatedOtherIncome": 1000000, "calculatedIncomeNonControlling": 0, "calculatedEbitda": 7118000000}, {"date": "2018-12-31", "symbol": "ELV", "reportedCurrency": "USD", "cik": "0001156039", "fillingDate": "2019-02-20", "acceptedDate": "2019-02-20 14:53:10", "calendarYear": "2018", "period": "FY", "revenue": 92105000000, "costOfRevenue": 0, "grossProfit": 92105000000, "grossProfitRatio": 1, "researchAndDevelopmentExpenses": 0, "generalAndAdministrativeExpenses": 0, "sellingAndMarketingExpenses": 0, "sellingGeneralAndAdministrativeExpenses": 14020000000, "otherExpenses": -14373000000, "operatingExpenses": -86284000000, "costAndExpenses": 87037000000, "interestIncome": 0, "interestExpense": 753000000, "depreciationAndAmortization": 1127000000, "ebitda": 6195000000, "ebitdaratio": 0.0672601922, "operatingIncome": 5068000000, "operatingIncomeRatio": 0.0550241572, "totalOtherIncomeExpensesNet": -753000000, "incomeBeforeTax": 5068000000, "incomeBeforeTaxRatio": 0.0550241572, "incomeTaxExpense": 1318000000, "netIncome": 3750000000, "netIncomeRatio": 0.040714402, "eps": 14.75, "epsdiluted": 14.75, "weightedAverageShsOut": 254300000, "weightedAverageShsOutDil": 254300000, "link": "https://www.sec.gov/Archives/edgar/data/1156039/000115603919000004/0001156039-19-000004-index.htm", "finalLink": "https://www.sec.gov/Archives/edgar/data/1156039/000115603919000004/antm-2018123110kq42018.htm", "calculatedOtherExpenses": 73017000000, "calculatedOperatingExpenses": 87037000000, "calculatedNetInterest": -753000000, "calculatedOtherIncome": 753000000, "calculatedIncomeNonControlling": 0, "calculatedEbitda": 6195000000}, {"date": "2017-12-31", "symbol": "ELV", "reportedCurrency": "USD", "cik": "0001156039", "fillingDate": "2018-02-21", "acceptedDate": "2018-02-21 14:02:53", "calendarYear": "2017", "period": "FY", "revenue": 90039400000, "costOfRevenue": 0, "grossProfit": 90039400000, "grossProfitRatio": 1, "researchAndDevelopmentExpenses": 0, "generalAndAdministrativeExpenses": 11254100000, "sellingAndMarketingExpenses": 1395500000, "sellingGeneralAndAdministrativeExpenses": 12649600000, "otherExpenses": -12818000000, "operatingExpenses": 12649600000, "costAndExpenses": 86075600000, "interestIncome": 0, "interestExpense": 739000000, "depreciationAndAmortization": 890400000, "ebitda": 4854200000, "ebitdaratio": 0.0539119541, "operatingIncome": 3963800000, "operatingIncomeRatio": 0.04402295, "totalOtherIncomeExpensesNet": 33100000, "incomeBeforeTax": 3963800000, "incomeBeforeTaxRatio": 0.04402295, "incomeTaxExpense": 121000000, "netIncome": 3842800000, "netIncomeRatio": 0.0426790938, "eps": 15.01, "epsdiluted": 14.35, "weightedAverageShsOut": 256084913, "weightedAverageShsOutDil": 267800000, "link": "https://www.sec.gov/Archives/edgar/data/1156039/000115603918000003/0001156039-18-000003-index.htm", "finalLink": "https://www.sec.gov/Archives/edgar/data/1156039/000115603918000003/antm-2017123110kq42017.htm", "calculatedOtherExpenses": 73426000000, "calculatedOperatingExpenses": 86075600000, "calculatedNetInterest": -739000000, "calculatedOtherIncome": 739000000, "calculatedIncomeNonControlling": 0, "calculatedEbitda": 4854200000}, {"date": "2016-12-31", "symbol": "ELV", "reportedCurrency": "USD", "cik": "0001156039", "fillingDate": "2017-02-22", "acceptedDate": "2017-02-22 13:09:22", "calendarYear": "2016", "period": "FY", "revenue": 84863000000, "costOfRevenue": 0, "grossProfit": 84863000000, "grossProfitRatio": 1, "researchAndDevelopmentExpenses": 0, "generalAndAdministrativeExpenses": 11166400000, "sellingAndMarketingExpenses": 1391500000, "sellingGeneralAndAdministrativeExpenses": 12557900000, "otherExpenses": -12724900000, "operatingExpenses": 12557900000, "costAndExpenses": 80307600000, "interestIncome": 0, "interestExpense": 723000000, "depreciationAndAmortization": 911800000, "ebitda": 5467200000, "ebitdaratio": 0.0644238361, "operatingIncome": 4555400000, "operatingIncomeRatio": 0.0536794598, "totalOtherIncomeExpensesNet": 35100000, "incomeBeforeTax": 4555400000, "incomeBeforeTaxRatio": 0.0536794598, "incomeTaxExpense": 2085600000, "netIncome": 2469800000, "netIncomeRatio": 0.0291033784, "eps": 9.36, "epsdiluted": 9.21, "weightedAverageShsOut": 263747395, "weightedAverageShsOutDil": 268100000, "link": "https://www.sec.gov/Archives/edgar/data/1156039/000115603917000002/0001156039-17-000002-index.htm", "finalLink": "https://www.sec.gov/Archives/edgar/data/1156039/000115603917000002/antm-2016123110k.htm", "calculatedOtherExpenses": 67749700000, "calculatedOperatingExpenses": 80307600000, "calculatedNetInterest": -723000000, "calculatedOtherIncome": 723000000, "calculatedIncomeNonControlling": 0, "calculatedEbitda": 5467200000}, {"date": "2015-12-31", "symbol": "ELV", "reportedCurrency": "USD", "cik": "0001156039", "fillingDate": "2016-02-19", "acceptedDate": "2016-02-19 10:48:08", "calendarYear": "2015", "period": "FY", "revenue": 79156500000, "costOfRevenue": 0, "grossProfit": 79156500000, "grossProfitRatio": 1, "researchAndDevelopmentExpenses": 0, "generalAndAdministrativeExpenses": 11093700000, "sellingAndMarketingExpenses": 1441100000, "sellingGeneralAndAdministrativeExpenses": 12534800000, "otherExpenses": 0, "operatingExpenses": 12534800000, "costAndExpenses": 74525500000, "interestIncome": 0, "interestExpense": 653000000, "depreciationAndAmortization": 907900000, "ebitda": 5538900000, "ebitdaratio": 0.0699740388, "operatingIncome": 4631000000, "operatingIncomeRatio": 0.0585043553, "totalOtherIncomeExpensesNet": 43100000, "incomeBeforeTax": 4631000000, "incomeBeforeTaxRatio": 0.0585043553, "incomeTaxExpense": 2071000000, "netIncome": 2560000000, "netIncomeRatio": 0.0323409954, "eps": 9.8, "epsdiluted": 9.38, "weightedAverageShsOut": 261238188, "weightedAverageShsOutDil": 272900000, "link": "https://www.sec.gov/Archives/edgar/data/1156039/000115603916000018/0001156039-16-000018-index.htm", "finalLink": "https://www.sec.gov/Archives/edgar/data/1156039/000115603916000018/antm-2015123110kforq4.htm", "calculatedOtherExpenses": 61990700000, "calculatedOperatingExpenses": 74525500000, "calculatedNetInterest": -653000000, "calculatedOtherIncome": 653000000, "calculatedIncomeNonControlling": 0, "calculatedEbitda": 5538900000}, {"date": "2014-12-31", "symbol": "ELV", "reportedCurrency": "USD", "cik": "0001156039", "fillingDate": "2015-02-24", "acceptedDate": "2015-02-24 13:20:29", "calendarYear": "2014", "period": "FY", "revenue": 73874100000, "costOfRevenue": 0, "grossProfit": 73874100000, "grossProfitRatio": 1, "researchAndDevelopmentExpenses": 0, "generalAndAdministrativeExpenses": 10258300000, "sellingAndMarketingExpenses": 1490100000, "sellingGeneralAndAdministrativeExpenses": 11748400000, "otherExpenses": 0, "operatingExpenses": 11748400000, "costAndExpenses": 69506000000, "interestIncome": 0, "interestExpense": 600700000, "depreciationAndAmortization": 851000000, "ebitda": 5219100000, "ebitdaratio": 0.0706485764, "operatingIncome": 4368100000, "operatingIncomeRatio": 0.0591289775, "totalOtherIncomeExpensesNet": 41300000, "incomeBeforeTax": 4368100000, "incomeBeforeTaxRatio": 0.0591289775, "incomeTaxExpense": 1808000000, "netIncome": 2569700000, "netIncomeRatio": 0.0347848569, "eps": 9.58, "epsdiluted": 8.99, "weightedAverageShsOut": 268109932, "weightedAverageShsOutDil": 285900000, "link": "https://www.sec.gov/Archives/edgar/data/1156039/000115603915000003/0001156039-15-000003-index.htm", "finalLink": "https://www.sec.gov/Archives/edgar/data/1156039/000115603915000003/antm-20141231x10k.htm", "calculatedOtherExpenses": 57757600000, "calculatedOperatingExpenses": 69506000000, "calculatedNetInterest": -600700000, "calculatedOtherIncome": 600700000, "calculatedIncomeNonControlling": -9600000, "calculatedEbitda": 5219100000}, {"date": "2013-12-31", "symbol": "ELV", "reportedCurrency": "USD", "cik": "0001156039", "fillingDate": "2014-02-20", "acceptedDate": "2014-02-20 14:47:43", "calendarYear": "2013", "period": "FY", "revenue": 71023500000, "costOfRevenue": 0, "grossProfit": 71023500000, "grossProfitRatio": 1, "researchAndDevelopmentExpenses": 0, "generalAndAdministrativeExpenses": 8426000000, "sellingAndMarketingExpenses": 1526900000, "sellingGeneralAndAdministrativeExpenses": 9952900000, "otherExpenses": 0, "operatingExpenses": 9952900000, "costAndExpenses": 67183300000, "interestIncome": 0, "interestExpense": 602700000, "depreciationAndAmortization": 908800000, "ebitda": 4749000000, "ebitdaratio": 0.0668651925, "operatingIncome": 3840200000, "operatingIncomeRatio": 0.0540694277, "totalOtherIncomeExpensesNet": 40400000, "incomeBeforeTax": 3840200000, "incomeBeforeTaxRatio": 0.0540694277, "incomeTaxExpense": 1205900000, "netIncome": 2489700000, "netIncomeRatio": 0.0350545946, "eps": 8.49, "epsdiluted": 8.2, "weightedAverageShsOut": 293273830, "weightedAverageShsOutDil": 303800000, "link": "https://www.sec.gov/Archives/edgar/data/1156039/000115603914000003/0001156039-14-000003-index.htm", "finalLink": "https://www.sec.gov/Archives/edgar/data/1156039/000115603914000003/wlp-20131231x10k.htm", "calculatedOtherExpenses": 57230400000, "calculatedOperatingExpenses": 67183300000, "calculatedNetInterest": -602700000, "calculatedOtherIncome": 602700000, "calculatedIncomeNonControlling": 144600000, "calculatedEbitda": 4749000000}, {"date": "2012-12-31", "symbol": "ELV", "reportedCurrency": "USD", "cik": "0001156039", "fillingDate": "2013-02-22", "acceptedDate": "2013-02-22 13:56:49", "calendarYear": "2012", "period": "FY", "revenue": 61711700000, "costOfRevenue": 0, "grossProfit": 61711700000, "grossProfitRatio": 1, "researchAndDevelopmentExpenses": 0, "generalAndAdministrativeExpenses": 7151400000, "sellingAndMarketingExpenses": 1586900000, "sellingGeneralAndAdministrativeExpenses": 8738300000, "otherExpenses": 0, "operatingExpenses": 8738300000, "costAndExpenses": 57846200000, "interestIncome": 0, "interestExpense": 511800000, "depreciationAndAmortization": 740700000, "ebitda": 4606200000, "ebitdaratio": 0.0746406273, "operatingIncome": 3865500000, "operatingIncomeRatio": 0.0626380411, "totalOtherIncomeExpensesNet": 297700000, "incomeBeforeTax": 3865500000, "incomeBeforeTaxRatio": 0.0626380411, "incomeTaxExpense": 1210000000, "netIncome": 2655500000, "netIncomeRatio": 0.0430307381, "eps": 8.71, "epsdiluted": 8.18, "weightedAverageShsOut": 304715144, "weightedAverageShsOutDil": 324800000, "link": "https://www.sec.gov/Archives/edgar/data/1156039/000119312513071165/0001193125-13-071165-index.htm", "finalLink": "https://www.sec.gov/Archives/edgar/data/1156039/000119312513071165/d484484d10k.htm", "calculatedOtherExpenses": 49107900000, "calculatedOperatingExpenses": 57846200000, "calculatedNetInterest": -511800000, "calculatedOtherIncome": 511800000, "calculatedIncomeNonControlling": 0, "calculatedEbitda": 4606200000}, {"date": "2011-12-31", "symbol": "ELV", "reportedCurrency": "USD", "cik": "0001156039", "fillingDate": "2012-02-22", "acceptedDate": "2012-02-22 16:09:42", "calendarYear": "2011", "period": "FY", "revenue": 60710700000, "costOfRevenue": 0, "grossProfit": 60710700000, "grossProfitRatio": 1, "researchAndDevelopmentExpenses": 0, "generalAndAdministrativeExpenses": 6818800000, "sellingAndMarketingExpenses": 1616800000, "sellingGeneralAndAdministrativeExpenses": 8435600000, "otherExpenses": 0, "operatingExpenses": 8435600000, "costAndExpenses": 56752800000, "interestIncome": 0, "interestExpense": 430300000, "depreciationAndAmortization": 637200000, "ebitda": 4595100000, "ebitdaratio": 0.0756884701, "operatingIncome": 3957900000, "operatingIncomeRatio": 0.0651927914, "totalOtherIncomeExpensesNet": 3895600000, "incomeBeforeTax": 3957900000, "incomeBeforeTaxRatio": 0.0651927914, "incomeTaxExpense": 1311200000, "netIncome": 2646700000, "netIncomeRatio": 0.0435952806, "eps": 7.8, "epsdiluted": 7.25, "weightedAverageShsOut": 339372680, "weightedAverageShsOutDil": 365100000, "link": "https://www.sec.gov/Archives/edgar/data/1156039/000119312512072739/0001193125-12-072739-index.htm", "finalLink": "https://www.sec.gov/Archives/edgar/data/1156039/000119312512072739/d277395d10k.htm", "calculatedOtherExpenses": 48317200000, "calculatedOperatingExpenses": 56752800000, "calculatedNetInterest": -430300000, "calculatedOtherIncome": 430300000, "calculatedIncomeNonControlling": 0, "calculatedEbitda": 4595100000}, {"date": "2010-12-31", "symbol": "ELV", "reportedCurrency": "USD", "cik": "0001156039", "fillingDate": "2011-02-17", "acceptedDate": "2011-02-17 16:42:39", "calendarYear": "2010", "period": "FY", "revenue": 58801800000, "costOfRevenue": 0, "grossProfit": 58801800000, "grossProfitRatio": 1, "researchAndDevelopmentExpenses": 0, "generalAndAdministrativeExpenses": 7229100000, "sellingAndMarketingExpenses": 1610300000, "sellingGeneralAndAdministrativeExpenses": 8839400000, "otherExpenses": 0, "operatingExpenses": 8839400000, "costAndExpenses": 54448000000, "interestIncome": 0, "interestExpense": 418900000, "depreciationAndAmortization": 103100000, "ebitda": 4456900000, "ebitdaratio": 0.0757952988, "operatingIncome": 4353800000, "operatingIncomeRatio": 0.0740419511, "totalOtherIncomeExpensesNet": 3830800000, "incomeBeforeTax": 4353800000, "incomeBeforeTaxRatio": 0.0740419511, "incomeTaxExpense": 1466700000, "netIncome": 2887100000, "netIncomeRatio": 0.0490988371, "eps": 7.64, "epsdiluted": 6.94, "weightedAverageShsOut": 377736929, "weightedAverageShsOutDil": 415800000, "link": "https://www.sec.gov/Archives/edgar/data/1156039/000119312511039172/0001193125-11-039172-index.htm", "finalLink": "https://www.sec.gov/Archives/edgar/data/1156039/000119312511039172/d10k.htm", "calculatedOtherExpenses": 45608600000, "calculatedOperatingExpenses": 54448000000, "calculatedNetInterest": -418900000, "calculatedOtherIncome": 418900000, "calculatedIncomeNonControlling": 0, "calculatedEbitda": 4456900000}, {"date": "2009-12-31", "symbol": "ELV", "reportedCurrency": "USD", "cik": "0001156039", "fillingDate": "2010-02-18", "acceptedDate": "2010-02-18 15:30:26", "calendarYear": "2009", "period": "FY", "revenue": 65028100000, "costOfRevenue": 0, "grossProfit": 65028100000, "grossProfitRatio": 1, "researchAndDevelopmentExpenses": 0, "generalAndAdministrativeExpenses": 7973600000, "sellingAndMarketingExpenses": 1685500000, "sellingGeneralAndAdministrativeExpenses": 9659100000, "otherExpenses": 0, "operatingExpenses": 9659100000, "costAndExpenses": 57625100000, "interestIncome": 0, "interestExpense": 447400000, "depreciationAndAmortization": 107100000, "ebitda": 7510100000, "ebitdaratio": 0.1154900728, "operatingIncome": 7403000000, "operatingIncomeRatio": 0.1138430924, "totalOtherIncomeExpensesNet": 7788700000, "incomeBeforeTax": 7403000000, "incomeBeforeTaxRatio": 0.1138430924, "incomeTaxExpense": 2657100000, "netIncome": 4745900000, "netIncomeRatio": 0.0729822953, "eps": 10.55, "epsdiluted": 9.88, "weightedAverageShsOut": 483200000, "weightedAverageShsOutDil": 483200000, "link": "https://www.sec.gov/Archives/edgar/data/1156039/000119312510034180/0001193125-10-034180-index.htm", "finalLink": "https://www.sec.gov/Archives/edgar/data/1156039/000119312510034180/d10k.htm", "calculatedOtherExpenses": 47966000000, "calculatedOperatingExpenses": 57625100000, "calculatedNetInterest": -447400000, "calculatedOtherIncome": 447400000, "calculatedIncomeNonControlling": 0, "calculatedEbitda": 7510100000}, {"date": "2008-12-31", "symbol": "ELV", "reportedCurrency": "USD", "cik": "0001156039", "fillingDate": "2009-02-19", "acceptedDate": "2009-02-19 15:37:06", "calendarYear": "2008", "period": "FY", "revenue": 61251100000, "costOfRevenue": 0, "grossProfit": 61251100000, "grossProfitRatio": 1, "researchAndDevelopmentExpenses": 0, "generalAndAdministrativeExpenses": 7242100000, "sellingAndMarketingExpenses": 1778400000, "sellingGeneralAndAdministrativeExpenses": 9020500000, "otherExpenses": 0, "operatingExpenses": 9020500000, "costAndExpenses": 58128700000, "interestIncome": 0, "interestExpense": 469800000, "depreciationAndAmortization": 105400000, "ebitda": 3227800000, "ebitdaratio": 0.0526978291, "operatingIncome": 3122400000, "operatingIncomeRatio": 0.0509770437, "totalOtherIncomeExpensesNet": 4478200000, "incomeBeforeTax": 3122400000, "incomeBeforeTaxRatio": 0.0509770437, "incomeTaxExpense": 631700000, "netIncome": 2490700000, "netIncomeRatio": 0.0406637595, "eps": 5, "epsdiluted": 4.76, "weightedAverageShsOut": 524300000, "weightedAverageShsOutDil": 524300000, "link": "https://www.sec.gov/Archives/edgar/data/1156039/000119312509033022/0001193125-09-033022-index.htm", "finalLink": "https://www.sec.gov/Archives/edgar/data/1156039/000119312509033022/d10k.htm", "calculatedOtherExpenses": 49108200000, "calculatedOperatingExpenses": 58128700000, "calculatedNetInterest": -469800000, "calculatedOtherIncome": 469800000, "calculatedIncomeNonControlling": 0, "calculatedEbitda": 3227800000}, {"date": "2007-12-31", "symbol": "ELV", "reportedCurrency": "USD", "cik": "0001156039", "fillingDate": "2008-02-21", "acceptedDate": "2008-02-21 16:59:37", "calendarYear": "2007", "period": "FY", "revenue": 61134300000, "costOfRevenue": 0, "grossProfit": 61134300000, "grossProfitRatio": 1, "researchAndDevelopmentExpenses": 0, "generalAndAdministrativeExpenses": 6984700000, "sellingAndMarketingExpenses": 1716800000, "sellingGeneralAndAdministrativeExpenses": 8701500000, "otherExpenses": 0, "operatingExpenses": 8701500000, "costAndExpenses": 55876400000, "interestIncome": 0, "interestExpense": 447900000, "depreciationAndAmortization": 586200000, "ebitda": 5844100000, "ebitdaratio": 0.0955944535, "operatingIncome": 5257900000, "operatingIncomeRatio": 0.0860057284, "totalOtherIncomeExpensesNet": 5269300000, "incomeBeforeTax": 5257900000, "incomeBeforeTaxRatio": 0.0860057284, "incomeTaxExpense": 1912500000, "netIncome": 3345400000, "netIncomeRatio": 0.0547221445, "eps": 5.64, "epsdiluted": 5.56, "weightedAverageShsOut": 593400000, "weightedAverageShsOutDil": 602000000, "link": "https://www.sec.gov/Archives/edgar/data/1156039/000119312508035367/0001193125-08-035367-index.htm", "finalLink": "https://www.sec.gov/Archives/edgar/data/1156039/000119312508035367/d10k.htm", "calculatedOtherExpenses": 47174900000, "calculatedOperatingExpenses": 55876400000, "calculatedNetInterest": -447900000, "calculatedOtherIncome": 447900000, "calculatedIncomeNonControlling": 0, "calculatedEbitda": 5844100000}, {"date": "2006-12-31", "symbol": "ELV", "reportedCurrency": "USD", "cik": "0001156039", "fillingDate": "2007-02-26", "acceptedDate": "2007-02-26 17:15:01", "calendarYear": "2006", "period": "FY", "revenue": 56953000000, "costOfRevenue": 0, "grossProfit": 56953000000, "grossProfitRatio": 1, "researchAndDevelopmentExpenses": 0, "generalAndAdministrativeExpenses": 7163200000, "sellingAndMarketingExpenses": 1654500000, "sellingGeneralAndAdministrativeExpenses": 8817700000, "otherExpenses": 0, "operatingExpenses": 8817700000, "costAndExpenses": 52038600000, "interestIncome": 0, "interestExpense": 403500000, "depreciationAndAmortization": 604900000, "ebitda": 5519300000, "ebitdaratio": 0.0969097326, "operatingIncome": 4914400000, "operatingIncomeRatio": 0.0862886942, "totalOtherIncomeExpensesNet": 4981100000, "incomeBeforeTax": 4914400000, "incomeBeforeTaxRatio": 0.0862886942, "incomeTaxExpense": 1819500000, "netIncome": 3094900000, "netIncomeRatio": 0.054341299, "eps": 4.93, "epsdiluted": 4.82, "weightedAverageShsOut": 627768763, "weightedAverageShsOutDil": 642095436, "link": "https://www.sec.gov/Archives/edgar/data/1156039/000119312507039867/0001193125-07-039867-index.htm", "finalLink": "https://www.sec.gov/Archives/edgar/data/1156039/000119312507039867/d10k.htm", "calculatedOtherExpenses": 43220900000, "calculatedOperatingExpenses": 52038600000, "calculatedNetInterest": -403500000, "calculatedOtherIncome": 403500000, "calculatedIncomeNonControlling": 0, "calculatedEbitda": 5519300000}, {"date": "2005-12-31", "symbol": "ELV", "reportedCurrency": "USD", "cik": "0001156039", "fillingDate": "2006-02-23", "acceptedDate": "2006-02-23 16:12:36", "calendarYear": "2005", "period": "FY", "revenue": 45136000000, "costOfRevenue": 0, "grossProfit": 45136000000, "grossProfitRatio": 1, "researchAndDevelopmentExpenses": 0, "generalAndAdministrativeExpenses": 5798500000, "sellingAndMarketingExpenses": 1474200000, "sellingGeneralAndAdministrativeExpenses": 7272700000, "otherExpenses": 0, "operatingExpenses": 7272700000, "costAndExpenses": 41245700000, "interestIncome": 0, "interestExpense": 226200000, "depreciationAndAmortization": 633800000, "ebitda": 4524100000, "ebitdaratio": 0.1002326303, "operatingIncome": 3890300000, "operatingIncomeRatio": 0.0861906239, "totalOtherIncomeExpensesNet": 3919300000, "incomeBeforeTax": 3890300000, "incomeBeforeTaxRatio": 0.0861906239, "incomeTaxExpense": 1426500000, "netIncome": 2463800000, "netIncomeRatio": 0.0545861397, "eps": 4.03, "epsdiluted": 3.94, "weightedAverageShsOut": 611364764, "weightedAverageShsOutDil": 625329949, "link": "https://www.sec.gov/Archives/edgar/data/1156039/000119312506037706/0001193125-06-037706-index.htm", "finalLink": "https://www.sec.gov/Archives/edgar/data/1156039/000119312506037706/d10k.htm", "calculatedOtherExpenses": 33973000000, "calculatedOperatingExpenses": 41245700000, "calculatedNetInterest": -226200000, "calculatedOtherIncome": 226200000, "calculatedIncomeNonControlling": 0, "calculatedEbitda": 4524100000}, {"date": "2004-12-31", "symbol": "ELV", "reportedCurrency": "USD", "cik": "0001156039", "fillingDate": "2005-03-14", "acceptedDate": "2005-03-14 15:46:56", "calendarYear": "2004", "period": "FY", "revenue": 20815100000, "costOfRevenue": 0, "grossProfit": 20815100000, "grossProfitRatio": 1, "researchAndDevelopmentExpenses": 0, "generalAndAdministrativeExpenses": 2940500000, "sellingAndMarketingExpenses": 537200000, "sellingGeneralAndAdministrativeExpenses": 3477700000, "otherExpenses": 0, "operatingExpenses": 3477700000, "costAndExpenses": 19371800000, "interestIncome": 0, "interestExpense": 142300000, "depreciationAndAmortization": 279100000, "ebitda": 1722400000, "ebitdaratio": 0.0827476207, "operatingIncome": 1443300000, "operatingIncomeRatio": 0.0693390856, "totalOtherIncomeExpensesNet": 2043500000, "incomeBeforeTax": 1443300000, "incomeBeforeTaxRatio": 0.0693390856, "incomeTaxExpense": 483200000, "netIncome": 960100000, "netIncomeRatio": 0.0461251687, "eps": 3.15, "epsdiluted": 3.05, "weightedAverageShsOut": 276506239, "weightedAverageShsOutDil": 285672192, "link": "https://www.sec.gov/Archives/edgar/data/1156039/000119312505049418/0001193125-05-049418-index.htm", "finalLink": "https://www.sec.gov/Archives/edgar/data/1156039/000119312505049418/d10k.htm", "calculatedOtherExpenses": 15894100000, "calculatedOperatingExpenses": 19371800000, "calculatedNetInterest": -142300000, "calculatedOtherIncome": 142300000, "calculatedIncomeNonControlling": 0, "calculatedEbitda": 1722400000}, {"date": "2003-12-31", "symbol": "ELV", "reportedCurrency": "USD", "cik": "0001156039", "fillingDate": "2004-02-27", "acceptedDate": "2004-02-27 11:30:22", "calendarYear": "2003", "period": "FY", "revenue": 16771400000, "costOfRevenue": 0, "grossProfit": 16771400000, "grossProfitRatio": 1, "researchAndDevelopmentExpenses": 0, "generalAndAdministrativeExpenses": 3109600000, "sellingAndMarketingExpenses": 0, "sellingGeneralAndAdministrativeExpenses": 3109600000, "otherExpenses": 0, "operatingExpenses": 1180700000, "costAndExpenses": 15552300000, "interestIncome": 7300000, "interestExpense": 131200000, "depreciationAndAmortization": 245000000, "ebitda": 1464100000, "ebitdaratio": 0.087297423, "operatingIncome": 1219100000, "operatingIncomeRatio": 0.0726892209, "totalOtherIncomeExpensesNet": 1601200000, "incomeBeforeTax": 1219100000, "incomeBeforeTaxRatio": 0.0726892209, "incomeTaxExpense": 440100000, "netIncome": 774300000, "netIncomeRatio": 0.046167881, "eps": 2.8, "epsdiluted": 2.73, "weightedAverageShsOut": 276535714, "weightedAverageShsOutDil": 283626374, "link": "https://www.sec.gov/Archives/edgar/data/1156039/000119312504030877/0001193125-04-030877-index.htm", "finalLink": "https://www.sec.gov/Archives/edgar/data/1156039/000119312504030877/d10k.htm", "calculatedOtherExpenses": 12442700000, "calculatedOperatingExpenses": 15552300000, "calculatedNetInterest": -123900000, "calculatedOtherIncome": 123900000, "calculatedIncomeNonControlling": 4700000, "calculatedEbitda": 1464100000}, {"date": "2002-12-31", "symbol": "ELV", "reportedCurrency": "USD", "cik": "0001156039", "fillingDate": "2003-03-07", "acceptedDate": "2003-03-07 17:12:23", "calendarYear": "2002", "period": "FY", "revenue": 13282300000, "costOfRevenue": 0, "grossProfit": 13282300000, "grossProfitRatio": 1, "researchAndDevelopmentExpenses": 0, "generalAndAdministrativeExpenses": 2506600000, "sellingAndMarketingExpenses": 0, "sellingGeneralAndAdministrativeExpenses": 2506600000, "otherExpenses": 0, "operatingExpenses": 962200000, "costAndExpenses": 12474700000, "interestIncome": 0, "interestExpense": 98500000, "depreciationAndAmortization": 157000000, "ebitda": 964600000, "ebitdaratio": 0.0726229644, "operatingIncome": 807600000, "operatingIncomeRatio": 0.0608027224, "totalOtherIncomeExpensesNet": 1341300000, "incomeBeforeTax": 807600000, "incomeBeforeTaxRatio": 0.0608027224, "incomeTaxExpense": 255200000, "netIncome": 549100000, "netIncomeRatio": 0.0413407317, "eps": 2.31, "epsdiluted": 2.26, "weightedAverageShsOut": 237705628, "weightedAverageShsOutDil": 242964602, "link": "https://www.sec.gov/Archives/edgar/data/1156039/000095013103001203/0000950131-03-001203-index.htm", "finalLink": "https://www.sec.gov/Archives/edgar/data/1156039/000095013103001203/d10k.htm", "calculatedOtherExpenses": 9968100000, "calculatedOperatingExpenses": 12474700000, "calculatedNetInterest": -98500000, "calculatedOtherIncome": 98500000, "calculatedIncomeNonControlling": 3300000, "calculatedEbitda": 964600000}, {"date": "2001-12-31", "symbol": "ELV", "reportedCurrency": "USD", "cik": "0001156039", "fillingDate": "2002-03-25", "acceptedDate": "2002-03-25 00:00:00", "calendarYear": "2001", "period": "FY", "revenue": 10444700000, "costOfRevenue": 0, "grossProfit": 10444700000, "grossProfitRatio": 1, "researchAndDevelopmentExpenses": 0, "generalAndAdministrativeExpenses": 1986100000, "sellingAndMarketingExpenses": 0, "sellingGeneralAndAdministrativeExpenses": 1986100000, "otherExpenses": 0, "operatingExpenses": -9858900000, "costAndExpenses": 9920100000, "interestIncome": 0, "interestExpense": 60200000, "depreciationAndAmortization": 120500000, "ebitda": 645100000, "ebitdaratio": 0.0617633824, "operatingIncome": 524600000, "operatingIncomeRatio": 0.0502264306, "totalOtherIncomeExpensesNet": 1199900000, "incomeBeforeTax": 524600000, "incomeBeforeTaxRatio": 0.0502264306, "incomeTaxExpense": 183400000, "netIncome": 342200000, "netIncomeRatio": 0.0327630281, "eps": 1.66, "epsdiluted": 1.65, "weightedAverageShsOut": 206767372, "weightedAverageShsOutDil": 207393939, "link": "https://www.sec.gov/Archives/edgar/data/1156039/000095013102001063/0000950131-02-001063-index.htm", "finalLink": "https://www.sec.gov/Archives/edgar/data/1156039/000095013102001063/d10k405.txt", "calculatedOtherExpenses": 7934000000, "calculatedOperatingExpenses": 9920100000, "calculatedNetInterest": -60200000, "calculatedOtherIncome": 60200000, "calculatedIncomeNonControlling": -1000000, "calculatedEbitda": 645100000}, {"date": "2000-12-31", "symbol": "ELV", "reportedCurrency": "USD", "cik": "0001156039", "fillingDate": "2000-12-31", "acceptedDate": "2000-12-30 19:00:00", "calendarYear": "2000", "period": "FY", "revenue": 17314500000, "costOfRevenue": 0, "grossProfit": 17314500000, "grossProfitRatio": 1, "researchAndDevelopmentExpenses": 0, "generalAndAdministrativeExpenses": 0, "sellingAndMarketingExpenses": 0, "sellingGeneralAndAdministrativeExpenses": 0, "otherExpenses": 0, "operatingExpenses": -17088500000, "costAndExpenses": -17088500000, "interestIncome": 0, "interestExpense": 0, "depreciationAndAmortization": 0, "ebitda": 17314500000, "ebitdaratio": 1, "operatingIncome": 17314500000, "operatingIncomeRatio": 1, "totalOtherIncomeExpensesNet": 0, "incomeBeforeTax": 0, "incomeBeforeTaxRatio": 0, "incomeTaxExpense": -226000000, "netIncome": 226000000, "netIncomeRatio": 0.0130526437, "eps": 1.1, "epsdiluted": 1.1, "weightedAverageShsOut": 206176000, "weightedAverageShsOutDil": 206176000, "link": "", "finalLink": "", "calculatedOtherExpenses": 0, "calculatedOperatingExpenses": 0, "calculatedNetInterest": 0, "calculatedOtherIncome": -17314500000, "calculatedIncomeNonControlling": 0, "calculatedEbitda": 17314500000}, {"date": "1999-12-31", "symbol": "ELV", "reportedCurrency": "USD", "cik": "0001156039", "fillingDate": "1999-12-31", "acceptedDate": "1999-12-30 19:00:00", "calendarYear": "1999", "period": "FY", "revenue": 12350700000, "costOfRevenue": 0, "grossProfit": 12350700000, "grossProfitRatio": 1, "researchAndDevelopmentExpenses": 0, "generalAndAdministrativeExpenses": 0, "sellingAndMarketingExpenses": 0, "sellingGeneralAndAdministrativeExpenses": 0, "otherExpenses": 0, "operatingExpenses": -12305800000, "costAndExpenses": -12305800000, "interestIncome": 0, "interestExpense": 0, "depreciationAndAmortization": 0, "ebitda": 12350700000, "ebitdaratio": 1, "operatingIncome": 12350700000, "operatingIncomeRatio": 1, "totalOtherIncomeExpensesNet": 0, "incomeBeforeTax": 0, "incomeBeforeTaxRatio": 0, "incomeTaxExpense": -44900000, "netIncome": 44900000, "netIncomeRatio": 0.0036354215, "eps": 0.22, "epsdiluted": 0.22, "weightedAverageShsOut": 206176000, "weightedAverageShsOutDil": 206176000, "link": "", "finalLink": "", "calculatedOtherExpenses": 0, "calculatedOperatingExpenses": 0, "calculatedNetInterest": 0, "calculatedOtherIncome": -12350700000, "calculatedIncomeNonControlling": 0, "calculatedEbitda": 12350700000}, {"date": "1998-12-31", "symbol": "ELV", "reportedCurrency": "USD", "cik": "0001156039", "fillingDate": "1998-12-31", "acceptedDate": "1998-12-30 19:00:00", "calendarYear": "1998", "period": "FY", "revenue": 11072100000, "costOfRevenue": 0, "grossProfit": 11072100000, "grossProfitRatio": 1, "researchAndDevelopmentExpenses": 0, "generalAndAdministrativeExpenses": 0, "sellingAndMarketingExpenses": 0, "sellingGeneralAndAdministrativeExpenses": 0, "otherExpenses": 0, "operatingExpenses": -10899700000, "costAndExpenses": -10899700000, "interestIncome": 0, "interestExpense": 0, "depreciationAndAmortization": 0, "ebitda": 11072100000, "ebitdaratio": 1, "operatingIncome": 11072100000, "operatingIncomeRatio": 1, "totalOtherIncomeExpensesNet": 0, "incomeBeforeTax": 0, "incomeBeforeTaxRatio": 0, "incomeTaxExpense": -172400000, "netIncome": 172400000, "netIncomeRatio": 0.0155706686, "eps": 0.84, "epsdiluted": 0.84, "weightedAverageShsOut": 206176000, "weightedAverageShsOutDil": 206176000, "link": "", "finalLink": "", "calculatedOtherExpenses": 0, "calculatedOperatingExpenses": 0, "calculatedNetInterest": 0, "calculatedOtherIncome": -11072100000, "calculatedIncomeNonControlling": 0, "calculatedEbitda": 11072100000}]}