{"originalCurrency": "USD", "convertedCurrency": "USD", "report": [{"date": "2023-12-31", "symbol": "EME", "reportedCurrency": "USD", "cik": "0000105634", "fillingDate": "2024-02-28", "acceptedDate": "2024-02-28 07:33:04", "calendarYear": "2023", "period": "FY", "revenue": 12582873000, "costOfRevenue": 10493534000, "grossProfit": 2089339000, "grossProfitRatio": 0.1660462599, "researchAndDevelopmentExpenses": 0, "generalAndAdministrativeExpenses": 0, "sellingAndMarketingExpenses": 0, "sellingGeneralAndAdministrativeExpenses": 1211233000, "otherExpenses": -1119000, "operatingExpenses": 1211233000, "costAndExpenses": 11704767000, "interestIncome": 15415000, "interestExpense": 17199000, "depreciationAndAmortization": 118965000, "ebitda": 997071000, "ebitdaratio": 0.0792403293, "operatingIncome": 878106000, "operatingIncomeRatio": 0.0697858112, "totalOtherIncomeExpensesNet": -5253000, "incomeBeforeTax": 872853000, "incomeBeforeTaxRatio": 0.069368339, "incomeTaxExpense": 239524000, "netIncome": 632994000, "netIncomeRatio": 0.0503059993, "eps": 13.37, "epsdiluted": 13.31, "weightedAverageShsOut": 47358467, "weightedAverageShsOutDil": 47564258, "link": "https://www.sec.gov/Archives/edgar/data/105634/000010563424000006/0000105634-24-000006-index.htm", "finalLink": "https://www.sec.gov/Archives/edgar/data/105634/000010563424000006/eme-20231231.htm", "calculatedOtherExpenses": 0, "calculatedOperatingExpenses": 1211233000, "calculatedNetInterest": -1784000, "calculatedOtherIncome": -3469000, "calculatedIncomeNonControlling": 335000, "calculatedEbitda": 997071000}, {"date": "2022-12-31", "symbol": "EME", "reportedCurrency": "USD", "cik": "0000105634", "fillingDate": "2023-02-23", "acceptedDate": "2023-02-23 07:33:54", "calendarYear": "2022", "period": "FY", "revenue": 11076120000, "costOfRevenue": 9472526000, "grossProfit": 1603594000, "grossProfitRatio": 0.1447793993, "researchAndDevelopmentExpenses": 0, "generalAndAdministrativeExpenses": 0, "sellingAndMarketingExpenses": 0, "sellingGeneralAndAdministrativeExpenses": 1038717000, "otherExpenses": 4311000, "operatingExpenses": 1038717000, "costAndExpenses": 10511243000, "interestIncome": 2761000, "interestExpense": 10438000, "depreciationAndAmortization": 112922000, "ebitda": 677799000, "ebitdaratio": 0.0611946241, "operatingIncome": 564877000, "operatingIncomeRatio": 0.0509995377, "totalOtherIncomeExpensesNet": -6127000, "incomeBeforeTax": 558750000, "incomeBeforeTaxRatio": 0.0504463657, "incomeTaxExpense": 152628000, "netIncome": 406122000, "netIncomeRatio": 0.03666645, "eps": 8.13, "epsdiluted": 8.1, "weightedAverageShsOut": 49931940, "weightedAverageShsOutDil": 50136262, "link": "https://www.sec.gov/Archives/edgar/data/105634/000010563423000005/0000105634-23-000005-index.htm", "finalLink": "https://www.sec.gov/Archives/edgar/data/105634/000010563423000005/eme-20221231.htm", "calculatedOtherExpenses": 0, "calculatedOperatingExpenses": 1038717000, "calculatedNetInterest": -7677000, "calculatedOtherIncome": 1550000, "calculatedIncomeNonControlling": 0, "calculatedEbitda": 677799000}, {"date": "2021-12-31", "symbol": "EME", "reportedCurrency": "USD", "cik": "0000105634", "fillingDate": "2022-02-24", "acceptedDate": "2022-02-24 07:33:33", "calendarYear": "2021", "period": "FY", "revenue": 9903580000, "costOfRevenue": 8401843000, "grossProfit": 1501737000, "grossProfitRatio": 0.1516357721, "researchAndDevelopmentExpenses": 0, "generalAndAdministrativeExpenses": 0, "sellingAndMarketingExpenses": 0, "sellingGeneralAndAdministrativeExpenses": 970937000, "otherExpenses": 3625000, "operatingExpenses": 970937000, "costAndExpenses": 9372780000, "interestIncome": 949000, "interestExpense": 5122000, "depreciationAndAmortization": 116061000, "ebitda": 646861000, "ebitdaratio": 0.0653158757, "operatingIncome": 530800000, "operatingIncomeRatio": 0.0535967802, "totalOtherIncomeExpensesNet": -1497000, "incomeBeforeTax": 529303000, "incomeBeforeTaxRatio": 0.0534456227, "incomeTaxExpense": 145602000, "netIncome": 383532000, "netIncomeRatio": 0.0387266019, "eps": 7.09, "epsdiluted": 7.06, "weightedAverageShsOut": 54068982, "weightedAverageShsOutDil": 54347534, "link": "https://www.sec.gov/Archives/edgar/data/105634/000010563422000006/0000105634-22-000006-index.htm", "finalLink": "https://www.sec.gov/Archives/edgar/data/105634/000010563422000006/eme-20211231.htm", "calculatedOtherExpenses": 0, "calculatedOperatingExpenses": 970937000, "calculatedNetInterest": -4173000, "calculatedOtherIncome": 2676000, "calculatedIncomeNonControlling": 169000, "calculatedEbitda": 646861000}, {"date": "2020-12-31", "symbol": "EME", "reportedCurrency": "USD", "cik": "0000105634", "fillingDate": "2021-02-25", "acceptedDate": "2021-02-25 07:33:36", "calendarYear": "2020", "period": "FY", "revenue": 8797061000, "costOfRevenue": 7401679000, "grossProfit": 1395382000, "grossProfitRatio": 0.1586191115, "researchAndDevelopmentExpenses": 0, "generalAndAdministrativeExpenses": 0, "sellingAndMarketingExpenses": 0, "sellingGeneralAndAdministrativeExpenses": 903584000, "otherExpenses": 2980000, "operatingExpenses": 903584000, "costAndExpenses": 8305263000, "interestIncome": 1521000, "interestExpense": 7488000, "depreciationAndAmortization": 106671000, "ebitda": 601449000, "ebitdaratio": 0.0683693111, "operatingIncome": 494778000, "operatingIncomeRatio": 0.0562435568, "totalOtherIncomeExpensesNet": -242452000, "incomeBeforeTax": 252326000, "incomeBeforeTaxRatio": 0.0286829886, "incomeTaxExpense": 119383000, "netIncome": 132943000, "netIncomeRatio": 0.0151122062, "eps": 2.41, "epsdiluted": 2.4, "weightedAverageShsOut": 55196173, "weightedAverageShsOutDil": 55421271, "link": "https://www.sec.gov/Archives/edgar/data/105634/000010563421000044/0000105634-21-000044-index.htm", "finalLink": "https://www.sec.gov/Archives/edgar/data/105634/000010563421000044/eme-20201231.htm", "calculatedOtherExpenses": -2980000, "calculatedOperatingExpenses": 900604000, "calculatedNetInterest": -5967000, "calculatedOtherIncome": -236485000, "calculatedIncomeNonControlling": 0, "calculatedEbitda": 601449000}, {"date": "2019-12-31", "symbol": "EME", "reportedCurrency": "USD", "cik": "0000105634", "fillingDate": "2020-02-27", "acceptedDate": "2020-02-27 07:34:50", "calendarYear": "2019", "period": "FY", "revenue": 9174611000, "costOfRevenue": 7818743000, "grossProfit": 1355868000, "grossProfitRatio": 0.1477847944, "researchAndDevelopmentExpenses": 0, "generalAndAdministrativeExpenses": 0, "sellingAndMarketingExpenses": 0, "sellingGeneralAndAdministrativeExpenses": 893453000, "otherExpenses": 1553000, "operatingExpenses": 893453000, "costAndExpenses": 8712196000, "interestIncome": 2265000, "interestExpense": 11556000, "depreciationAndAmortization": 95163000, "ebitda": 556055000, "ebitdaratio": 0.0606080192, "operatingIncome": 460892000, "operatingIncomeRatio": 0.0502355904, "totalOtherIncomeExpensesNet": -10003000, "incomeBeforeTax": 450889000, "incomeBeforeTaxRatio": 0.0491452989, "incomeTaxExpense": 125749000, "netIncome": 325140000, "netIncomeRatio": 0.0354391047, "eps": 5.78, "epsdiluted": 5.75, "weightedAverageShsOut": 56208280, "weightedAverageShsOutDil": 56519281, "link": "https://www.sec.gov/Archives/edgar/data/105634/000010563420000043/0000105634-20-000043-index.htm", "finalLink": "https://www.sec.gov/Archives/edgar/data/105634/000010563420000043/eme-20191231x10k.htm", "calculatedOtherExpenses": 1523000, "calculatedOperatingExpenses": 894976000, "calculatedNetInterest": -9291000, "calculatedOtherIncome": -712000, "calculatedIncomeNonControlling": 0, "calculatedEbitda": 556055000}, {"date": "2018-12-31", "symbol": "EME", "reportedCurrency": "USD", "cik": "0000105634", "fillingDate": "2019-02-21", "acceptedDate": "2019-02-21 07:35:40", "calendarYear": "2018", "period": "FY", "revenue": 8130631000, "costOfRevenue": 6925178000, "grossProfit": 1205453000, "grossProfitRatio": 0.1482606946, "researchAndDevelopmentExpenses": 0, "generalAndAdministrativeExpenses": 799157000, "sellingAndMarketingExpenses": 0, "sellingGeneralAndAdministrativeExpenses": 799157000, "otherExpenses": 2743000, "operatingExpenses": 799157000, "costAndExpenses": 7724335000, "interestIncome": 2746000, "interestExpense": 10798000, "depreciationAndAmortization": 80915000, "ebitda": 489954000, "ebitdaratio": 0.0602602676, "operatingIncome": 403083000, "operatingIncomeRatio": 0.049575857, "totalOtherIncomeExpensesNet": -470000, "incomeBeforeTax": 395028000, "incomeBeforeTaxRatio": 0.048585159, "incomeTaxExpense": 109106000, "netIncome": 283531000, "netIncomeRatio": 0.0348719552, "eps": 4.88, "epsdiluted": 4.85, "weightedAverageShsOut": 58112838, "weightedAverageShsOutDil": 58443467, "link": "https://www.sec.gov/Archives/edgar/data/105634/000010563419000044/0000105634-19-000044-index.htm", "finalLink": "https://www.sec.gov/Archives/edgar/data/105634/000010563419000044/eme-20181231x10k.htm", "calculatedOtherExpenses": 3213000, "calculatedOperatingExpenses": 802370000, "calculatedNetInterest": -8052000, "calculatedOtherIncome": -3000, "calculatedIncomeNonControlling": 2391000, "calculatedEbitda": 483998000}, {"date": "2017-12-31", "symbol": "EME", "reportedCurrency": "USD", "cik": "0000105634", "fillingDate": "2018-02-22", "acceptedDate": "2018-02-22 07:34:51", "calendarYear": "2017", "period": "FY", "revenue": 7686999000, "costOfRevenue": 6539987000, "grossProfit": 1147012000, "grossProfitRatio": 0.1492145374, "researchAndDevelopmentExpenses": 0, "generalAndAdministrativeExpenses": 0, "sellingAndMarketingExpenses": 0, "sellingGeneralAndAdministrativeExpenses": 757062000, "otherExpenses": 0, "operatingExpenses": 757062000, "costAndExpenses": 7297049000, "interestIncome": 965000, "interestExpense": 12770000, "depreciationAndAmortization": 88509000, "ebitda": 479424000, "ebitdaratio": 0.0623681621, "operatingIncome": 330554000, "operatingIncomeRatio": 0.0430016968, "totalOtherIncomeExpensesNet": -59396000, "incomeBeforeTax": 318749000, "incomeBeforeTaxRatio": 0.0414659869, "incomeTaxExpense": 90699000, "netIncome": 227196000, "netIncomeRatio": 0.0295558774, "eps": 3.84, "epsdiluted": 3.82, "weightedAverageShsOut": 59254256, "weightedAverageShsOutDil": 59618969, "link": "https://www.sec.gov/Archives/edgar/data/105634/000010563418000045/0000105634-18-000045-index.htm", "finalLink": "https://www.sec.gov/Archives/edgar/data/105634/000010563418000045/eme-20171231x10k.htm", "calculatedOtherExpenses": 59396000, "calculatedOperatingExpenses": 816458000, "calculatedNetInterest": -11805000, "calculatedOtherIncome": 0, "calculatedIncomeNonControlling": 854000, "calculatedEbitda": 419063000}, {"date": "2016-12-31", "symbol": "EME", "reportedCurrency": "USD", "cik": "0000105634", "fillingDate": "2017-02-23", "acceptedDate": "2017-02-23 07:34:32", "calendarYear": "2016", "period": "FY", "revenue": 7551524000, "costOfRevenue": 6513662000, "grossProfit": 1037862000, "grossProfitRatio": 0.1374374232, "researchAndDevelopmentExpenses": 0, "generalAndAdministrativeExpenses": 0, "sellingAndMarketingExpenses": 0, "sellingGeneralAndAdministrativeExpenses": 725538000, "otherExpenses": 0, "operatingExpenses": 725538000, "costAndExpenses": 7239200000, "interestIncome": 663000, "interestExpense": 12627000, "depreciationAndAmortization": 79789000, "ebitda": 392776000, "ebitdaratio": 0.0520128122, "operatingIncome": 308458000, "operatingIncomeRatio": 0.0408471191, "totalOtherIncomeExpensesNet": -3866000, "incomeBeforeTax": 296494000, "incomeBeforeTaxRatio": 0.0392628031, "incomeTaxExpense": 111199000, "netIncome": 181935000, "netIncomeRatio": 0.0240924878, "eps": 3, "epsdiluted": 2.97, "weightedAverageShsOut": 60769808, "weightedAverageShsOutDil": 61206792, "link": "https://www.sec.gov/Archives/edgar/data/105634/000010563417000043/0000105634-17-000043-index.htm", "finalLink": "https://www.sec.gov/Archives/edgar/data/105634/000010563417000043/eme-20161231x10k.htm", "calculatedOtherExpenses": 3866000, "calculatedOperatingExpenses": 729404000, "calculatedNetInterest": -11964000, "calculatedOtherIncome": 0, "calculatedIncomeNonControlling": 3360000, "calculatedEbitda": 388247000}, {"date": "2015-12-31", "symbol": "EME", "reportedCurrency": "USD", "cik": "0000105634", "fillingDate": "2016-02-25", "acceptedDate": "2016-02-25 07:35:10", "calendarYear": "2015", "period": "FY", "revenue": 6718726000, "costOfRevenue": 5774247000, "grossProfit": 944479000, "grossProfitRatio": 0.1405741207, "researchAndDevelopmentExpenses": 0, "generalAndAdministrativeExpenses": 0, "sellingAndMarketingExpenses": 0, "sellingGeneralAndAdministrativeExpenses": 656573000, "otherExpenses": 0, "operatingExpenses": 656573000, "costAndExpenses": 6430820000, "interestIncome": 673000, "interestExpense": 8932000, "depreciationAndAmortization": 74189000, "ebitda": 362768000, "ebitdaratio": 0.0539935696, "operatingIncome": 287082000, "operatingIncomeRatio": 0.0427286364, "totalOtherIncomeExpensesNet": -824000, "incomeBeforeTax": 278823000, "incomeBeforeTaxRatio": 0.0414993854, "incomeTaxExpense": 106256000, "netIncome": 172286000, "netIncomeRatio": 0.025642659, "eps": 2.74, "epsdiluted": 2.72, "weightedAverageShsOut": 62789120, "weightedAverageShsOutDil": 63307512, "link": "https://www.sec.gov/Archives/edgar/data/105634/000010563416000297/0000105634-16-000297-index.htm", "finalLink": "https://www.sec.gov/Archives/edgar/data/105634/000010563416000297/eme-20151231x10k.htm", "calculatedOtherExpenses": 824000, "calculatedOperatingExpenses": 657397000, "calculatedNetInterest": -8259000, "calculatedOtherIncome": 0, "calculatedIncomeNonControlling": 281000, "calculatedEbitda": 361271000}, {"date": "2014-12-31", "symbol": "EME", "reportedCurrency": "USD", "cik": "0000105634", "fillingDate": "2015-02-26", "acceptedDate": "2015-02-26 07:34:23", "calendarYear": "2014", "period": "FY", "revenue": 6424965000, "costOfRevenue": 5517719000, "grossProfit": 907246000, "grossProfitRatio": 0.1412063723, "researchAndDevelopmentExpenses": 0, "generalAndAdministrativeExpenses": 0, "sellingAndMarketingExpenses": 0, "sellingGeneralAndAdministrativeExpenses": 626478000, "otherExpenses": 0, "operatingExpenses": 626478000, "costAndExpenses": 6144197000, "interestIncome": 842000, "interestExpense": 9075000, "depreciationAndAmortization": 74490000, "ebitda": 356100000, "ebitdaratio": 0.0554244264, "operatingIncome": 289878000, "operatingIncomeRatio": 0.0451174442, "totalOtherIncomeExpensesNet": 9110000, "incomeBeforeTax": 281645000, "incomeBeforeTaxRatio": 0.0438360365, "incomeTaxExpense": 103528000, "netIncome": 168664000, "netIncomeRatio": 0.0262513492, "eps": 2.54, "epsdiluted": 2.52, "weightedAverageShsOut": 66331886, "weightedAverageShsOutDil": 67062509, "link": "https://www.sec.gov/Archives/edgar/data/105634/000010563415000041/0000105634-15-000041-index.htm", "finalLink": "https://www.sec.gov/Archives/edgar/data/105634/000010563415000041/eme-20141231x10k.htm", "calculatedOtherExpenses": -9110000, "calculatedOperatingExpenses": 617368000, "calculatedNetInterest": -8233000, "calculatedOtherIncome": 0, "calculatedIncomeNonControlling": 9453000, "calculatedEbitda": 364368000}, {"date": "2013-12-31", "symbol": "EME", "reportedCurrency": "USD", "cik": "0000105634", "fillingDate": "2014-02-25", "acceptedDate": "2014-02-25 07:34:33", "calendarYear": "2013", "period": "FY", "revenue": 6417158000, "costOfRevenue": 5604100000, "grossProfit": 813058000, "grossProfitRatio": 0.126700636, "researchAndDevelopmentExpenses": 0, "generalAndAdministrativeExpenses": 0, "sellingAndMarketingExpenses": 0, "sellingGeneralAndAdministrativeExpenses": 591063000, "otherExpenses": 0, "operatingExpenses": 591063000, "costAndExpenses": 6195163000, "interestIncome": 1128000, "interestExpense": 8769000, "depreciationAndAmortization": 67338000, "ebitda": 290461000, "ebitdaratio": 0.0452631835, "operatingIncome": 210292000, "operatingIncomeRatio": 0.03277027, "totalOtherIncomeExpensesNet": -11703000, "incomeBeforeTax": 202651000, "incomeBeforeTaxRatio": 0.0315795559, "incomeTaxExpense": 75297000, "netIncome": 123792000, "netIncomeRatio": 0.0192907826, "eps": 1.85, "epsdiluted": 1.82, "weightedAverageShsOut": 67086299, "weightedAverageShsOutDil": 68076841, "link": "https://www.sec.gov/Archives/edgar/data/105634/000010563414000042/0000105634-14-000042-index.htm", "finalLink": "https://www.sec.gov/Archives/edgar/data/105634/000010563414000042/eme-20131231x10k.htm", "calculatedOtherExpenses": 11703000, "calculatedOperatingExpenses": 602766000, "calculatedNetInterest": -7641000, "calculatedOtherIncome": 0, "calculatedIncomeNonControlling": 3562000, "calculatedEbitda": 277630000}, {"date": "2012-12-31", "symbol": "EME", "reportedCurrency": "USD", "cik": "0000105634", "fillingDate": "2013-02-26", "acceptedDate": "2013-02-26 07:34:32", "calendarYear": "2012", "period": "FY", "revenue": 6346679000, "costOfRevenue": 5540325000, "grossProfit": 806354000, "grossProfitRatio": 0.1270513287, "researchAndDevelopmentExpenses": 0, "generalAndAdministrativeExpenses": 0, "sellingAndMarketingExpenses": 0, "sellingGeneralAndAdministrativeExpenses": 556242000, "otherExpenses": 0, "operatingExpenses": 556242000, "costAndExpenses": 6096567000, "interestIncome": 1556000, "interestExpense": 7275000, "depreciationAndAmortization": 60966000, "ebitda": 312634000, "ebitdaratio": 0.0492594631, "operatingIncome": 249967000, "operatingIncomeRatio": 0.0393854802, "totalOtherIncomeExpensesNet": -145000, "incomeBeforeTax": 244248000, "incomeBeforeTaxRatio": 0.038484379, "incomeTaxExpense": 95362000, "netIncome": 146584000, "netIncomeRatio": 0.0230961736, "eps": 2.2, "epsdiluted": 2.16, "weightedAverageShsOut": 66701869, "weightedAverageShsOutDil": 67738418, "link": "https://www.sec.gov/Archives/edgar/data/105634/000010563413000042/0000105634-13-000042-index.htm", "finalLink": "https://www.sec.gov/Archives/edgar/data/105634/000010563413000042/eme-20121231x10k.htm", "calculatedOtherExpenses": 145000, "calculatedOperatingExpenses": 556387000, "calculatedNetInterest": -5719000, "calculatedOtherIncome": 0, "calculatedIncomeNonControlling": 2302000, "calculatedEbitda": 310933000}, {"date": "2011-12-31", "symbol": "EME", "reportedCurrency": "USD", "cik": "0000105634", "fillingDate": "2012-02-27", "acceptedDate": "2012-02-27 07:16:46", "calendarYear": "2011", "period": "FY", "revenue": 5613459000, "costOfRevenue": 4879510000, "grossProfit": 733949000, "grossProfitRatio": 0.1307480824, "researchAndDevelopmentExpenses": 0, "generalAndAdministrativeExpenses": 0, "sellingAndMarketingExpenses": 0, "sellingGeneralAndAdministrativeExpenses": 518121000, "otherExpenses": 0, "operatingExpenses": 518121000, "costAndExpenses": 5397631000, "interestIncome": 1820000, "interestExpense": 9441000, "depreciationAndAmortization": 53776000, "ebitda": 269604000, "ebitdaratio": 0.0480281409, "operatingIncome": 210793000, "operatingIncomeRatio": 0.0375513565, "totalOtherIncomeExpensesNet": -5035000, "incomeBeforeTax": 201352000, "incomeBeforeTaxRatio": 0.0358695058, "incomeTaxExpense": 76764000, "netIncome": 130826000, "netIncomeRatio": 0.0233057728, "eps": 1.96, "epsdiluted": 1.91, "weightedAverageShsOut": 66780093, "weightedAverageShsOutDil": 68375502, "link": "https://www.sec.gov/Archives/edgar/data/105634/000119312512079814/0001193125-12-079814-index.htm", "finalLink": "https://www.sec.gov/Archives/edgar/data/105634/000119312512079814/d257683d10k.htm", "calculatedOtherExpenses": 5035000, "calculatedOperatingExpenses": 523156000, "calculatedNetInterest": -7621000, "calculatedOtherIncome": -1820000, "calculatedIncomeNonControlling": -6238000, "calculatedEbitda": 264569000}, {"date": "2010-12-31", "symbol": "EME", "reportedCurrency": "USD", "cik": "0000105634", "fillingDate": "2011-02-25", "acceptedDate": "2011-02-25 06:13:13", "calendarYear": "2010", "period": "FY", "revenue": 5121285000, "costOfRevenue": 4401741000, "grossProfit": 719544000, "grossProfitRatio": 0.1405006751, "researchAndDevelopmentExpenses": 0, "generalAndAdministrativeExpenses": 0, "sellingAndMarketingExpenses": 0, "sellingGeneralAndAdministrativeExpenses": 497808000, "otherExpenses": 0, "operatingExpenses": 497808000, "costAndExpenses": 4899549000, "interestIncome": 2701000, "interestExpense": 12204000, "depreciationAndAmortization": 41915000, "ebitda": 274252000, "ebitdaratio": 0.0535514036, "operatingIncome": -28686000, "operatingIncomeRatio": -0.0056013286, "totalOtherIncomeExpensesNet": -242522000, "incomeBeforeTax": -30289000, "incomeBeforeTaxRatio": -0.005914336, "incomeTaxExpense": 52395000, "netIncome": -86691000, "netIncomeRatio": -0.0169275875, "eps": -1.31, "epsdiluted": -1.31, "weightedAverageShsOut": 66393782, "weightedAverageShsOutDil": 66393782, "link": "https://www.sec.gov/Archives/edgar/data/105634/000095012311018213/0000950123-11-018213-index.htm", "finalLink": "https://www.sec.gov/Archives/edgar/data/105634/000095012311018213/y88228e10vk.htm", "calculatedOtherExpenses": 250422000, "calculatedOperatingExpenses": 748230000, "calculatedNetInterest": -9503000, "calculatedOtherIncome": 7900000, "calculatedIncomeNonControlling": 4007000, "calculatedEbitda": 13229000}, {"date": "2009-12-31", "symbol": "EME", "reportedCurrency": "USD", "cik": "0000105634", "fillingDate": "2010-02-25", "acceptedDate": "2010-02-25 07:35:37", "calendarYear": "2009", "period": "FY", "revenue": 5547942000, "costOfRevenue": 4723042000, "grossProfit": 824900000, "grossProfitRatio": 0.1486857649, "researchAndDevelopmentExpenses": 0, "generalAndAdministrativeExpenses": 0, "sellingAndMarketingExpenses": 0, "sellingGeneralAndAdministrativeExpenses": 556475000, "otherExpenses": 0, "operatingExpenses": 556475000, "costAndExpenses": 5279517000, "interestIncome": 4735000, "interestExpense": 7890000, "depreciationAndAmortization": 45745000, "ebitda": 318905000, "ebitdaratio": 0.0574816752, "operatingIncome": 262425000, "operatingIncomeRatio": 0.0473013236, "totalOtherIncomeExpensesNet": -6000000, "incomeBeforeTax": 259270000, "incomeBeforeTaxRatio": 0.0467326443, "incomeTaxExpense": 96193000, "netIncome": 160756000, "netIncomeRatio": 0.0289757896, "eps": 2.44, "epsdiluted": 2.38, "weightedAverageShsOut": 65910793, "weightedAverageShsOutDil": 67445285, "link": "https://www.sec.gov/Archives/edgar/data/105634/000093041310000960/0000930413-10-000960-index.htm", "finalLink": "https://www.sec.gov/Archives/edgar/data/105634/000093041310000960/c60392_10k.htm", "calculatedOtherExpenses": 6000000, "calculatedOperatingExpenses": 562475000, "calculatedNetInterest": -3155000, "calculatedOtherIncome": 0, "calculatedIncomeNonControlling": 2321000, "calculatedEbitda": 308170000}, {"date": "2008-12-31", "symbol": "EME", "reportedCurrency": "USD", "cik": "0000105634", "fillingDate": "2009-02-26", "acceptedDate": "2009-02-26 07:31:20", "calendarYear": "2008", "period": "FY", "revenue": 6785242000, "costOfRevenue": 5898591000, "grossProfit": 886651000, "grossProfitRatio": 0.1306734528, "researchAndDevelopmentExpenses": 0, "generalAndAdministrativeExpenses": 0, "sellingAndMarketingExpenses": 0, "sellingGeneralAndAdministrativeExpenses": 582317000, "otherExpenses": 0, "operatingExpenses": 580463000, "costAndExpenses": 6479054000, "interestIncome": 9910000, "interestExpense": 11764000, "depreciationAndAmortization": 48517000, "ebitda": 307945000, "ebitdaratio": 0.0453845272, "operatingIncome": 302577000, "operatingIncomeRatio": 0.0445933984, "totalOtherIncomeExpensesNet": -1757000, "incomeBeforeTax": 298792000, "incomeBeforeTaxRatio": 0.0440355701, "incomeTaxExpense": 116588000, "netIncome": 182204000, "netIncomeRatio": 0.0268529848, "eps": 2.79, "epsdiluted": 2.71, "weightedAverageShsOut": 65373483, "weightedAverageShsOutDil": 67117261, "link": "https://www.sec.gov/Archives/edgar/data/105634/000093041309001016/0000930413-09-001016-index.htm", "finalLink": "https://www.sec.gov/Archives/edgar/data/105634/000093041309001016/c56715_10k.txt", "calculatedOtherExpenses": 1757000, "calculatedOperatingExpenses": 584074000, "calculatedNetInterest": -1854000, "calculatedOtherIncome": -1931000, "calculatedIncomeNonControlling": 0, "calculatedEbitda": 351094000}, {"date": "2007-12-31", "symbol": "EME", "reportedCurrency": "USD", "cik": "0000105634", "fillingDate": "2008-02-21", "acceptedDate": "2008-02-21 07:35:41", "calendarYear": "2007", "period": "FY", "revenue": 5927152000, "costOfRevenue": 5224330000, "grossProfit": 702822000, "grossProfitRatio": 0.118576679, "researchAndDevelopmentExpenses": 0, "generalAndAdministrativeExpenses": 0, "sellingAndMarketingExpenses": 0, "sellingGeneralAndAdministrativeExpenses": 502654000, "otherExpenses": 0, "operatingExpenses": 602654000, "costAndExpenses": 5826984000, "interestIncome": 13215000, "interestExpense": 9240000, "depreciationAndAmortization": 37671000, "ebitda": 138182000, "ebitdaratio": 0.023313389, "operatingIncome": 99825000, "operatingIncomeRatio": 0.0168419841, "totalOtherIncomeExpensesNet": -343000, "incomeBeforeTax": 201749000, "incomeBeforeTaxRatio": 0.0340381013, "incomeTaxExpense": 77706000, "netIncome": 126808000, "netIncomeRatio": 0.0213944235, "eps": 1.97, "epsdiluted": 1.9, "weightedAverageShsOut": 64431471, "weightedAverageShsOutDil": 66731936, "link": "https://www.sec.gov/Archives/edgar/data/105634/000093041308001130/0000930413-08-001130-index.htm", "finalLink": "https://www.sec.gov/Archives/edgar/data/105634/000093041308001130/c51317_10-k.txt", "calculatedOtherExpenses": 100343000, "calculatedOperatingExpenses": 602997000, "calculatedNetInterest": 3975000, "calculatedOtherIncome": 97949000, "calculatedIncomeNonControlling": -2765000, "calculatedEbitda": 137496000}, {"date": "2006-12-31", "symbol": "EME", "reportedCurrency": "USD", "cik": "0000105634", "fillingDate": "2007-02-22", "acceptedDate": "2007-02-22 08:15:20", "calendarYear": "2006", "period": "FY", "revenue": 5021036000, "costOfRevenue": 4453359000, "grossProfit": 567677000, "grossProfitRatio": 0.1130597351, "researchAndDevelopmentExpenses": 0, "generalAndAdministrativeExpenses": 0, "sellingAndMarketingExpenses": 0, "sellingGeneralAndAdministrativeExpenses": 448011000, "otherExpenses": 0, "operatingExpenses": 448011000, "costAndExpenses": 4901370000, "interestIncome": 6235000, "interestExpense": 2340000, "depreciationAndAmortization": 21310000, "ebitda": 142598000, "ebitdaratio": 0.028400115, "operatingIncome": 118044000, "operatingIncomeRatio": 0.0235098892, "totalOtherIncomeExpensesNet": -1622000, "incomeBeforeTax": 117738000, "incomeBeforeTaxRatio": 0.0234489456, "incomeTaxExpense": 30484000, "netIncome": 86634000, "netIncomeRatio": 0.0172542081, "eps": 1.37, "epsdiluted": 1.32, "weightedAverageShsOut": 63236496, "weightedAverageShsOutDil": 65631818, "link": "https://www.sec.gov/Archives/edgar/data/105634/000093041307001476/0000930413-07-001476-index.htm", "finalLink": "https://www.sec.gov/Archives/edgar/data/105634/000093041307001476/c46812_10k.txt", "calculatedOtherExpenses": 1622000, "calculatedOperatingExpenses": 449633000, "calculatedNetInterest": 3895000, "calculatedOtherIncome": -4201000, "calculatedIncomeNonControlling": 620000, "calculatedEbitda": 139354000}, {"date": "2005-12-31", "symbol": "EME", "reportedCurrency": "USD", "cik": "0000105634", "fillingDate": "2006-02-23", "acceptedDate": "2006-02-23 08:06:02", "calendarYear": "2005", "period": "FY", "revenue": 4714547000, "costOfRevenue": 4214783000, "grossProfit": 499764000, "grossProfitRatio": 0.1060046702, "researchAndDevelopmentExpenses": 0, "generalAndAdministrativeExpenses": 0, "sellingAndMarketingExpenses": 0, "sellingGeneralAndAdministrativeExpenses": 416883000, "otherExpenses": 0, "operatingExpenses": 416883000, "costAndExpenses": 4631666000, "interestIncome": 2730000, "interestExpense": 8316000, "depreciationAndAmortization": 22631000, "ebitda": 107262000, "ebitdaratio": 0.0227512845, "operatingIncome": 81131000, "operatingIncomeRatio": 0.0172086523, "totalOtherIncomeExpensesNet": -1750000, "incomeBeforeTax": 71030000, "incomeBeforeTaxRatio": 0.0150661347, "incomeTaxExpense": 9738000, "netIncome": 60042000, "netIncomeRatio": 0.012735476, "eps": 0.96, "epsdiluted": 0.94, "weightedAverageShsOut": 62286726, "weightedAverageShsOutDil": 63669762, "link": "https://www.sec.gov/Archives/edgar/data/105634/000093041306001268/0000930413-06-001268-index.htm", "finalLink": "https://www.sec.gov/Archives/edgar/data/105634/000093041306001268/c41117_10k.txt", "calculatedOtherExpenses": 1750000, "calculatedOperatingExpenses": 418633000, "calculatedNetInterest": -5586000, "calculatedOtherIncome": -4515000, "calculatedIncomeNonControlling": 1250000, "calculatedEbitda": 103762000}, {"date": "2004-12-31", "symbol": "EME", "reportedCurrency": "USD", "cik": "0000105634", "fillingDate": "2005-03-09", "acceptedDate": "2005-03-09 08:38:49", "calendarYear": "2004", "period": "FY", "revenue": 4747880000, "costOfRevenue": 4300978000, "grossProfit": 446902000, "grossProfitRatio": 0.0941266418, "researchAndDevelopmentExpenses": 0, "generalAndAdministrativeExpenses": 0, "sellingAndMarketingExpenses": 0, "sellingGeneralAndAdministrativeExpenses": 399338000, "otherExpenses": 0, "operatingExpenses": 396499000, "costAndExpenses": 4697477000, "interestIncome": 1886000, "interestExpense": 8883000, "depreciationAndAmortization": 26308000, "ebitda": 80302000, "ebitdaratio": 0.0169132329, "operatingIncome": 42129000, "operatingIncomeRatio": 0.0088732234, "totalOtherIncomeExpensesNet": -3591000, "incomeBeforeTax": 33162000, "incomeBeforeTaxRatio": 0.006984591, "incomeTaxExpense": -45000, "netIncome": 33207000, "netIncomeRatio": 0.0069940689, "eps": 0.55, "epsdiluted": 0.54, "weightedAverageShsOut": 60791620, "weightedAverageShsOutDil": 62266948, "link": "https://www.sec.gov/Archives/edgar/data/105634/000093041305001671/0000930413-05-001671-index.htm", "finalLink": "https://www.sec.gov/Archives/edgar/data/105634/000093041305001671/c35676_10k.txt", "calculatedOtherExpenses": 5435000, "calculatedOperatingExpenses": 404773000, "calculatedNetInterest": -6997000, "calculatedOtherIncome": -1970000, "calculatedIncomeNonControlling": 0, "calculatedEbitda": 68437000}, {"date": "2003-12-31", "symbol": "EME", "reportedCurrency": "USD", "cik": "0000105634", "fillingDate": "2004-02-26", "acceptedDate": "2004-02-26 16:48:19", "calendarYear": "2003", "period": "FY", "revenue": 4534646000, "costOfRevenue": 4052192000, "grossProfit": 482454000, "grossProfitRatio": 0.1063928695, "researchAndDevelopmentExpenses": 0, "generalAndAdministrativeExpenses": 0, "sellingAndMarketingExpenses": 0, "sellingGeneralAndAdministrativeExpenses": 437302000, "otherExpenses": 0, "operatingExpenses": 437302000, "costAndExpenses": 4489494000, "interestIncome": 703000, "interestExpense": 8939000, "depreciationAndAmortization": 25951000, "ebitda": 71103000, "ebitdaratio": 0.015679945, "operatingIncome": 45152000, "operatingIncomeRatio": 0.0099571168, "totalOtherIncomeExpensesNet": -8236000, "incomeBeforeTax": 36916000, "incomeBeforeTaxRatio": 0.008140878, "incomeTaxExpense": 16295000, "netIncome": 20621000, "netIncomeRatio": 0.0045474333, "eps": 0.34, "epsdiluted": 0.33, "weightedAverageShsOut": 60650000, "weightedAverageShsOutDil": 62487879, "link": "https://www.sec.gov/Archives/edgar/data/105634/000093041304000587/0000930413-04-000587-index.htm", "finalLink": "https://www.sec.gov/Archives/edgar/data/105634/000093041304000587/c30862_10k.txt", "calculatedOtherExpenses": 0, "calculatedOperatingExpenses": 437302000, "calculatedNetInterest": -8236000, "calculatedOtherIncome": 0, "calculatedIncomeNonControlling": 0, "calculatedEbitda": 71103000}, {"date": "2002-12-31", "symbol": "EME", "reportedCurrency": "USD", "cik": "0000105634", "fillingDate": "2003-02-26", "acceptedDate": "2003-02-26 08:02:28", "calendarYear": "2002", "period": "FY", "revenue": 3968051000, "costOfRevenue": 3485417000, "grossProfit": 482634000, "grossProfitRatio": 0.1216299891, "researchAndDevelopmentExpenses": 0, "generalAndAdministrativeExpenses": 0, "sellingAndMarketingExpenses": 0, "sellingGeneralAndAdministrativeExpenses": 368209000, "otherExpenses": 0, "operatingExpenses": 368209000, "costAndExpenses": 3853626000, "interestIncome": 1997000, "interestExpense": 4096000, "depreciationAndAmortization": 16756000, "ebitda": 131181000, "ebitdaratio": 0.0330593029, "operatingIncome": 114425000, "operatingIncomeRatio": 0.0288365749, "totalOtherIncomeExpensesNet": -2099000, "incomeBeforeTax": 112326000, "incomeBeforeTaxRatio": 0.0283075999, "incomeTaxExpense": 49424000, "netIncome": 62902000, "netIncomeRatio": 0.0158521148, "eps": 1.06, "epsdiluted": 1.02, "weightedAverageShsOut": 59341509, "weightedAverageShsOutDil": 61668627, "link": "https://www.sec.gov/Archives/edgar/data/105634/000093041303000565/0000930413-03-000565-index.htm", "finalLink": "https://www.sec.gov/Archives/edgar/data/105634/000093041303000565/c27185_10k.txt", "calculatedOtherExpenses": 0, "calculatedOperatingExpenses": 368209000, "calculatedNetInterest": -2099000, "calculatedOtherIncome": 0, "calculatedIncomeNonControlling": 0, "calculatedEbitda": 131181000}, {"date": "2001-12-31", "symbol": "EME", "reportedCurrency": "USD", "cik": "0000105634", "fillingDate": "2002-02-21", "acceptedDate": "2002-02-21 00:00:00", "calendarYear": "2001", "period": "FY", "revenue": 3419854000, "costOfRevenue": 3028031000, "grossProfit": 391823000, "grossProfitRatio": 0.1145730198, "researchAndDevelopmentExpenses": 0, "generalAndAdministrativeExpenses": 0, "sellingAndMarketingExpenses": 0, "sellingGeneralAndAdministrativeExpenses": 303141000, "otherExpenses": 0, "operatingExpenses": 303141000, "costAndExpenses": 3331172000, "interestIncome": 5587000, "interestExpense": 4795000, "depreciationAndAmortization": 18200000, "ebitda": 106882000, "ebitdaratio": 0.031253381, "operatingIncome": 88682000, "operatingIncomeRatio": 0.0259315164, "totalOtherIncomeExpensesNet": 792000, "incomeBeforeTax": 89474000, "incomeBeforeTaxRatio": 0.0261631052, "incomeTaxExpense": 39462000, "netIncome": 50012000, "netIncomeRatio": 0.0146240161, "eps": 0.97, "epsdiluted": 0.85, "weightedAverageShsOut": 51825907, "weightedAverageShsOutDil": 58837647, "link": "https://www.sec.gov/Archives/edgar/data/105634/000093041302000457/0000930413-02-000457-index.htm", "finalLink": "https://www.sec.gov/Archives/edgar/data/105634/000093041302000457/c23256_10-k.txt", "calculatedOtherExpenses": 0, "calculatedOperatingExpenses": 303141000, "calculatedNetInterest": 792000, "calculatedOtherIncome": 0, "calculatedIncomeNonControlling": 0, "calculatedEbitda": 106882000}, {"date": "2000-12-31", "symbol": "EME", "reportedCurrency": "USD", "cik": "0000105634", "fillingDate": "2001-02-20", "acceptedDate": "2001-02-20 00:00:00", "calendarYear": "2000", "period": "FY", "revenue": 3460204000, "costOfRevenue": 3086286000, "grossProfit": 373918000, "grossProfitRatio": 0.1080624148, "researchAndDevelopmentExpenses": 0, "generalAndAdministrativeExpenses": 0, "sellingAndMarketingExpenses": 0, "sellingGeneralAndAdministrativeExpenses": 278892000, "otherExpenses": 0, "operatingExpenses": 294993000, "costAndExpenses": 3381279000, "interestIncome": 2367000, "interestExpense": 9705000, "depreciationAndAmortization": 16101000, "ebitda": 95026000, "ebitdaratio": 0.0274625427, "operatingIncome": 78925000, "operatingIncomeRatio": 0.0228093488, "totalOtherIncomeExpensesNet": -7338000, "incomeBeforeTax": 71587000, "incomeBeforeTaxRatio": 0.0206886646, "incomeTaxExpense": 31498000, "netIncome": 40089000, "netIncomeRatio": 0.0115857331, "eps": 0.96, "epsdiluted": 0.74, "weightedAverageShsOut": 41759375, "weightedAverageShsOutDil": 54357966, "link": "https://www.sec.gov/Archives/edgar/data/105634/000093041301000293/0000930413-01-000293-index.htm", "finalLink": "https://www.sec.gov/Archives/edgar/data/105634/000093041301000293/0000930413-01-000293-0001.txt", "calculatedOtherExpenses": 16101000, "calculatedOperatingExpenses": 294993000, "calculatedNetInterest": -7338000, "calculatedOtherIncome": 0, "calculatedIncomeNonControlling": 0, "calculatedEbitda": 95026000}, {"date": "1999-12-31", "symbol": "EME", "reportedCurrency": "USD", "cik": "0000105634", "fillingDate": "2000-02-23", "acceptedDate": "2000-02-23 00:00:00", "calendarYear": "1999", "period": "FY", "revenue": 2894000000, "costOfRevenue": 2584000000, "grossProfit": 310000000, "grossProfitRatio": 0.1071181755, "researchAndDevelopmentExpenses": 0, "generalAndAdministrativeExpenses": 0, "sellingAndMarketingExpenses": 0, "sellingGeneralAndAdministrativeExpenses": 237800000, "otherExpenses": 0, "operatingExpenses": 251900000, "costAndExpenses": 2835900000, "interestIncome": 0, "interestExpense": 0, "depreciationAndAmortization": 14100000, "ebitda": 72200000, "ebitdaratio": 0.0249481686, "operatingIncome": 58100000, "operatingIncomeRatio": 0.0200760194, "totalOtherIncomeExpensesNet": -8400000, "incomeBeforeTax": 49700000, "incomeBeforeTaxRatio": 0.0171734623, "incomeTaxExpense": 21900000, "netIncome": 27800000, "netIncomeRatio": 0.0096060815, "eps": 0.72, "epsdiluted": 0.55, "weightedAverageShsOut": 38881119, "weightedAverageShsOutDil": 50316742, "link": "https://www.sec.gov/Archives/edgar/data/105634/000088981200000931/0000889812-00-000931-index.html", "finalLink": "https://www.sec.gov/Archives/edgar/data/105634/000088981200000931/", "calculatedOtherExpenses": 14100000, "calculatedOperatingExpenses": 251900000, "calculatedNetInterest": 0, "calculatedOtherIncome": -8400000, "calculatedIncomeNonControlling": 0, "calculatedEbitda": 72200000}, {"date": "1998-12-31", "symbol": "EME", "reportedCurrency": "USD", "cik": "0000105634", "fillingDate": "1999-04-30", "acceptedDate": "1999-04-30 00:00:00", "calendarYear": "1998", "period": "FY", "revenue": 2210400000, "costOfRevenue": 1976500000, "grossProfit": 233900000, "grossProfitRatio": 0.1058179515, "researchAndDevelopmentExpenses": 0, "generalAndAdministrativeExpenses": 0, "sellingAndMarketingExpenses": 0, "sellingGeneralAndAdministrativeExpenses": 186100000, "otherExpenses": 0, "operatingExpenses": 196700000, "costAndExpenses": 2173200000, "interestIncome": 0, "interestExpense": 11000000, "depreciationAndAmortization": 10600000, "ebitda": 44200000, "ebitdaratio": 0.0199963807, "operatingIncome": 37200000, "operatingIncomeRatio": 0.0168295331, "totalOtherIncomeExpensesNet": 3600000, "incomeBeforeTax": 29700000, "incomeBeforeTaxRatio": 0.0134364821, "incomeTaxExpense": 12600000, "netIncome": 12300000, "netIncomeRatio": 0.0055646037, "eps": 0.3, "epsdiluted": 0.28, "weightedAverageShsOut": 41000000, "weightedAverageShsOutDil": 44324324, "link": "https://www.sec.gov/Archives/edgar/data/105634/000010563499000005/0000105634-99-000005-index.html", "finalLink": "https://www.sec.gov/Archives/edgar/data/105634/", "calculatedOtherExpenses": 10600000, "calculatedOperatingExpenses": 196700000, "calculatedNetInterest": -11000000, "calculatedOtherIncome": 3500000, "calculatedIncomeNonControlling": 4800000, "calculatedEbitda": 47800000}, {"date": "1997-12-31", "symbol": "EME", "reportedCurrency": "USD", "cik": "0000105634", "fillingDate": "1998-02-26", "acceptedDate": "1998-02-26 00:00:00", "calendarYear": "1997", "period": "FY", "revenue": 1950900000, "costOfRevenue": 1760500000, "grossProfit": 190400000, "grossProfitRatio": 0.0975959813, "researchAndDevelopmentExpenses": 0, "generalAndAdministrativeExpenses": 0, "sellingAndMarketingExpenses": 0, "sellingGeneralAndAdministrativeExpenses": 154800000, "otherExpenses": 0, "operatingExpenses": 163000000, "costAndExpenses": 1923500000, "interestIncome": 0, "interestExpense": 0, "depreciationAndAmortization": 8200000, "ebitda": 34500000, "ebitdaratio": 0.0176841458, "operatingIncome": 27400000, "operatingIncomeRatio": 0.0140447998, "totalOtherIncomeExpensesNet": 1100000, "incomeBeforeTax": 15500000, "incomeBeforeTaxRatio": 0.007945051, "incomeTaxExpense": 6900000, "netIncome": 7600000, "netIncomeRatio": 0.0038956379, "eps": 0.2, "epsdiluted": 0.19, "weightedAverageShsOut": 38481013, "weightedAverageShsOutDil": 41081081, "link": "https://www.sec.gov/Archives/edgar/data/105634/000088981298000514/0000889812-98-000514-index.html", "finalLink": "https://www.sec.gov/Archives/edgar/data/105634/", "calculatedOtherExpenses": 8200000, "calculatedOperatingExpenses": 163000000, "calculatedNetInterest": 0, "calculatedOtherIncome": -11900000, "calculatedIncomeNonControlling": 1000000, "calculatedEbitda": 35600000}, {"date": "1996-12-31", "symbol": "EME", "reportedCurrency": "USD", "cik": "0000105634", "fillingDate": "1997-03-03", "acceptedDate": "1997-03-03 00:00:00", "calendarYear": "1996", "period": "FY", "revenue": 1669300000, "costOfRevenue": 1500600000, "grossProfit": 168700000, "grossProfitRatio": 0.1010603247, "researchAndDevelopmentExpenses": 0, "generalAndAdministrativeExpenses": 0, "sellingAndMarketingExpenses": 0, "sellingGeneralAndAdministrativeExpenses": 143700000, "otherExpenses": 0, "operatingExpenses": 151600000, "costAndExpenses": 1652200000, "interestIncome": 0, "interestExpense": 14900000, "depreciationAndAmortization": 7900000, "ebitda": 10300000, "ebitdaratio": 0.006170251, "operatingIncome": 17100000, "operatingIncomeRatio": 0.0102438148, "totalOtherIncomeExpensesNet": 14700000, "incomeBeforeTax": 16900000, "incomeBeforeTaxRatio": 0.0101240041, "incomeTaxExpense": 7500000, "netIncome": 9400000, "netIncomeRatio": 0.0056311029, "eps": 0.24, "epsdiluted": 0.24, "weightedAverageShsOut": 39578947, "weightedAverageShsOutDil": 39578947, "link": "https://www.sec.gov/Archives/edgar/data/105634/000010563497000001/0000105634-97-000001-index.html", "finalLink": "https://www.sec.gov/Archives/edgar/data/105634/", "calculatedOtherExpenses": 7900000, "calculatedOperatingExpenses": 151600000, "calculatedNetInterest": -14900000, "calculatedOtherIncome": 14700000, "calculatedIncomeNonControlling": 0, "calculatedEbitda": 25000000}, {"date": "1995-12-31", "symbol": "EME", "reportedCurrency": "USD", "cik": "0000105634", "fillingDate": "1996-03-13", "acceptedDate": "1996-03-13 00:00:00", "calendarYear": "1995", "period": "FY", "revenue": 1588700000, "costOfRevenue": 1436700000, "grossProfit": 152000000, "grossProfitRatio": 0.0956757097, "researchAndDevelopmentExpenses": 0, "generalAndAdministrativeExpenses": 0, "sellingAndMarketingExpenses": 0, "sellingGeneralAndAdministrativeExpenses": 137300000, "otherExpenses": 0, "operatingExpenses": 146200000, "costAndExpenses": 1582900000, "interestIncome": 0, "interestExpense": 17500000, "depreciationAndAmortization": 8900000, "ebitda": 13000000, "ebitdaratio": 0.008182791, "operatingIncome": 5800000, "operatingIncomeRatio": 0.0036507837, "totalOtherIncomeExpensesNet": 1700000, "incomeBeforeTax": -9900000, "incomeBeforeTaxRatio": -0.00623151, "incomeTaxExpense": 1000000, "netIncome": -10900000, "netIncomeRatio": -0.0068609555, "eps": -0.28, "epsdiluted": -0.28, "weightedAverageShsOut": 38584071, "weightedAverageShsOutDil": 38584071, "link": "https://www.sec.gov/Archives/edgar/data/105634/000095013096000829/0000950130-96-000829-index.html", "finalLink": "https://www.sec.gov/Archives/edgar/data/105634/", "calculatedOtherExpenses": 8900000, "calculatedOperatingExpenses": 146200000, "calculatedNetInterest": -17500000, "calculatedOtherIncome": 1800000, "calculatedIncomeNonControlling": 0, "calculatedEbitda": 14700000}, {"date": "1994-12-31", "symbol": "EME", "reportedCurrency": "USD", "cik": "0000105634", "fillingDate": "1994-12-31", "acceptedDate": "1994-12-31 00:00:00", "calendarYear": "1994", "period": "FY", "revenue": 1764000000, "costOfRevenue": 1591900000, "grossProfit": 172100000, "grossProfitRatio": 0.0975623583, "researchAndDevelopmentExpenses": 0, "generalAndAdministrativeExpenses": 0, "sellingAndMarketingExpenses": 0, "sellingGeneralAndAdministrativeExpenses": 178600000, "otherExpenses": 0, "operatingExpenses": 194300000, "costAndExpenses": 1786200000, "interestIncome": 0, "interestExpense": 3900000, "depreciationAndAmortization": 15700000, "ebitda": 86700000, "ebitdaratio": 0.0491496599, "operatingIncome": -22200000, "operatingIncomeRatio": -0.012585034, "totalOtherIncomeExpensesNet": -93200000, "incomeBeforeTax": -119200000, "incomeBeforeTaxRatio": -0.0675736961, "incomeTaxExpense": -300000, "netIncome": 302700000, "netIncomeRatio": 0.1715986395, "eps": 8.02, "epsdiluted": 8.02, "weightedAverageShsOut": 37731380, "weightedAverageShsOutDil": 37731380, "link": null, "finalLink": null, "calculatedOtherExpenses": 15700000, "calculatedOperatingExpenses": 194300000, "calculatedNetInterest": -3900000, "calculatedOtherIncome": -93100000, "calculatedIncomeNonControlling": -421600000, "calculatedEbitda": -6500000}]}