{"originalCurrency": "USD", "convertedCurrency": "USD", "report": [{"date": "2023-12-31", "symbol": "EMN", "reportedCurrency": "USD", "cik": "0000915389", "fillingDate": "2024-02-14", "acceptedDate": "2024-02-14 13:15:32", "calendarYear": "2023", "period": "FY", "revenue": 9198000000, "costOfRevenue": 7136000000, "grossProfit": 2062000000, "grossProfitRatio": 0.2241791694, "researchAndDevelopmentExpenses": 239000000, "generalAndAdministrativeExpenses": 768000000, "sellingAndMarketingExpenses": -41000000, "sellingGeneralAndAdministrativeExpenses": 727000000, "otherExpenses": -37000000, "operatingExpenses": 966000000, "costAndExpenses": 8102000000, "interestIncome": 10000000, "interestExpense": 240000000, "depreciationAndAmortization": 498000000, "ebitda": 1594000000, "ebitdaratio": 0.1732985432, "operatingIncome": 1096000000, "operatingIncomeRatio": 0.1191563383, "totalOtherIncomeExpensesNet": -9000000, "incomeBeforeTax": 1087000000, "incomeBeforeTaxRatio": 0.1181778648, "incomeTaxExpense": 191000000, "netIncome": 894000000, "netIncomeRatio": 0.0971950424, "eps": 7.54, "epsdiluted": 7.49, "weightedAverageShsOut": 118600000, "weightedAverageShsOutDil": 119400000, "link": "https://www.sec.gov/Archives/edgar/data/915389/000091538924000016/0000915389-24-000016-index.htm", "finalLink": "https://www.sec.gov/Archives/edgar/data/915389/000091538924000016/emn-20231231.htm", "calculatedOtherExpenses": 0, "calculatedOperatingExpenses": 966000000, "calculatedNetInterest": -230000000, "calculatedOtherIncome": 221000000, "calculatedIncomeNonControlling": 2000000, "calculatedEbitda": 1594000000}, {"date": "2022-12-31", "symbol": "EMN", "reportedCurrency": "USD", "cik": "0000915389", "fillingDate": "2023-02-15", "acceptedDate": "2023-02-15 16:35:14", "calendarYear": "2022", "period": "FY", "revenue": 10580000000, "costOfRevenue": 8443000000, "grossProfit": 2137000000, "grossProfitRatio": 0.2019848771, "researchAndDevelopmentExpenses": 264000000, "generalAndAdministrativeExpenses": 625000000, "sellingAndMarketingExpenses": 101000000, "sellingGeneralAndAdministrativeExpenses": 726000000, "otherExpenses": 107000000, "operatingExpenses": 990000000, "costAndExpenses": 9433000000, "interestIncome": 6000000, "interestExpense": 182000000, "depreciationAndAmortization": 477000000, "ebitda": 1731000000, "ebitdaratio": 0.163610586, "operatingIncome": 1254000000, "operatingIncomeRatio": 0.1185255198, "totalOtherIncomeExpensesNet": -277000000, "incomeBeforeTax": 977000000, "incomeBeforeTaxRatio": 0.0923440454, "incomeTaxExpense": 181000000, "netIncome": 793000000, "netIncomeRatio": 0.074952741, "eps": 5.85, "epsdiluted": 5.81, "weightedAverageShsOut": 136500000, "weightedAverageShsOutDil": 136500000, "link": "https://www.sec.gov/Archives/edgar/data/915389/000091538923000015/0000915389-23-000015-index.htm", "finalLink": "https://www.sec.gov/Archives/edgar/data/915389/000091538923000015/emn-20221231.htm", "calculatedOtherExpenses": -107000000, "calculatedOperatingExpenses": 883000000, "calculatedNetInterest": -176000000, "calculatedOtherIncome": -101000000, "calculatedIncomeNonControlling": 3000000, "calculatedEbitda": 1731000000}, {"date": "2021-12-31", "symbol": "EMN", "reportedCurrency": "USD", "cik": "0000915389", "fillingDate": "2022-02-25", "acceptedDate": "2022-02-24 17:58:53", "calendarYear": "2021", "period": "FY", "revenue": 10476000000, "costOfRevenue": 7976000000, "grossProfit": 2500000000, "grossProfitRatio": 0.2386407026, "researchAndDevelopmentExpenses": 254000000, "generalAndAdministrativeExpenses": 383000000, "sellingAndMarketingExpenses": 412000000, "sellingGeneralAndAdministrativeExpenses": 795000000, "otherExpenses": 429000000, "operatingExpenses": 1049000000, "costAndExpenses": 9025000000, "interestIncome": 3000000, "interestExpense": 198000000, "depreciationAndAmortization": 538000000, "ebitda": 2418000000, "ebitdaratio": 0.2308132875, "operatingIncome": 1880000000, "operatingIncomeRatio": 0.1794578083, "totalOtherIncomeExpensesNet": -798000000, "incomeBeforeTax": 1082000000, "incomeBeforeTaxRatio": 0.1032836961, "incomeTaxExpense": 215000000, "netIncome": 857000000, "netIncomeRatio": 0.0818060328, "eps": 6.35, "epsdiluted": 6.25, "weightedAverageShsOut": 134900000, "weightedAverageShsOutDil": 137100000, "link": "https://www.sec.gov/Archives/edgar/data/915389/000091538922000010/0000915389-22-000010-index.htm", "finalLink": "https://www.sec.gov/Archives/edgar/data/915389/000091538922000010/emn-20211231.htm", "calculatedOtherExpenses": -429000000, "calculatedOperatingExpenses": 620000000, "calculatedNetInterest": -195000000, "calculatedOtherIncome": -603000000, "calculatedIncomeNonControlling": 10000000, "calculatedEbitda": 2418000000}, {"date": "2020-12-31", "symbol": "EMN", "reportedCurrency": "USD", "cik": "0000915389", "fillingDate": "2021-02-22", "acceptedDate": "2021-02-22 16:38:10", "calendarYear": "2020", "period": "FY", "revenue": 8473000000, "costOfRevenue": 6498000000, "grossProfit": 1975000000, "grossProfitRatio": 0.2330933554, "researchAndDevelopmentExpenses": 226000000, "generalAndAdministrativeExpenses": 0, "sellingAndMarketingExpenses": 0, "sellingGeneralAndAdministrativeExpenses": 654000000, "otherExpenses": -127000000, "operatingExpenses": 880000000, "costAndExpenses": 7378000000, "interestIncome": 4000000, "interestExpense": 210000000, "depreciationAndAmortization": 574000000, "ebitda": 1542000000, "ebitdaratio": 0.1819898501, "operatingIncome": 968000000, "operatingIncomeRatio": 0.1142452496, "totalOtherIncomeExpensesNet": -438000000, "incomeBeforeTax": 530000000, "incomeBeforeTaxRatio": 0.0625516346, "incomeTaxExpense": 41000000, "netIncome": 478000000, "netIncomeRatio": 0.0564144931, "eps": 3.53, "epsdiluted": 3.5, "weightedAverageShsOut": 135500000, "weightedAverageShsOutDil": 136500000, "link": "https://www.sec.gov/Archives/edgar/data/915389/000091538921000016/0000915389-21-000016-index.htm", "finalLink": "https://www.sec.gov/Archives/edgar/data/915389/000091538921000016/emn-20201231.htm", "calculatedOtherExpenses": 127000000, "calculatedOperatingExpenses": 1007000000, "calculatedNetInterest": -206000000, "calculatedOtherIncome": -232000000, "calculatedIncomeNonControlling": 11000000, "calculatedEbitda": 1542000000}, {"date": "2019-12-31", "symbol": "EMN", "reportedCurrency": "USD", "cik": "0000915389", "fillingDate": "2020-02-26", "acceptedDate": "2020-02-26 16:19:17", "calendarYear": "2019", "period": "FY", "revenue": 9273000000, "costOfRevenue": 7039000000, "grossProfit": 2234000000, "grossProfitRatio": 0.2409144829, "researchAndDevelopmentExpenses": 234000000, "generalAndAdministrativeExpenses": 0, "sellingAndMarketingExpenses": 0, "sellingGeneralAndAdministrativeExpenses": 691000000, "otherExpenses": -63000000, "operatingExpenses": 925000000, "costAndExpenses": 7964000000, "interestIncome": 3000000, "interestExpense": 218000000, "depreciationAndAmortization": 611000000, "ebitda": 1857000000, "ebitdaratio": 0.2002588159, "operatingIncome": 1246000000, "operatingIncomeRatio": 0.134368597, "totalOtherIncomeExpensesNet": -344000000, "incomeBeforeTax": 902000000, "incomeBeforeTaxRatio": 0.0972716489, "incomeTaxExpense": 140000000, "netIncome": 759000000, "netIncomeRatio": 0.0818505338, "eps": 5.52, "epsdiluted": 5.48, "weightedAverageShsOut": 137400000, "weightedAverageShsOutDil": 138500000, "link": "https://www.sec.gov/Archives/edgar/data/915389/000091538920000016/0000915389-20-000016-index.htm", "finalLink": "https://www.sec.gov/Archives/edgar/data/915389/000091538920000016/emn2019123110k.htm", "calculatedOtherExpenses": 63000000, "calculatedOperatingExpenses": 988000000, "calculatedNetInterest": -215000000, "calculatedOtherIncome": -129000000, "calculatedIncomeNonControlling": 3000000, "calculatedEbitda": 1857000000}, {"date": "2018-12-31", "symbol": "EMN", "reportedCurrency": "USD", "cik": "0000915389", "fillingDate": "2019-02-27", "acceptedDate": "2019-02-27 17:08:47", "calendarYear": "2018", "period": "FY", "revenue": 10151000000, "costOfRevenue": 7672000000, "grossProfit": 2479000000, "grossProfitRatio": 0.2442123929, "researchAndDevelopmentExpenses": 235000000, "generalAndAdministrativeExpenses": 721000000, "sellingAndMarketingExpenses": 0, "sellingGeneralAndAdministrativeExpenses": 721000000, "otherExpenses": 74000000, "operatingExpenses": 956000000, "costAndExpenses": 8628000000, "interestIncome": 3000000, "interestExpense": 235000000, "depreciationAndAmortization": 604000000, "ebitda": 2201000000, "ebitdaratio": 0.2168259285, "operatingIncome": 1523000000, "operatingIncomeRatio": 0.1500344794, "totalOtherIncomeExpensesNet": 22000000, "incomeBeforeTax": 1310000000, "incomeBeforeTaxRatio": 0.129051325, "incomeTaxExpense": 226000000, "netIncome": 1080000000, "netIncomeRatio": 0.1063934588, "eps": 7.65, "epsdiluted": 7.56, "weightedAverageShsOut": 141200000, "weightedAverageShsOutDil": 142900000, "link": "https://www.sec.gov/Archives/edgar/data/915389/000091538919000009/0000915389-19-000009-index.htm", "finalLink": "https://www.sec.gov/Archives/edgar/data/915389/000091538919000009/emn2018123110k.htm", "calculatedOtherExpenses": 0, "calculatedOperatingExpenses": 956000000, "calculatedNetInterest": -232000000, "calculatedOtherIncome": 19000000, "calculatedIncomeNonControlling": 4000000, "calculatedEbitda": 2127000000}, {"date": "2017-12-31", "symbol": "EMN", "reportedCurrency": "USD", "cik": "0000915389", "fillingDate": "2018-03-01", "acceptedDate": "2018-03-01 11:46:41", "calendarYear": "2017", "period": "FY", "revenue": 9549000000, "costOfRevenue": 7086000000, "grossProfit": 2463000000, "grossProfitRatio": 0.2579327678, "researchAndDevelopmentExpenses": 214000000, "generalAndAdministrativeExpenses": 699000000, "sellingAndMarketingExpenses": -3000000, "sellingGeneralAndAdministrativeExpenses": 696000000, "otherExpenses": -2000000, "operatingExpenses": 910000000, "costAndExpenses": 7996000000, "interestIncome": 3000000, "interestExpense": 241000000, "depreciationAndAmortization": 587000000, "ebitda": 2138000000, "ebitdaratio": 0.2238977903, "operatingIncome": 1545000000, "operatingIncomeRatio": 0.1617970468, "totalOtherIncomeExpensesNet": -10000000, "incomeBeforeTax": 1302000000, "incomeBeforeTaxRatio": 0.136349356, "incomeTaxExpense": -177000000, "netIncome": 1474000000, "netIncomeRatio": 0.1543617133, "eps": 10.18, "epsdiluted": 10.09, "weightedAverageShsOut": 144800000, "weightedAverageShsOutDil": 146100000, "link": "https://www.sec.gov/Archives/edgar/data/915389/000091538918000016/0000915389-18-000016-index.htm", "finalLink": "https://www.sec.gov/Archives/edgar/data/915389/000091538918000016/emn2017123110k.htm", "calculatedOtherExpenses": 8000000, "calculatedOperatingExpenses": 918000000, "calculatedNetInterest": -238000000, "calculatedOtherIncome": -5000000, "calculatedIncomeNonControlling": 5000000, "calculatedEbitda": 2132000000}, {"date": "2016-12-31", "symbol": "EMN", "reportedCurrency": "USD", "cik": "0000915389", "fillingDate": "2017-02-27", "acceptedDate": "2017-02-27 14:41:34", "calendarYear": "2016", "period": "FY", "revenue": 9008000000, "costOfRevenue": 6643000000, "grossProfit": 2365000000, "grossProfitRatio": 0.262544405, "researchAndDevelopmentExpenses": 217000000, "generalAndAdministrativeExpenses": 703000000, "sellingAndMarketingExpenses": -4000000, "sellingGeneralAndAdministrativeExpenses": 699000000, "otherExpenses": 6000000, "operatingExpenses": 916000000, "costAndExpenses": 7559000000, "interestIncome": 26000000, "interestExpense": 255000000, "depreciationAndAmortization": 580000000, "ebitda": 2035000000, "ebitdaratio": 0.225910302, "operatingIncome": 1404000000, "operatingIncomeRatio": 0.1558614565, "totalOtherIncomeExpensesNet": -124000000, "incomeBeforeTax": 1070000000, "incomeBeforeTaxRatio": 0.1187833037, "incomeTaxExpense": 199000000, "netIncome": 866000000, "netIncomeRatio": 0.0961367673, "eps": 5.88, "epsdiluted": 5.84, "weightedAverageShsOut": 147300000, "weightedAverageShsOutDil": 148400000, "link": "https://www.sec.gov/Archives/edgar/data/915389/000091538917000014/0000915389-17-000014-index.htm", "finalLink": "https://www.sec.gov/Archives/edgar/data/915389/000091538917000014/emn2016123110k.htm", "calculatedOtherExpenses": 45000000, "calculatedOperatingExpenses": 961000000, "calculatedNetInterest": -229000000, "calculatedOtherIncome": -105000000, "calculatedIncomeNonControlling": 5000000, "calculatedEbitda": 1984000000}, {"date": "2015-12-31", "symbol": "EMN", "reportedCurrency": "USD", "cik": "0000915389", "fillingDate": "2016-02-25", "acceptedDate": "2016-02-25 14:04:50", "calendarYear": "2015", "period": "FY", "revenue": 9648000000, "costOfRevenue": 7068000000, "grossProfit": 2580000000, "grossProfitRatio": 0.2674129353, "researchAndDevelopmentExpenses": 251000000, "generalAndAdministrativeExpenses": 762000000, "sellingAndMarketingExpenses": 0, "sellingGeneralAndAdministrativeExpenses": 762000000, "otherExpenses": 8000000, "operatingExpenses": 1013000000, "costAndExpenses": 8081000000, "interestIncome": 16000000, "interestExpense": 263000000, "depreciationAndAmortization": 571000000, "ebitda": 2146000000, "ebitdaratio": 0.2224295191, "operatingIncome": 1384000000, "operatingIncomeRatio": 0.1434494196, "totalOtherIncomeExpensesNet": -175000000, "incomeBeforeTax": 1129000000, "incomeBeforeTaxRatio": 0.1170190713, "incomeTaxExpense": 275000000, "netIncome": 848000000, "netIncomeRatio": 0.087893864, "eps": 5.71, "epsdiluted": 5.66, "weightedAverageShsOut": 148600000, "weightedAverageShsOutDil": 149800000, "link": "https://www.sec.gov/Archives/edgar/data/915389/000091538916000095/0000915389-16-000095-index.htm", "finalLink": "https://www.sec.gov/Archives/edgar/data/915389/000091538916000095/emn2015123110k.htm", "calculatedOtherExpenses": 183000000, "calculatedOperatingExpenses": 1196000000, "calculatedNetInterest": -247000000, "calculatedOtherIncome": -8000000, "calculatedIncomeNonControlling": 6000000, "calculatedEbitda": 1955000000}, {"date": "2014-12-31", "symbol": "EMN", "reportedCurrency": "USD", "cik": "0000915389", "fillingDate": "2015-02-27", "acceptedDate": "2015-02-27 11:58:08", "calendarYear": "2014", "period": "FY", "revenue": 9527000000, "costOfRevenue": 7306000000, "grossProfit": 2221000000, "grossProfitRatio": 0.2331269025, "researchAndDevelopmentExpenses": 227000000, "generalAndAdministrativeExpenses": 755000000, "sellingAndMarketingExpenses": 0, "sellingGeneralAndAdministrativeExpenses": 755000000, "otherExpenses": 15000000, "operatingExpenses": 982000000, "costAndExpenses": 8288000000, "interestIncome": 16000000, "interestExpense": 187000000, "depreciationAndAmortization": 450000000, "ebitda": 1704000000, "ebitdaratio": 0.1788600819, "operatingIncome": 1162000000, "operatingIncomeRatio": 0.1219691403, "totalOtherIncomeExpensesNet": -62000000, "incomeBeforeTax": 990000000, "incomeBeforeTaxRatio": 0.1039151884, "incomeTaxExpense": 235000000, "netIncome": 751000000, "netIncomeRatio": 0.0788285924, "eps": 5.03, "epsdiluted": 4.97, "weightedAverageShsOut": 149500000, "weightedAverageShsOutDil": 151100000, "link": "https://www.sec.gov/Archives/edgar/data/915389/000091538915000021/0000915389-15-000021-index.htm", "finalLink": "https://www.sec.gov/Archives/edgar/data/915389/000091538915000021/emn2014123110k.htm", "calculatedOtherExpenses": 77000000, "calculatedOperatingExpenses": 1059000000, "calculatedNetInterest": -171000000, "calculatedOtherIncome": -1000000, "calculatedIncomeNonControlling": 4000000, "calculatedEbitda": 1612000000}, {"date": "2013-12-31", "symbol": "EMN", "reportedCurrency": "USD", "cik": "0000915389", "fillingDate": "2014-02-28", "acceptedDate": "2014-02-28 16:45:42", "calendarYear": "2013", "period": "FY", "revenue": 9350000000, "costOfRevenue": 6574000000, "grossProfit": 2776000000, "grossProfitRatio": 0.2968983957, "researchAndDevelopmentExpenses": 193000000, "generalAndAdministrativeExpenses": 645000000, "sellingAndMarketingExpenses": 0, "sellingGeneralAndAdministrativeExpenses": 645000000, "otherExpenses": -3000000, "operatingExpenses": 838000000, "costAndExpenses": 7412000000, "interestIncome": 6000000, "interestExpense": 180000000, "depreciationAndAmortization": 433000000, "ebitda": 2368000000, "ebitdaratio": 0.2532620321, "operatingIncome": 1862000000, "operatingIncomeRatio": 0.199144385, "totalOtherIncomeExpensesNet": -79000000, "incomeBeforeTax": 1679000000, "incomeBeforeTaxRatio": 0.1795721925, "incomeTaxExpense": 507000000, "netIncome": 1165000000, "netIncomeRatio": 0.1245989305, "eps": 7.57, "epsdiluted": 7.44, "weightedAverageShsOut": 154000000, "weightedAverageShsOutDil": 156500000, "link": "https://www.sec.gov/Archives/edgar/data/915389/000091538914000013/0000915389-14-000013-index.htm", "finalLink": "https://www.sec.gov/Archives/edgar/data/915389/000091538914000013/emn-12312013x10k.htm", "calculatedOtherExpenses": 76000000, "calculatedOperatingExpenses": 914000000, "calculatedNetInterest": -174000000, "calculatedOtherIncome": -9000000, "calculatedIncomeNonControlling": 7000000, "calculatedEbitda": 2295000000}, {"date": "2012-12-31", "symbol": "EMN", "reportedCurrency": "USD", "cik": "0000915389", "fillingDate": "2013-02-28", "acceptedDate": "2013-02-28 16:46:34", "calendarYear": "2012", "period": "FY", "revenue": 8102000000, "costOfRevenue": 6340000000, "grossProfit": 1762000000, "grossProfitRatio": 0.2174771661, "researchAndDevelopmentExpenses": 198000000, "generalAndAdministrativeExpenses": 644000000, "sellingAndMarketingExpenses": 0, "sellingGeneralAndAdministrativeExpenses": 644000000, "otherExpenses": -8000000, "operatingExpenses": 842000000, "costAndExpenses": 7182000000, "interestIncome": 5000000, "interestExpense": 143000000, "depreciationAndAmortization": 360000000, "ebitda": 1272000000, "ebitdaratio": 0.156998272, "operatingIncome": 800000000, "operatingIncomeRatio": 0.0987410516, "totalOtherIncomeExpensesNet": -128000000, "incomeBeforeTax": 649000000, "incomeBeforeTaxRatio": 0.0801036781, "incomeTaxExpense": 206000000, "netIncome": 437000000, "netIncomeRatio": 0.0539372994, "eps": 3, "epsdiluted": 2.93, "weightedAverageShsOut": 145500000, "weightedAverageShsOutDil": 149100000, "link": "https://www.sec.gov/Archives/edgar/data/915389/000091538913000010/0000915389-13-000010-index.htm", "finalLink": "https://www.sec.gov/Archives/edgar/data/915389/000091538913000010/emn-12312012x10k.htm", "calculatedOtherExpenses": 120000000, "calculatedOperatingExpenses": 962000000, "calculatedNetInterest": -138000000, "calculatedOtherIncome": -13000000, "calculatedIncomeNonControlling": 6000000, "calculatedEbitda": 1160000000}, {"date": "2011-12-31", "symbol": "EMN", "reportedCurrency": "USD", "cik": "0000915389", "fillingDate": "2012-02-22", "acceptedDate": "2012-02-22 09:12:22", "calendarYear": "2011", "period": "FY", "revenue": 7178000000, "costOfRevenue": 5538000000, "grossProfit": 1640000000, "grossProfitRatio": 0.2284758986, "researchAndDevelopmentExpenses": 158000000, "generalAndAdministrativeExpenses": 469000000, "sellingAndMarketingExpenses": 0, "sellingGeneralAndAdministrativeExpenses": 469000000, "otherExpenses": 0, "operatingExpenses": 627000000, "costAndExpenses": 6165000000, "interestIncome": 0, "interestExpense": 76000000, "depreciationAndAmortization": 273000000, "ebitda": 1286000000, "ebitdaratio": 0.17915854, "operatingIncome": 1021000000, "operatingIncomeRatio": 0.1422401783, "totalOtherIncomeExpensesNet": 27000000, "incomeBeforeTax": 964000000, "incomeBeforeTaxRatio": 0.1342992477, "incomeTaxExpense": 307000000, "netIncome": 696000000, "netIncomeRatio": 0.0969629423, "eps": 4.98, "epsdiluted": 4.86, "weightedAverageShsOut": 139700000, "weightedAverageShsOutDil": 143100000, "link": "https://www.sec.gov/Archives/edgar/data/915389/000091538912000031/0000915389-12-000031-index.htm", "finalLink": "https://www.sec.gov/Archives/edgar/data/915389/000091538912000031/emn2011form10_k.htm", "calculatedOtherExpenses": -8000000, "calculatedOperatingExpenses": 619000000, "calculatedNetInterest": -76000000, "calculatedOtherIncome": 19000000, "calculatedIncomeNonControlling": -39000000, "calculatedEbitda": 1294000000}, {"date": "2010-12-31", "symbol": "EMN", "reportedCurrency": "USD", "cik": "0000915389", "fillingDate": "2011-02-23", "acceptedDate": "2011-02-23 08:53:11", "calendarYear": "2010", "period": "FY", "revenue": 5842000000, "costOfRevenue": 4368000000, "grossProfit": 1474000000, "grossProfitRatio": 0.2523108524, "researchAndDevelopmentExpenses": 152000000, "generalAndAdministrativeExpenses": 431000000, "sellingAndMarketingExpenses": 0, "sellingGeneralAndAdministrativeExpenses": 431000000, "otherExpenses": 0, "operatingExpenses": 583000000, "costAndExpenses": 4951000000, "interestIncome": 0, "interestExpense": 99000000, "depreciationAndAmortization": 280000000, "ebitda": 1171000000, "ebitdaratio": 0.2004450531, "operatingIncome": 862000000, "operatingIncomeRatio": 0.1475522081, "totalOtherIncomeExpensesNet": -156000000, "incomeBeforeTax": 636000000, "incomeBeforeTaxRatio": 0.1088668264, "incomeTaxExpense": 211000000, "netIncome": 438000000, "netIncomeRatio": 0.0749743239, "eps": 3.04, "epsdiluted": 2.96, "weightedAverageShsOut": 144200000, "weightedAverageShsOutDil": 147800000, "link": "https://www.sec.gov/Archives/edgar/data/915389/000091538911000022/0000915389-11-000022-index.htm", "finalLink": "https://www.sec.gov/Archives/edgar/data/915389/000091538911000022/emn2010form10_k.htm", "calculatedOtherExpenses": 29000000, "calculatedOperatingExpenses": 612000000, "calculatedNetInterest": -99000000, "calculatedOtherIncome": -127000000, "calculatedIncomeNonControlling": -13000000, "calculatedEbitda": 1142000000}, {"date": "2009-12-31", "symbol": "EMN", "reportedCurrency": "USD", "cik": "0000915389", "fillingDate": "2010-02-24", "acceptedDate": "2010-02-24 14:15:01", "calendarYear": "2009", "period": "FY", "revenue": 5047000000, "costOfRevenue": 3994000000, "grossProfit": 1053000000, "grossProfitRatio": 0.2086387953, "researchAndDevelopmentExpenses": 137000000, "generalAndAdministrativeExpenses": 399000000, "sellingAndMarketingExpenses": 0, "sellingGeneralAndAdministrativeExpenses": 399000000, "otherExpenses": 0, "operatingExpenses": 536000000, "costAndExpenses": 4530000000, "interestIncome": 0, "interestExpense": 78000000, "depreciationAndAmortization": 274000000, "ebitda": 791000000, "ebitdaratio": 0.1567267684, "operatingIncome": 317000000, "operatingIncomeRatio": 0.0628095899, "totalOtherIncomeExpensesNet": -213000000, "incomeBeforeTax": 226000000, "incomeBeforeTaxRatio": 0.0447790767, "incomeTaxExpense": 90000000, "netIncome": 136000000, "netIncomeRatio": 0.026946701, "eps": 0.94, "epsdiluted": 0.93, "weightedAverageShsOut": 144680851, "weightedAverageShsOutDil": 147027027, "link": "https://www.sec.gov/Archives/edgar/data/915389/000091538910000020/0000915389-10-000020-index.htm", "finalLink": "https://www.sec.gov/Archives/edgar/data/915389/000091538910000020/emn200910-k.htm", "calculatedOtherExpenses": 200000000, "calculatedOperatingExpenses": 736000000, "calculatedNetInterest": -78000000, "calculatedOtherIncome": -13000000, "calculatedIncomeNonControlling": 0, "calculatedEbitda": 591000000}, {"date": "2008-12-31", "symbol": "EMN", "reportedCurrency": "USD", "cik": "0000915389", "fillingDate": "2009-02-25", "acceptedDate": "2009-02-25 14:55:07", "calendarYear": "2008", "period": "FY", "revenue": 6726000000, "costOfRevenue": 5600000000, "grossProfit": 1126000000, "grossProfitRatio": 0.1674100506, "researchAndDevelopmentExpenses": 158000000, "generalAndAdministrativeExpenses": 419000000, "sellingAndMarketingExpenses": 0, "sellingGeneralAndAdministrativeExpenses": 419000000, "otherExpenses": 30000000, "operatingExpenses": 607000000, "costAndExpenses": 6207000000, "interestIncome": 0, "interestExpense": 70000000, "depreciationAndAmortization": 267000000, "ebitda": 836000000, "ebitdaratio": 0.1242937853, "operatingIncome": 519000000, "operatingIncomeRatio": 0.0771632471, "totalOtherIncomeExpensesNet": -50000000, "incomeBeforeTax": 429000000, "incomeBeforeTaxRatio": 0.0637823372, "incomeTaxExpense": 101000000, "netIncome": 346000000, "netIncomeRatio": 0.0514421647, "eps": 2.3, "epsdiluted": 2.28, "weightedAverageShsOut": 150400000, "weightedAverageShsOutDil": 152000000, "link": "https://www.sec.gov/Archives/edgar/data/915389/000091538909000014/0000915389-09-000014-index.htm", "finalLink": "https://www.sec.gov/Archives/edgar/data/915389/000091538909000014/form10k2008.htm", "calculatedOtherExpenses": 30000000, "calculatedOperatingExpenses": 607000000, "calculatedNetInterest": -70000000, "calculatedOtherIncome": -20000000, "calculatedIncomeNonControlling": -18000000, "calculatedEbitda": 786000000}, {"date": "2007-12-31", "symbol": "EMN", "reportedCurrency": "USD", "cik": "0000915389", "fillingDate": "2008-02-29", "acceptedDate": "2008-02-29 09:20:08", "calendarYear": "2007", "period": "FY", "revenue": 6830000000, "costOfRevenue": 5638000000, "grossProfit": 1192000000, "grossProfitRatio": 0.1745241581, "researchAndDevelopmentExpenses": 156000000, "generalAndAdministrativeExpenses": 420000000, "sellingAndMarketingExpenses": 0, "sellingGeneralAndAdministrativeExpenses": 420000000, "otherExpenses": 122000000, "operatingExpenses": 698000000, "costAndExpenses": 6336000000, "interestIncome": 0, "interestExpense": 62000000, "depreciationAndAmortization": 327000000, "ebitda": 905000000, "ebitdaratio": 0.1325036603, "operatingIncome": 504000000, "operatingIncomeRatio": 0.0737920937, "totalOtherIncomeExpensesNet": -84000000, "incomeBeforeTax": 470000000, "incomeBeforeTaxRatio": 0.0688140556, "incomeTaxExpense": 149000000, "netIncome": 300000000, "netIncomeRatio": 0.0439238653, "eps": 1.82, "epsdiluted": 1.79, "weightedAverageShsOut": 165289256, "weightedAverageShsOutDil": 167597765, "link": "https://www.sec.gov/Archives/edgar/data/915389/000091538908000017/0000915389-08-000017-index.htm", "finalLink": "https://www.sec.gov/Archives/edgar/data/915389/000091538908000017/emn200710k.htm", "calculatedOtherExpenses": 112000000, "calculatedOperatingExpenses": 688000000, "calculatedNetInterest": -62000000, "calculatedOtherIncome": 28000000, "calculatedIncomeNonControlling": 21000000, "calculatedEbitda": 831000000}, {"date": "2006-12-31", "symbol": "EMN", "reportedCurrency": "USD", "cik": "0000915389", "fillingDate": "2007-03-01", "acceptedDate": "2007-03-01 08:47:42", "calendarYear": "2006", "period": "FY", "revenue": 7450000000, "costOfRevenue": 6173000000, "grossProfit": 1277000000, "grossProfitRatio": 0.171409396, "researchAndDevelopmentExpenses": 167000000, "generalAndAdministrativeExpenses": 437000000, "sellingAndMarketingExpenses": 0, "sellingGeneralAndAdministrativeExpenses": 437000000, "otherExpenses": 33000000, "operatingExpenses": 637000000, "costAndExpenses": 6810000000, "interestIncome": 0, "interestExpense": 80000000, "depreciationAndAmortization": 308000000, "ebitda": 965000000, "ebitdaratio": 0.1295302013, "operatingIncome": 640000000, "operatingIncomeRatio": 0.0859060403, "totalOtherIncomeExpensesNet": -17000000, "incomeBeforeTax": 576000000, "incomeBeforeTaxRatio": 0.0773154362, "incomeTaxExpense": 167000000, "netIncome": 409000000, "netIncomeRatio": 0.0548993289, "eps": 2.49, "epsdiluted": 2.46, "weightedAverageShsOut": 164257028, "weightedAverageShsOutDil": 166598778, "link": "https://www.sec.gov/Archives/edgar/data/915389/000091538907000019/0000915389-07-000019-index.htm", "finalLink": "https://www.sec.gov/Archives/edgar/data/915389/000091538907000019/eccform10k2006.htm", "calculatedOtherExpenses": 33000000, "calculatedOperatingExpenses": 637000000, "calculatedNetInterest": -80000000, "calculatedOtherIncome": 16000000, "calculatedIncomeNonControlling": 0, "calculatedEbitda": 948000000}, {"date": "2005-12-31", "symbol": "EMN", "reportedCurrency": "USD", "cik": "0000915389", "fillingDate": "2006-03-13", "acceptedDate": "2006-03-13 17:34:58", "calendarYear": "2005", "period": "FY", "revenue": 7059000000, "costOfRevenue": 5655000000, "grossProfit": 1404000000, "grossProfitRatio": 0.1988950276, "researchAndDevelopmentExpenses": 162000000, "generalAndAdministrativeExpenses": 454000000, "sellingAndMarketingExpenses": 0, "sellingGeneralAndAdministrativeExpenses": 454000000, "otherExpenses": 31000000, "operatingExpenses": 647000000, "costAndExpenses": 6302000000, "interestIncome": 0, "interestExpense": 100000000, "depreciationAndAmortization": 304000000, "ebitda": 1139000000, "ebitdaratio": 0.1613542995, "operatingIncome": 757000000, "operatingIncomeRatio": 0.1072389857, "totalOtherIncomeExpensesNet": 95000000, "incomeBeforeTax": 783000000, "incomeBeforeTaxRatio": 0.1109222269, "incomeTaxExpense": 226000000, "netIncome": 557000000, "netIncomeRatio": 0.0789063607, "eps": 3.45, "epsdiluted": 3.41, "weightedAverageShsOut": 161400000, "weightedAverageShsOutDil": 163600000, "link": "https://www.sec.gov/Archives/edgar/data/915389/000091538906000017/0000915389-06-000017-index.htm", "finalLink": "https://www.sec.gov/Archives/edgar/data/915389/000091538906000017/ecc200510k.htm", "calculatedOtherExpenses": 31000000, "calculatedOperatingExpenses": 647000000, "calculatedNetInterest": -100000000, "calculatedOtherIncome": 126000000, "calculatedIncomeNonControlling": 0, "calculatedEbitda": 1061000000}, {"date": "2004-12-31", "symbol": "EMN", "reportedCurrency": "USD", "cik": "0000915389", "fillingDate": "2005-03-15", "acceptedDate": "2005-03-14 20:14:57", "calendarYear": "2004", "period": "FY", "revenue": 6580000000, "costOfRevenue": 5602000000, "grossProfit": 978000000, "grossProfitRatio": 0.1486322188, "researchAndDevelopmentExpenses": 154000000, "generalAndAdministrativeExpenses": 450000000, "sellingAndMarketingExpenses": 0, "sellingGeneralAndAdministrativeExpenses": 450000000, "otherExpenses": -7000000, "operatingExpenses": 597000000, "costAndExpenses": 6199000000, "interestIncome": 0, "interestExpense": 115000000, "depreciationAndAmortization": 322000000, "ebitda": 898000000, "ebitdaratio": 0.1364741641, "operatingIncome": 175000000, "operatingIncomeRatio": 0.0265957447, "totalOtherIncomeExpensesNet": -195000000, "incomeBeforeTax": 64000000, "incomeBeforeTaxRatio": 0.0097264438, "incomeTaxExpense": -106000000, "netIncome": 170000000, "netIncomeRatio": 0.0258358663, "eps": 1.1, "epsdiluted": 1.09, "weightedAverageShsOut": 155200000, "weightedAverageShsOutDil": 156600000, "link": "https://www.sec.gov/Archives/edgar/data/915389/000091538905000023/0000915389-05-000023-index.htm", "finalLink": "https://www.sec.gov/Archives/edgar/data/915389/000091538905000023/form10-k.htm", "calculatedOtherExpenses": 199000000, "calculatedOperatingExpenses": 803000000, "calculatedNetInterest": -115000000, "calculatedOtherIncome": 4000000, "calculatedIncomeNonControlling": 0, "calculatedEbitda": 497000000}, {"date": "2003-12-31", "symbol": "EMN", "reportedCurrency": "USD", "cik": "0000915389", "fillingDate": "2004-03-05", "acceptedDate": "2004-03-05 12:35:24", "calendarYear": "2003", "period": "FY", "revenue": 5800000000, "costOfRevenue": 4990000000, "grossProfit": 810000000, "grossProfitRatio": 0.1396551724, "researchAndDevelopmentExpenses": 173000000, "generalAndAdministrativeExpenses": 414000000, "sellingAndMarketingExpenses": 0, "sellingGeneralAndAdministrativeExpenses": 414000000, "otherExpenses": 1000000, "operatingExpenses": 588000000, "costAndExpenses": 5578000000, "interestIncome": 0, "interestExpense": 124000000, "depreciationAndAmortization": 367000000, "ebitda": 1069000000, "ebitdaratio": 0.1843103448, "operatingIncome": -267000000, "operatingIncomeRatio": -0.0460344828, "totalOtherIncomeExpensesNet": -480000000, "incomeBeforeTax": -381000000, "incomeBeforeTaxRatio": -0.0656896552, "incomeTaxExpense": -108000000, "netIncome": -270000000, "netIncomeRatio": -0.0465517241, "eps": -1.75, "epsdiluted": -1.75, "weightedAverageShsOut": 154285714, "weightedAverageShsOutDil": 154285714, "link": "https://www.sec.gov/Archives/edgar/data/915389/000091538904000006/0000915389-04-000006-index.htm", "finalLink": "https://www.sec.gov/Archives/edgar/data/915389/000091538904000006/form10k123103.htm", "calculatedOtherExpenses": 490000000, "calculatedOperatingExpenses": 1077000000, "calculatedNetInterest": -124000000, "calculatedOtherIncome": 10000000, "calculatedIncomeNonControlling": -3000000, "calculatedEbitda": 100000000}, {"date": "2002-12-31", "symbol": "EMN", "reportedCurrency": "USD", "cik": "0000915389", "fillingDate": "2003-03-11", "acceptedDate": "2003-03-11 10:29:15", "calendarYear": "2002", "period": "FY", "revenue": 5320000000, "costOfRevenue": 4541000000, "grossProfit": 779000000, "grossProfitRatio": 0.1464285714, "researchAndDevelopmentExpenses": 159000000, "generalAndAdministrativeExpenses": 407000000, "sellingAndMarketingExpenses": 0, "sellingGeneralAndAdministrativeExpenses": 407000000, "otherExpenses": 0, "operatingExpenses": 566000000, "costAndExpenses": 5107000000, "interestIncome": 0, "interestExpense": 122000000, "depreciationAndAmortization": 397000000, "ebitda": 617000000, "ebitdaratio": 0.1159774436, "operatingIncome": 208000000, "operatingIncomeRatio": 0.0390977444, "totalOtherIncomeExpensesNet": -7000000, "incomeBeforeTax": 84000000, "incomeBeforeTaxRatio": 0.0157894737, "incomeTaxExpense": 5000000, "netIncome": 61000000, "netIncomeRatio": 0.0114661654, "eps": 0.4, "epsdiluted": 0.4, "weightedAverageShsOut": 154430380, "weightedAverageShsOutDil": 154430380, "link": "https://www.sec.gov/Archives/edgar/data/915389/000095014403002908/0000950144-03-002908-index.htm", "finalLink": "https://www.sec.gov/Archives/edgar/data/915389/000095014403002908/g80935e10vk.htm", "calculatedOtherExpenses": 5000000, "calculatedOperatingExpenses": 571000000, "calculatedNetInterest": -122000000, "calculatedOtherIncome": -2000000, "calculatedIncomeNonControlling": 18000000, "calculatedEbitda": 605000000}, {"date": "2001-12-31", "symbol": "EMN", "reportedCurrency": "USD", "cik": "0000915389", "fillingDate": "2002-03-12", "acceptedDate": "2002-03-12 00:00:00", "calendarYear": "2001", "period": "FY", "revenue": 5384000000, "costOfRevenue": 4497000000, "grossProfit": 887000000, "grossProfitRatio": 0.1647473997, "researchAndDevelopmentExpenses": 160000000, "generalAndAdministrativeExpenses": 407000000, "sellingAndMarketingExpenses": 0, "sellingGeneralAndAdministrativeExpenses": 407000000, "otherExpenses": 45000000, "operatingExpenses": 612000000, "costAndExpenses": 5109000000, "interestIncome": 0, "interestExpense": 0, "depreciationAndAmortization": 435000000, "ebitda": 1187000000, "ebitdaratio": 0.2204680535, "operatingIncome": -126000000, "operatingIncomeRatio": -0.0234026746, "totalOtherIncomeExpensesNet": -477000000, "incomeBeforeTax": -297000000, "incomeBeforeTaxRatio": -0.0551634473, "incomeTaxExpense": -118000000, "netIncome": -179000000, "netIncomeRatio": -0.0332466568, "eps": -1.17, "epsdiluted": -1.17, "weightedAverageShsOut": 153508772, "weightedAverageShsOutDil": 153508772, "link": "https://www.sec.gov/Archives/edgar/data/915389/000095014402002235/0000950144-02-002235-index.htm", "finalLink": "https://www.sec.gov/Archives/edgar/data/915389/000095014402002235/g74572e10-k405.txt", "calculatedOtherExpenses": 446000000, "calculatedOperatingExpenses": 1013000000, "calculatedNetInterest": 0, "calculatedOtherIncome": -171000000, "calculatedIncomeNonControlling": 0, "calculatedEbitda": 309000000}, {"date": "2000-12-31", "symbol": "EMN", "reportedCurrency": "USD", "cik": "0000915389", "fillingDate": "2001-03-02", "acceptedDate": "2001-03-02 00:00:00", "calendarYear": "2000", "period": "FY", "revenue": 5292000000, "costOfRevenue": 4226000000, "grossProfit": 1066000000, "grossProfitRatio": 0.20143613, "researchAndDevelopmentExpenses": 149000000, "generalAndAdministrativeExpenses": 346000000, "sellingAndMarketingExpenses": 0, "sellingGeneralAndAdministrativeExpenses": 346000000, "otherExpenses": 0, "operatingExpenses": 495000000, "costAndExpenses": 4721000000, "interestIncome": 0, "interestExpense": 0, "depreciationAndAmortization": 418000000, "ebitda": 973000000, "ebitdaratio": 0.1838624339, "operatingIncome": 562000000, "operatingIncomeRatio": 0.1061980348, "totalOtherIncomeExpensesNet": 16000000, "incomeBeforeTax": 452000000, "incomeBeforeTaxRatio": 0.0854119426, "incomeTaxExpense": 149000000, "netIncome": 303000000, "netIncomeRatio": 0.0572562358, "eps": 1.98, "epsdiluted": 1.97, "weightedAverageShsOut": 153417722, "weightedAverageShsOutDil": 153807107, "link": "https://www.sec.gov/Archives/edgar/data/915389/000095014401003269/0000950144-01-003269-index.htm", "finalLink": "https://www.sec.gov/Archives/edgar/data/915389/000095014401003269/g67238e10-k405.txt", "calculatedOtherExpenses": 9000000, "calculatedOperatingExpenses": 504000000, "calculatedNetInterest": 0, "calculatedOtherIncome": -110000000, "calculatedIncomeNonControlling": 0, "calculatedEbitda": 980000000}, {"date": "1999-12-31", "symbol": "EMN", "reportedCurrency": "USD", "cik": "0000915389", "fillingDate": "2000-03-06", "acceptedDate": "2000-03-06 00:00:00", "calendarYear": "1999", "period": "FY", "revenue": 4590000000, "costOfRevenue": 3768000000, "grossProfit": 822000000, "grossProfitRatio": 0.1790849673, "researchAndDevelopmentExpenses": 187000000, "generalAndAdministrativeExpenses": 355000000, "sellingAndMarketingExpenses": 0, "sellingGeneralAndAdministrativeExpenses": 355000000, "otherExpenses": 53000000, "operatingExpenses": 595000000, "costAndExpenses": 4363000000, "interestIncome": 0, "interestExpense": 0, "depreciationAndAmortization": 383000000, "ebitda": 692000000, "ebitdaratio": 0.1507625272, "operatingIncome": 202000000, "operatingIncomeRatio": 0.0440087146, "totalOtherIncomeExpensesNet": -82000000, "incomeBeforeTax": 72000000, "incomeBeforeTaxRatio": 0.0156862745, "incomeTaxExpense": 24000000, "netIncome": 48000000, "netIncomeRatio": 0.0104575163, "eps": 0.31, "epsdiluted": 0.31, "weightedAverageShsOut": 157377049, "weightedAverageShsOutDil": 157377049, "link": "https://www.sec.gov/Archives/edgar/data/915389/000095014400002925/0000950144-00-002925-index.html", "finalLink": "https://www.sec.gov/Archives/edgar/data/915389/000095014400002925/", "calculatedOtherExpenses": 78000000, "calculatedOperatingExpenses": 620000000, "calculatedNetInterest": 0, "calculatedOtherIncome": -130000000, "calculatedIncomeNonControlling": 0, "calculatedEbitda": 585000000}, {"date": "1998-12-31", "symbol": "EMN", "reportedCurrency": "USD", "cik": "0000915389", "fillingDate": "1999-03-05", "acceptedDate": "1999-03-05 00:00:00", "calendarYear": "1998", "period": "FY", "revenue": 4481000000, "costOfRevenue": 3546000000, "grossProfit": 935000000, "grossProfitRatio": 0.2086587815, "researchAndDevelopmentExpenses": 185000000, "generalAndAdministrativeExpenses": 316000000, "sellingAndMarketingExpenses": 0, "sellingGeneralAndAdministrativeExpenses": 316000000, "otherExpenses": 0, "operatingExpenses": 501000000, "costAndExpenses": 4047000000, "interestIncome": 0, "interestExpense": 0, "depreciationAndAmortization": 351000000, "ebitda": 763000000, "ebitdaratio": 0.1702744923, "operatingIncome": 434000000, "operatingIncomeRatio": 0.0968533809, "totalOtherIncomeExpensesNet": 22000000, "incomeBeforeTax": 360000000, "incomeBeforeTaxRatio": 0.08033921, "incomeTaxExpense": 111000000, "netIncome": 249000000, "netIncomeRatio": 0.0555679536, "eps": 1.58, "epsdiluted": 1.57, "weightedAverageShsOut": 158095238, "weightedAverageShsOutDil": 159105431, "link": "https://www.sec.gov/Archives/edgar/data/915389/000095014499002429/0000950144-99-002429-index.html", "finalLink": "https://www.sec.gov/Archives/edgar/data/915389/", "calculatedOtherExpenses": 0, "calculatedOperatingExpenses": 501000000, "calculatedNetInterest": 0, "calculatedOtherIncome": -74000000, "calculatedIncomeNonControlling": 0, "calculatedEbitda": 785000000}, {"date": "1997-12-31", "symbol": "EMN", "reportedCurrency": "USD", "cik": "0000915389", "fillingDate": "1998-03-06", "acceptedDate": "1998-03-06 00:00:00", "calendarYear": "1997", "period": "FY", "revenue": 4678000000, "costOfRevenue": 3582000000, "grossProfit": 1096000000, "grossProfitRatio": 0.2342881573, "researchAndDevelopmentExpenses": 191000000, "generalAndAdministrativeExpenses": 337000000, "sellingAndMarketingExpenses": 0, "sellingGeneralAndAdministrativeExpenses": 337000000, "otherExpenses": 62000000, "operatingExpenses": 590000000, "costAndExpenses": 4172000000, "interestIncome": 0, "interestExpense": 0, "depreciationAndAmortization": 327000000, "ebitda": 868000000, "ebitdaratio": 0.1855493801, "operatingIncome": 506000000, "operatingIncomeRatio": 0.1081658829, "totalOtherIncomeExpensesNet": -35000000, "incomeBeforeTax": 446000000, "incomeBeforeTaxRatio": 0.0953398888, "incomeTaxExpense": 160000000, "netIncome": 286000000, "netIncomeRatio": 0.0611372381, "eps": 1.83, "epsdiluted": 1.82, "weightedAverageShsOut": 156200000, "weightedAverageShsOutDil": 157600000, "link": "https://www.sec.gov/Archives/edgar/data/915389/000095014498002381/0000950144-98-002381-index.html", "finalLink": "https://www.sec.gov/Archives/edgar/data/915389/", "calculatedOtherExpenses": 62000000, "calculatedOperatingExpenses": 590000000, "calculatedNetInterest": 0, "calculatedOtherIncome": -60000000, "calculatedIncomeNonControlling": 0, "calculatedEbitda": 833000000}, {"date": "1996-12-31", "symbol": "EMN", "reportedCurrency": "USD", "cik": "0000915389", "fillingDate": "1997-03-13", "acceptedDate": "1997-03-13 00:00:00", "calendarYear": "1996", "period": "FY", "revenue": 4782000000, "costOfRevenue": 3289000000, "grossProfit": 1493000000, "grossProfitRatio": 0.3122124634, "researchAndDevelopmentExpenses": 184000000, "generalAndAdministrativeExpenses": 332000000, "sellingAndMarketingExpenses": 0, "sellingGeneralAndAdministrativeExpenses": 332000000, "otherExpenses": 314000000, "operatingExpenses": 830000000, "costAndExpenses": 4119000000, "interestIncome": 0, "interestExpense": 0, "depreciationAndAmortization": 314000000, "ebitda": 966000000, "ebitdaratio": 0.2020075282, "operatingIncome": 663000000, "operatingIncomeRatio": 0.1386449184, "totalOtherIncomeExpensesNet": 11000000, "incomeBeforeTax": 607000000, "incomeBeforeTaxRatio": 0.1269343371, "incomeTaxExpense": 227000000, "netIncome": 380000000, "netIncomeRatio": 0.0794646591, "eps": 2.42, "epsdiluted": 2.4, "weightedAverageShsOut": 157000000, "weightedAverageShsOutDil": 158600000, "link": "https://www.sec.gov/Archives/edgar/data/915389/000095014497002334/0000950144-97-002334-index.html", "finalLink": "https://www.sec.gov/Archives/edgar/data/915389/", "calculatedOtherExpenses": 314000000, "calculatedOperatingExpenses": 830000000, "calculatedNetInterest": 0, "calculatedOtherIncome": -56000000, "calculatedIncomeNonControlling": 0, "calculatedEbitda": 977000000}, {"date": "1995-12-31", "symbol": "EMN", "reportedCurrency": "USD", "cik": "0000915389", "fillingDate": "1995-12-31", "acceptedDate": "1995-12-30 19:00:00", "calendarYear": "1995", "period": "FY", "revenue": 5040000000, "costOfRevenue": 3228000000, "grossProfit": 1812000000, "grossProfitRatio": 0.3595238095, "researchAndDevelopmentExpenses": 176000000, "generalAndAdministrativeExpenses": 0, "sellingAndMarketingExpenses": 0, "sellingGeneralAndAdministrativeExpenses": 364000000, "otherExpenses": 308000000, "operatingExpenses": 848000000, "costAndExpenses": 4076000000, "interestIncome": 0, "interestExpense": 0, "depreciationAndAmortization": 308000000, "ebitda": 1258000000, "ebitdaratio": 0.2496031746, "operatingIncome": 964000000, "operatingIncomeRatio": 0.1912698413, "totalOtherIncomeExpensesNet": 14000000, "incomeBeforeTax": 899000000, "incomeBeforeTaxRatio": 0.1783730159, "incomeTaxExpense": 340000000, "netIncome": 559000000, "netIncomeRatio": 0.1109126984, "eps": 3.42, "epsdiluted": 3.39, "weightedAverageShsOut": 163400000, "weightedAverageShsOutDil": 164800000, "link": "", "finalLink": "", "calculatedOtherExpenses": 308000000, "calculatedOperatingExpenses": 848000000, "calculatedNetInterest": 0, "calculatedOtherIncome": -65000000, "calculatedIncomeNonControlling": 0, "calculatedEbitda": 1272000000}, {"date": "1994-12-31", "symbol": "EMN", "reportedCurrency": "USD", "cik": "0000915389", "fillingDate": "1994-12-31", "acceptedDate": "1994-12-30 19:00:00", "calendarYear": "1994", "period": "FY", "revenue": 4329000000, "costOfRevenue": 2887000000, "grossProfit": 1442000000, "grossProfitRatio": 0.3331023331, "researchAndDevelopmentExpenses": 167000000, "generalAndAdministrativeExpenses": 0, "sellingAndMarketingExpenses": 0, "sellingGeneralAndAdministrativeExpenses": 310000000, "otherExpenses": 329000000, "operatingExpenses": 806000000, "costAndExpenses": 3693000000, "interestIncome": 0, "interestExpense": 0, "depreciationAndAmortization": 329000000, "ebitda": 964000000, "ebitdaratio": 0.2226842227, "operatingIncome": 636000000, "operatingIncomeRatio": 0.1469161469, "totalOtherIncomeExpensesNet": 1000000, "incomeBeforeTax": 550000000, "incomeBeforeTaxRatio": 0.1270501271, "incomeTaxExpense": 214000000, "netIncome": 336000000, "netIncomeRatio": 0.0776160776, "eps": 2.03, "epsdiluted": 2.02, "weightedAverageShsOut": 165400000, "weightedAverageShsOutDil": 166200000, "link": "", "finalLink": "", "calculatedOtherExpenses": 329000000, "calculatedOperatingExpenses": 806000000, "calculatedNetInterest": 0, "calculatedOtherIncome": -86000000, "calculatedIncomeNonControlling": 0, "calculatedEbitda": 965000000}, {"date": "1993-12-31", "symbol": "EMN", "reportedCurrency": "USD", "cik": "0000915389", "fillingDate": "1993-12-31", "acceptedDate": "1993-12-30 19:00:00", "calendarYear": "1993", "period": "FY", "revenue": 3903000000, "costOfRevenue": 2660000000, "grossProfit": 1243000000, "grossProfitRatio": 0.3184729695, "researchAndDevelopmentExpenses": 0, "generalAndAdministrativeExpenses": 0, "sellingAndMarketingExpenses": 0, "sellingGeneralAndAdministrativeExpenses": 446000000, "otherExpenses": 346000000, "operatingExpenses": 792000000, "costAndExpenses": 3452000000, "interestIncome": 0, "interestExpense": 0, "depreciationAndAmortization": 346000000, "ebitda": 780000000, "ebitdaratio": 0.1998462721, "operatingIncome": 451000000, "operatingIncomeRatio": 0.1155521394, "totalOtherIncomeExpensesNet": 17000000, "incomeBeforeTax": 439000000, "incomeBeforeTaxRatio": 0.1124775813, "incomeTaxExpense": 172000000, "netIncome": -209000000, "netIncomeRatio": -0.0535485524, "eps": -1.26, "epsdiluted": -1.26, "weightedAverageShsOut": 165292000, "weightedAverageShsOutDil": 165292000, "link": "", "finalLink": "", "calculatedOtherExpenses": 346000000, "calculatedOperatingExpenses": 792000000, "calculatedNetInterest": 0, "calculatedOtherIncome": -12000000, "calculatedIncomeNonControlling": 476000000, "calculatedEbitda": 797000000}]}