{"originalCurrency": "USD", "convertedCurrency": "USD", "report": [{"date": "2023-09-30", "symbol": "EMR", "reportedCurrency": "USD", "cik": "0000032604", "fillingDate": "2023-11-13", "acceptedDate": "2023-11-13 16:43:08", "calendarYear": "2023", "period": "FY", "revenue": 15165000000, "costOfRevenue": 7738000000, "grossProfit": 7427000000, "grossProfitRatio": 0.4897461259, "researchAndDevelopmentExpenses": 523000000, "generalAndAdministrativeExpenses": 4186000000, "sellingAndMarketingExpenses": 0, "sellingGeneralAndAdministrativeExpenses": 4186000000, "otherExpenses": 145000000, "operatingExpenses": 4797000000, "costAndExpenses": 12535000000, "interestIncome": 41000000, "interestExpense": 34000000, "depreciationAndAmortization": 1051000000, "ebitda": 3883000000, "ebitdaratio": 0.2560501154, "operatingIncome": 2832000000, "operatingIncomeRatio": 0.1867457962, "totalOtherIncomeExpensesNet": 89000000, "incomeBeforeTax": 2726000000, "incomeBeforeTaxRatio": 0.1797560171, "incomeTaxExpense": 599000000, "netIncome": 13219000000, "netIncomeRatio": 0.8716782064, "eps": -0.3, "epsdiluted": -0.3, "weightedAverageShsOut": 574200000, "weightedAverageShsOutDil": 574200000, "link": "https://www.sec.gov/Archives/edgar/data/32604/000003260423000044/0000032604-23-000044-index.htm", "finalLink": "https://www.sec.gov/Archives/edgar/data/32604/000003260423000044/emr-20230930.htm", "calculatedOtherExpenses": -114000000, "calculatedOperatingExpenses": 4595000000, "calculatedNetInterest": 7000000, "calculatedOtherIncome": -113000000, "calculatedIncomeNonControlling": -11092000000, "calculatedEbitda": 3883000000}, {"date": "2022-09-30", "symbol": "EMR", "reportedCurrency": "USD", "cik": "0000032604", "fillingDate": "2022-11-14", "acceptedDate": "2022-11-14 16:50:53", "calendarYear": "2022", "period": "FY", "revenue": 19629000000, "costOfRevenue": 11441000000, "grossProfit": 8188000000, "grossProfitRatio": 0.4171379082, "researchAndDevelopmentExpenses": 385000000, "generalAndAdministrativeExpenses": 4248000000, "sellingAndMarketingExpenses": 0, "sellingGeneralAndAdministrativeExpenses": 4248000000, "otherExpenses": 357000000, "operatingExpenses": 4605000000, "costAndExpenses": 16046000000, "interestIncome": 35000000, "interestExpense": 193000000, "depreciationAndAmortization": 1039000000, "ebitda": 4917000000, "ebitdaratio": 0.250496714, "operatingIncome": 3878000000, "operatingIncomeRatio": 0.1975648276, "totalOtherIncomeExpensesNet": 207000000, "incomeBeforeTax": 4085000000, "incomeBeforeTaxRatio": 0.2081104488, "incomeTaxExpense": 855000000, "netIncome": 3231000000, "netIncomeRatio": 0.1646033929, "eps": 4.63, "epsdiluted": 4.6, "weightedAverageShsOut": 592900000, "weightedAverageShsOutDil": 592900000, "link": "https://www.sec.gov/Archives/edgar/data/32604/000003260422000041/0000032604-22-000041-index.htm", "finalLink": "https://www.sec.gov/Archives/edgar/data/32604/000003260422000041/emr-20220930.htm", "calculatedOtherExpenses": -323000000, "calculatedOperatingExpenses": 4310000000, "calculatedNetInterest": -158000000, "calculatedOtherIncome": 365000000, "calculatedIncomeNonControlling": -1000000, "calculatedEbitda": 4917000000}, {"date": "2021-09-30", "symbol": "EMR", "reportedCurrency": "USD", "cik": "0000032604", "fillingDate": "2021-11-15", "acceptedDate": "2021-11-15 17:02:43", "calendarYear": "2021", "period": "FY", "revenue": 18236000000, "costOfRevenue": 10673000000, "grossProfit": 7563000000, "grossProfitRatio": 0.4147291073, "researchAndDevelopmentExpenses": 485000000, "generalAndAdministrativeExpenses": 4179000000, "sellingAndMarketingExpenses": 0, "sellingGeneralAndAdministrativeExpenses": 4179000000, "otherExpenses": 300000000, "operatingExpenses": 4479000000, "costAndExpenses": 15152000000, "interestIncome": 12000000, "interestExpense": 154000000, "depreciationAndAmortization": 969000000, "ebitda": 4185000000, "ebitdaratio": 0.2294911165, "operatingIncome": 3216000000, "operatingIncomeRatio": 0.1763544637, "totalOtherIncomeExpensesNet": -304000000, "incomeBeforeTax": 2912000000, "incomeBeforeTaxRatio": 0.1596841413, "incomeTaxExpense": 585000000, "netIncome": 2303000000, "netIncomeRatio": 0.1262886598, "eps": 3.85, "epsdiluted": 3.83, "weightedAverageShsOut": 598100000, "weightedAverageShsOutDil": 601800000, "link": "https://www.sec.gov/Archives/edgar/data/32604/000003260421000038/0000032604-21-000038-index.htm", "finalLink": "https://www.sec.gov/Archives/edgar/data/32604/000003260421000038/emr-20210930.htm", "calculatedOtherExpenses": -317000000, "calculatedOperatingExpenses": 4347000000, "calculatedNetInterest": -142000000, "calculatedOtherIncome": -162000000, "calculatedIncomeNonControlling": 24000000, "calculatedEbitda": 4185000000}, {"date": "2020-09-30", "symbol": "EMR", "reportedCurrency": "USD", "cik": "0000032604", "fillingDate": "2020-11-16", "acceptedDate": "2020-11-16 13:16:45", "calendarYear": "2020", "period": "FY", "revenue": 16785000000, "costOfRevenue": 9776000000, "grossProfit": 7009000000, "grossProfitRatio": 0.417575216, "researchAndDevelopmentExpenses": 439000000, "generalAndAdministrativeExpenses": 3986000000, "sellingAndMarketingExpenses": 0, "sellingGeneralAndAdministrativeExpenses": 3986000000, "otherExpenses": -532000000, "operatingExpenses": 3986000000, "costAndExpenses": 13762000000, "interestIncome": 19000000, "interestExpense": 156000000, "depreciationAndAmortization": 854000000, "ebitda": 3345000000, "ebitdaratio": 0.199285076, "operatingIncome": 2491000000, "operatingIncomeRatio": 0.1484063152, "totalOtherIncomeExpensesNet": -156000000, "incomeBeforeTax": 2335000000, "incomeBeforeTaxRatio": 0.1391123027, "incomeTaxExpense": 345000000, "netIncome": 1965000000, "netIncomeRatio": 0.1170688114, "eps": 3.26, "epsdiluted": 3.24, "weightedAverageShsOut": 602900000, "weightedAverageShsOutDil": 606600000, "link": "https://www.sec.gov/Archives/edgar/data/32604/000003260420000041/0000032604-20-000041-index.htm", "finalLink": "https://www.sec.gov/Archives/edgar/data/32604/000003260420000041/emr-20200930.htm", "calculatedOtherExpenses": 93000000, "calculatedOperatingExpenses": 4518000000, "calculatedNetInterest": -137000000, "calculatedOtherIncome": -19000000, "calculatedIncomeNonControlling": 25000000, "calculatedEbitda": 3345000000}, {"date": "2019-09-30", "symbol": "EMR", "reportedCurrency": "USD", "cik": "0000032604", "fillingDate": "2019-11-18", "acceptedDate": "2019-11-18 16:01:51", "calendarYear": "2019", "period": "FY", "revenue": 18372000000, "costOfRevenue": 10557000000, "grossProfit": 7815000000, "grossProfitRatio": 0.4253755715, "researchAndDevelopmentExpenses": 454000000, "generalAndAdministrativeExpenses": 4457000000, "sellingAndMarketingExpenses": 0, "sellingGeneralAndAdministrativeExpenses": 4457000000, "otherExpenses": 238000000, "operatingExpenses": 4695000000, "costAndExpenses": 15252000000, "interestIncome": 27000000, "interestExpense": 174000000, "depreciationAndAmortization": 822000000, "ebitda": 3950000000, "ebitdaratio": 0.2150010886, "operatingIncome": 3128000000, "operatingIncomeRatio": 0.1702590899, "totalOtherIncomeExpensesNet": -269000000, "incomeBeforeTax": 2859000000, "incomeBeforeTaxRatio": 0.1556172436, "incomeTaxExpense": 531000000, "netIncome": 2306000000, "netIncomeRatio": 0.1255170912, "eps": 3.74, "epsdiluted": 3.72, "weightedAverageShsOut": 616200000, "weightedAverageShsOutDil": 620600000, "link": "https://www.sec.gov/Archives/edgar/data/32604/000003260419000048/0000032604-19-000048-index.htm", "finalLink": "https://www.sec.gov/Archives/edgar/data/32604/000003260419000048/emr-09302019x10xk.htm", "calculatedOtherExpenses": -224000000, "calculatedOperatingExpenses": 4687000000, "calculatedNetInterest": -147000000, "calculatedOtherIncome": -122000000, "calculatedIncomeNonControlling": 22000000, "calculatedEbitda": 3950000000}, {"date": "2018-09-30", "symbol": "EMR", "reportedCurrency": "USD", "cik": "0000032604", "fillingDate": "2018-11-19", "acceptedDate": "2018-11-19 14:49:23", "calendarYear": "2018", "period": "FY", "revenue": 17408000000, "costOfRevenue": 9948000000, "grossProfit": 7460000000, "grossProfitRatio": 0.4285386029, "researchAndDevelopmentExpenses": 436000000, "generalAndAdministrativeExpenses": 4258000000, "sellingAndMarketingExpenses": 0, "sellingGeneralAndAdministrativeExpenses": 4258000000, "otherExpenses": -100000000, "operatingExpenses": 4469000000, "costAndExpenses": 14417000000, "interestIncome": 43000000, "interestExpense": 159000000, "depreciationAndAmortization": 758000000, "ebitda": 3649000000, "ebitdaratio": 0.2096162684, "operatingIncome": 2991000000, "operatingIncomeRatio": 0.1718175551, "totalOtherIncomeExpensesNet": -165000000, "incomeBeforeTax": 2667000000, "incomeBeforeTaxRatio": 0.1532054228, "incomeTaxExpense": 443000000, "netIncome": 2203000000, "netIncomeRatio": 0.126551011, "eps": 3.49, "epsdiluted": 3.47, "weightedAverageShsOut": 632000000, "weightedAverageShsOutDil": 635300000, "link": "https://www.sec.gov/Archives/edgar/data/32604/000003260418000044/0000032604-18-000044-index.htm", "finalLink": "https://www.sec.gov/Archives/edgar/data/32604/000003260418000044/emr-09302018x10xk.htm", "calculatedOtherExpenses": -225000000, "calculatedOperatingExpenses": 4469000000, "calculatedNetInterest": -116000000, "calculatedOtherIncome": -208000000, "calculatedIncomeNonControlling": 21000000, "calculatedEbitda": 3749000000}, {"date": "2017-09-30", "symbol": "EMR", "reportedCurrency": "USD", "cik": "0000032604", "fillingDate": "2017-11-20", "acceptedDate": "2017-11-20 13:57:46", "calendarYear": "2017", "period": "FY", "revenue": 15264000000, "costOfRevenue": 8860000000, "grossProfit": 6404000000, "grossProfitRatio": 0.4195492662, "researchAndDevelopmentExpenses": 340000000, "generalAndAdministrativeExpenses": 3618000000, "sellingAndMarketingExpenses": 0, "sellingGeneralAndAdministrativeExpenses": 3618000000, "otherExpenses": -72000000, "operatingExpenses": 3754000000, "costAndExpenses": 12614000000, "interestIncome": 36000000, "interestExpense": 201000000, "depreciationAndAmortization": 636000000, "ebitda": 3364000000, "ebitdaratio": 0.2203878407, "operatingIncome": 2650000000, "operatingIncomeRatio": 0.1736111111, "totalOtherIncomeExpensesNet": -150000000, "incomeBeforeTax": 2335000000, "incomeBeforeTaxRatio": 0.1529743187, "incomeTaxExpense": 660000000, "netIncome": 1518000000, "netIncomeRatio": 0.0994496855, "eps": 2.35, "epsdiluted": 2.35, "weightedAverageShsOut": 642100000, "weightedAverageShsOutDil": 643400000, "link": "https://www.sec.gov/Archives/edgar/data/32604/000003260417000046/0000032604-17-000046-index.htm", "finalLink": "https://www.sec.gov/Archives/edgar/data/32604/000003260417000046/emr-09302017x10xk.htm", "calculatedOtherExpenses": -204000000, "calculatedOperatingExpenses": 3754000000, "calculatedNetInterest": -165000000, "calculatedOtherIncome": -150000000, "calculatedIncomeNonControlling": 157000000, "calculatedEbitda": 3286000000}, {"date": "2016-09-30", "symbol": "EMR", "reportedCurrency": "USD", "cik": "0000032604", "fillingDate": "2016-11-16", "acceptedDate": "2016-11-16 17:15:14", "calendarYear": "2016", "period": "FY", "revenue": 14522000000, "costOfRevenue": 8260000000, "grossProfit": 6262000000, "grossProfitRatio": 0.4312078226, "researchAndDevelopmentExpenses": 320000000, "generalAndAdministrativeExpenses": 3464000000, "sellingAndMarketingExpenses": 0, "sellingGeneralAndAdministrativeExpenses": 3464000000, "otherExpenses": -114000000, "operatingExpenses": 3548000000, "costAndExpenses": 11808000000, "interestIncome": 27000000, "interestExpense": 215000000, "depreciationAndAmortization": 568000000, "ebitda": 3378000000, "ebitdaratio": 0.2326125878, "operatingIncome": 2714000000, "operatingIncomeRatio": 0.1868888583, "totalOtherIncomeExpensesNet": -210000000, "incomeBeforeTax": 2316000000, "incomeBeforeTaxRatio": 0.159482165, "incomeTaxExpense": 697000000, "netIncome": 1635000000, "netIncomeRatio": 0.1125877978, "eps": 2.53, "epsdiluted": 2.52, "weightedAverageShsOut": 644000000, "weightedAverageShsOutDil": 646800000, "link": "https://www.sec.gov/Archives/edgar/data/32604/000003260416000105/0000032604-16-000105-index.htm", "finalLink": "https://www.sec.gov/Archives/edgar/data/32604/000003260416000105/emr930201610-k.htm", "calculatedOtherExpenses": -236000000, "calculatedOperatingExpenses": 3548000000, "calculatedNetInterest": -188000000, "calculatedOtherIncome": -210000000, "calculatedIncomeNonControlling": -16000000, "calculatedEbitda": 3282000000}, {"date": "2015-09-30", "symbol": "EMR", "reportedCurrency": "USD", "cik": "0000032604", "fillingDate": "2015-11-18", "acceptedDate": "2015-11-18 17:24:04", "calendarYear": "2015", "period": "FY", "revenue": 22304000000, "costOfRevenue": 13256000000, "grossProfit": 9048000000, "grossProfitRatio": 0.4056671449, "researchAndDevelopmentExpenses": 336000000, "generalAndAdministrativeExpenses": 5184000000, "sellingAndMarketingExpenses": 0, "sellingGeneralAndAdministrativeExpenses": 5184000000, "otherExpenses": -146000000, "operatingExpenses": 5609000000, "costAndExpenses": 18865000000, "interestIncome": 29000000, "interestExpense": 200000000, "depreciationAndAmortization": 815000000, "ebitda": 3215000000, "ebitdaratio": 0.1441445481, "operatingIncome": 3439000000, "operatingIncomeRatio": 0.1541875897, "totalOtherIncomeExpensesNet": 893000000, "incomeBeforeTax": 4161000000, "incomeBeforeTaxRatio": 0.1865584648, "incomeTaxExpense": 1428000000, "netIncome": 2710000000, "netIncomeRatio": 0.1215028694, "eps": 4.01, "epsdiluted": 3.99, "weightedAverageShsOut": 673300000, "weightedAverageShsOutDil": 676500000, "link": "https://www.sec.gov/Archives/edgar/data/32604/000003260415000051/0000032604-15-000051-index.htm", "finalLink": "https://www.sec.gov/Archives/edgar/data/32604/000003260415000051/emr930201510-k.htm", "calculatedOtherExpenses": 89000000, "calculatedOperatingExpenses": 5609000000, "calculatedNetInterest": -171000000, "calculatedOtherIncome": 893000000, "calculatedIncomeNonControlling": 23000000, "calculatedEbitda": 4254000000}, {"date": "2014-09-30", "symbol": "EMR", "reportedCurrency": "USD", "cik": "0000032604", "fillingDate": "2014-11-19", "acceptedDate": "2014-11-19 14:26:00", "calendarYear": "2014", "period": "FY", "revenue": 24537000000, "costOfRevenue": 14379000000, "grossProfit": 10158000000, "grossProfitRatio": 0.41398704, "researchAndDevelopmentExpenses": 356000000, "generalAndAdministrativeExpenses": 5715000000, "sellingAndMarketingExpenses": 0, "sellingGeneralAndAdministrativeExpenses": 5715000000, "otherExpenses": -81000000, "operatingExpenses": 5995000000, "costAndExpenses": 20374000000, "interestIncome": 24000000, "interestExpense": 218000000, "depreciationAndAmortization": 831000000, "ebitda": 5534000000, "ebitdaratio": 0.2255369442, "operatingIncome": 4163000000, "operatingIncomeRatio": 0.1696621429, "totalOtherIncomeExpensesNet": -621000000, "incomeBeforeTax": 3348000000, "incomeBeforeTaxRatio": 0.1364469984, "incomeTaxExpense": 1164000000, "netIncome": 2147000000, "netIncomeRatio": 0.0875005094, "eps": 3.05, "epsdiluted": 3.03, "weightedAverageShsOut": 700200000, "weightedAverageShsOutDil": 704100000, "link": "https://www.sec.gov/Archives/edgar/data/32604/000003260414000048/0000032604-14-000048-index.htm", "finalLink": "https://www.sec.gov/Archives/edgar/data/32604/000003260414000048/emr930201410-k.htm", "calculatedOtherExpenses": -76000000, "calculatedOperatingExpenses": 5995000000, "calculatedNetInterest": -194000000, "calculatedOtherIncome": -621000000, "calculatedIncomeNonControlling": 37000000, "calculatedEbitda": 4994000000}, {"date": "2013-09-30", "symbol": "EMR", "reportedCurrency": "USD", "cik": "0000032604", "fillingDate": "2013-11-19", "acceptedDate": "2013-11-19 12:06:10", "calendarYear": "2013", "period": "FY", "revenue": 24669000000, "costOfRevenue": 14717000000, "grossProfit": 9952000000, "grossProfitRatio": 0.403421298, "researchAndDevelopmentExpenses": 576000000, "generalAndAdministrativeExpenses": 5648000000, "sellingAndMarketingExpenses": 0, "sellingGeneralAndAdministrativeExpenses": 5648000000, "otherExpenses": -64000000, "operatingExpenses": 5946000000, "costAndExpenses": 20663000000, "interestIncome": 16000000, "interestExpense": 234000000, "depreciationAndAmortization": 819000000, "ebitda": 5353000000, "ebitdaratio": 0.2169929871, "operatingIncome": 4006000000, "operatingIncomeRatio": 0.1623900442, "totalOtherIncomeExpensesNet": -592000000, "incomeBeforeTax": 3196000000, "incomeBeforeTaxRatio": 0.1295553123, "incomeTaxExpense": 1130000000, "netIncome": 2004000000, "netIncomeRatio": 0.0812355588, "eps": 2.78, "epsdiluted": 2.76, "weightedAverageShsOut": 717700000, "weightedAverageShsOutDil": 722900000, "link": "https://www.sec.gov/Archives/edgar/data/32604/000003260413000044/0000032604-13-000044-index.htm", "finalLink": "https://www.sec.gov/Archives/edgar/data/32604/000003260413000044/emr930201310-k.htm", "calculatedOtherExpenses": -278000000, "calculatedOperatingExpenses": 5946000000, "calculatedNetInterest": -218000000, "calculatedOtherIncome": -592000000, "calculatedIncomeNonControlling": 62000000, "calculatedEbitda": 4825000000}, {"date": "2012-09-30", "symbol": "EMR", "reportedCurrency": "USD", "cik": "0000032604", "fillingDate": "2012-11-20", "acceptedDate": "2012-11-20 11:55:46", "calendarYear": "2012", "period": "FY", "revenue": 24412000000, "costOfRevenue": 14644000000, "grossProfit": 9768000000, "grossProfitRatio": 0.4001310831, "researchAndDevelopmentExpenses": 547000000, "generalAndAdministrativeExpenses": 0, "sellingAndMarketingExpenses": 0, "sellingGeneralAndAdministrativeExpenses": 5436000000, "otherExpenses": 0, "operatingExpenses": 5436000000, "costAndExpenses": 20080000000, "interestIncome": 17000000, "interestExpense": 224000000, "depreciationAndAmortization": 823000000, "ebitda": 5155000000, "ebitdaratio": 0.2111666394, "operatingIncome": 4332000000, "operatingIncomeRatio": 0.1774537113, "totalOtherIncomeExpensesNet": -993000000, "incomeBeforeTax": 3115000000, "incomeBeforeTaxRatio": 0.1276011797, "incomeTaxExpense": 1091000000, "netIncome": 1968000000, "netIncomeRatio": 0.0806160904, "eps": 2.68, "epsdiluted": 2.67, "weightedAverageShsOut": 730600000, "weightedAverageShsOutDil": 734600000, "link": "https://www.sec.gov/Archives/edgar/data/32604/000003260412000012/0000032604-12-000012-index.htm", "finalLink": "https://www.sec.gov/Archives/edgar/data/32604/000003260412000012/emr930201210-k.htm", "calculatedOtherExpenses": -547000000, "calculatedOperatingExpenses": 5436000000, "calculatedNetInterest": -207000000, "calculatedOtherIncome": -1010000000, "calculatedIncomeNonControlling": 56000000, "calculatedEbitda": 5155000000}, {"date": "2011-09-30", "symbol": "EMR", "reportedCurrency": "USD", "cik": "0000032604", "fillingDate": "2011-11-22", "acceptedDate": "2011-11-21 21:41:04", "calendarYear": "2011", "period": "FY", "revenue": 24222000000, "costOfRevenue": 14665000000, "grossProfit": 9557000000, "grossProfitRatio": 0.3945586657, "researchAndDevelopmentExpenses": 0, "generalAndAdministrativeExpenses": 0, "sellingAndMarketingExpenses": 0, "sellingGeneralAndAdministrativeExpenses": 5328000000, "otherExpenses": 0, "operatingExpenses": 5703000000, "costAndExpenses": 20368000000, "interestIncome": 0, "interestExpense": 223000000, "depreciationAndAmortization": 867000000, "ebitda": 4721000000, "ebitdaratio": 0.1949054578, "operatingIncome": 4229000000, "operatingIncomeRatio": 0.1745933449, "totalOtherIncomeExpensesNet": -375000000, "incomeBeforeTax": 3631000000, "incomeBeforeTaxRatio": 0.149905045, "incomeTaxExpense": 1127000000, "netIncome": 2480000000, "netIncomeRatio": 0.1023862604, "eps": 3.29, "epsdiluted": 3.27, "weightedAverageShsOut": 748500000, "weightedAverageShsOutDil": 753500000, "link": "https://www.sec.gov/Archives/edgar/data/32604/000114420411066373/0001144204-11-066373-index.htm", "finalLink": "https://www.sec.gov/Archives/edgar/data/32604/000114420411066373/v236587_10k.htm", "calculatedOtherExpenses": 0, "calculatedOperatingExpenses": 5328000000, "calculatedNetInterest": -223000000, "calculatedOtherIncome": -375000000, "calculatedIncomeNonControlling": 24000000, "calculatedEbitda": 5096000000}, {"date": "2010-09-30", "symbol": "EMR", "reportedCurrency": "USD", "cik": "0000032604", "fillingDate": "2010-11-23", "acceptedDate": "2010-11-23 17:12:24", "calendarYear": "2010", "period": "FY", "revenue": 21039000000, "costOfRevenue": 12713000000, "grossProfit": 8326000000, "grossProfitRatio": 0.3957412425, "researchAndDevelopmentExpenses": 0, "generalAndAdministrativeExpenses": 0, "sellingAndMarketingExpenses": 0, "sellingGeneralAndAdministrativeExpenses": 4943000000, "otherExpenses": 243000000, "operatingExpenses": 5186000000, "costAndExpenses": 17899000000, "interestIncome": 19000000, "interestExpense": 280000000, "depreciationAndAmortization": 816000000, "ebitda": 3956000000, "ebitdaratio": 0.1880317506, "operatingIncome": 3140000000, "operatingIncomeRatio": 0.1492466372, "totalOtherIncomeExpensesNet": 2879000000, "incomeBeforeTax": 2879000000, "incomeBeforeTaxRatio": 0.1368411046, "incomeTaxExpense": 848000000, "netIncome": 2164000000, "netIncomeRatio": 0.1028565996, "eps": 2.87, "epsdiluted": 2.84, "weightedAverageShsOut": 750700000, "weightedAverageShsOutDil": 757000000, "link": "https://www.sec.gov/Archives/edgar/data/32604/000114420410063258/0001144204-10-063258-index.htm", "finalLink": "https://www.sec.gov/Archives/edgar/data/32604/000114420410063258/v203504_10k.htm", "calculatedOtherExpenses": 243000000, "calculatedOperatingExpenses": 5186000000, "calculatedNetInterest": -261000000, "calculatedOtherIncome": 0, "calculatedIncomeNonControlling": -133000000, "calculatedEbitda": 3956000000}, {"date": "2009-09-30", "symbol": "EMR", "reportedCurrency": "USD", "cik": "0000032604", "fillingDate": "2009-11-23", "acceptedDate": "2009-11-23 16:52:34", "calendarYear": "2009", "period": "FY", "revenue": 20915000000, "costOfRevenue": 13216000000, "grossProfit": 7699000000, "grossProfitRatio": 0.3681090127, "researchAndDevelopmentExpenses": 0, "generalAndAdministrativeExpenses": 0, "sellingAndMarketingExpenses": 0, "sellingGeneralAndAdministrativeExpenses": 4532000000, "otherExpenses": 235000000, "operatingExpenses": 5062000000, "costAndExpenses": 18278000000, "interestIncome": 24000000, "interestExpense": 220000000, "depreciationAndAmortization": 727000000, "ebitda": 3364000000, "ebitdaratio": 0.1608415013, "operatingIncome": 2637000000, "operatingIncomeRatio": 0.1260817595, "totalOtherIncomeExpensesNet": 2417000000, "incomeBeforeTax": 2417000000, "incomeBeforeTaxRatio": 0.1155629931, "incomeTaxExpense": 693000000, "netIncome": 1724000000, "netIncomeRatio": 0.0824288788, "eps": 2.29, "epsdiluted": 2.27, "weightedAverageShsOut": 753700000, "weightedAverageShsOutDil": 758700000, "link": "https://www.sec.gov/Archives/edgar/data/32604/000114420409061535/0001144204-09-061535-index.htm", "finalLink": "https://www.sec.gov/Archives/edgar/data/32604/000114420409061535/v166921_10k.htm", "calculatedOtherExpenses": 530000000, "calculatedOperatingExpenses": 5062000000, "calculatedNetInterest": -196000000, "calculatedOtherIncome": -24000000, "calculatedIncomeNonControlling": 0, "calculatedEbitda": 3364000000}, {"date": "2008-09-30", "symbol": "EMR", "reportedCurrency": "USD", "cik": "0000032604", "fillingDate": "2008-11-25", "acceptedDate": "2008-11-24 18:41:32", "calendarYear": "2008", "period": "FY", "revenue": 24807000000, "costOfRevenue": 15668000000, "grossProfit": 9139000000, "grossProfitRatio": 0.3684040795, "researchAndDevelopmentExpenses": 0, "generalAndAdministrativeExpenses": 0, "sellingAndMarketingExpenses": 0, "sellingGeneralAndAdministrativeExpenses": 5057000000, "otherExpenses": 81000000, "operatingExpenses": 5138000000, "costAndExpenses": 20806000000, "interestIncome": 0, "interestExpense": 0, "depreciationAndAmortization": 707000000, "ebitda": 4930000000, "ebitdaratio": 0.1987342282, "operatingIncome": 4001000000, "operatingIncomeRatio": 0.1612851211, "totalOtherIncomeExpensesNet": -222000000, "incomeBeforeTax": 3591000000, "incomeBeforeTaxRatio": 0.1447575281, "incomeTaxExpense": 1137000000, "netIncome": 2412000000, "netIncomeRatio": 0.0972306204, "eps": 3.09, "epsdiluted": 3.06, "weightedAverageShsOut": 780300000, "weightedAverageShsOutDil": 789400000, "link": "https://www.sec.gov/Archives/edgar/data/32604/000114420408066523/0001144204-08-066523-index.htm", "finalLink": "https://www.sec.gov/Archives/edgar/data/32604/000114420408066523/v132847_10k.htm", "calculatedOtherExpenses": 81000000, "calculatedOperatingExpenses": 5138000000, "calculatedNetInterest": 0, "calculatedOtherIncome": -410000000, "calculatedIncomeNonControlling": 42000000, "calculatedEbitda": 4708000000}, {"date": "2007-09-30", "symbol": "EMR", "reportedCurrency": "USD", "cik": "0000032604", "fillingDate": "2007-11-19", "acceptedDate": "2007-11-19 15:34:09", "calendarYear": "2007", "period": "FY", "revenue": 22572000000, "costOfRevenue": 14461000000, "grossProfit": 8111000000, "grossProfitRatio": 0.3593390041, "researchAndDevelopmentExpenses": 0, "generalAndAdministrativeExpenses": 0, "sellingAndMarketingExpenses": 0, "sellingGeneralAndAdministrativeExpenses": 4593000000, "otherExpenses": 63000000, "operatingExpenses": 4656000000, "costAndExpenses": 19117000000, "interestIncome": 0, "interestExpense": 0, "depreciationAndAmortization": 656000000, "ebitda": 4231000000, "ebitdaratio": 0.1874446217, "operatingIncome": 3455000000, "operatingIncomeRatio": 0.1530657452, "totalOtherIncomeExpensesNet": -120000000, "incomeBeforeTax": 3107000000, "incomeBeforeTaxRatio": 0.137648414, "incomeTaxExpense": 971000000, "netIncome": 2136000000, "netIncomeRatio": 0.0946305157, "eps": 2.69, "epsdiluted": 2.66, "weightedAverageShsOut": 793800000, "weightedAverageShsOutDil": 803900000, "link": "https://www.sec.gov/Archives/edgar/data/32604/000114420407063041/0001144204-07-063041-index.htm", "finalLink": "https://www.sec.gov/Archives/edgar/data/32604/000114420407063041/v094142_10k.htm", "calculatedOtherExpenses": 63000000, "calculatedOperatingExpenses": 4656000000, "calculatedNetInterest": 0, "calculatedOtherIncome": -348000000, "calculatedIncomeNonControlling": 0, "calculatedEbitda": 4111000000}, {"date": "2006-09-30", "symbol": "EMR", "reportedCurrency": "USD", "cik": "0000032604", "fillingDate": "2006-11-21", "acceptedDate": "2006-11-20 17:35:15", "calendarYear": "2006", "period": "FY", "revenue": 20133000000, "costOfRevenue": 12965000000, "grossProfit": 7168000000, "grossProfitRatio": 0.3560323846, "researchAndDevelopmentExpenses": 0, "generalAndAdministrativeExpenses": 0, "sellingAndMarketingExpenses": 0, "sellingGeneralAndAdministrativeExpenses": 4099000000, "otherExpenses": 47000000, "operatingExpenses": 4146000000, "costAndExpenses": 17111000000, "interestIncome": 0, "interestExpense": 0, "depreciationAndAmortization": 607000000, "ebitda": 3760000000, "ebitdaratio": 0.1867580589, "operatingIncome": 3022000000, "operatingIncomeRatio": 0.1501018229, "totalOtherIncomeExpensesNet": -131000000, "incomeBeforeTax": 2684000000, "incomeBeforeTaxRatio": 0.1333134655, "incomeTaxExpense": 839000000, "netIncome": 1845000000, "netIncomeRatio": 0.0916405901, "eps": 2.26, "epsdiluted": 2.24, "weightedAverageShsOut": 816371681, "weightedAverageShsOutDil": 823660714, "link": "https://www.sec.gov/Archives/edgar/data/32604/000119312506239412/0001193125-06-239412-index.htm", "finalLink": "https://www.sec.gov/Archives/edgar/data/32604/000119312506239412/d10k.htm", "calculatedOtherExpenses": 47000000, "calculatedOperatingExpenses": 4146000000, "calculatedNetInterest": 0, "calculatedOtherIncome": -338000000, "calculatedIncomeNonControlling": 0, "calculatedEbitda": 3629000000}, {"date": "2005-09-30", "symbol": "EMR", "reportedCurrency": "USD", "cik": "0000032604", "fillingDate": "2005-11-22", "acceptedDate": "2005-11-22 11:23:20", "calendarYear": "2005", "period": "FY", "revenue": 17305000000, "costOfRevenue": 11122000000, "grossProfit": 6183000000, "grossProfitRatio": 0.3572955793, "researchAndDevelopmentExpenses": 0, "generalAndAdministrativeExpenses": 0, "sellingAndMarketingExpenses": 0, "sellingGeneralAndAdministrativeExpenses": 3595000000, "otherExpenses": 28000000, "operatingExpenses": 3623000000, "costAndExpenses": 14745000000, "interestIncome": 0, "interestExpense": 0, "depreciationAndAmortization": 562000000, "ebitda": 3324000000, "ebitdaratio": 0.1920832129, "operatingIncome": 2560000000, "operatingIncomeRatio": 0.1479341231, "totalOtherIncomeExpensesNet": -202000000, "incomeBeforeTax": 2149000000, "incomeBeforeTaxRatio": 0.1241837619, "incomeTaxExpense": 727000000, "netIncome": 1422000000, "netIncomeRatio": 0.0821727824, "eps": 1.72, "epsdiluted": 1.7, "weightedAverageShsOut": 829154519, "weightedAverageShsOutDil": 836470588, "link": "https://www.sec.gov/Archives/edgar/data/32604/000119312505230745/0001193125-05-230745-index.htm", "finalLink": "https://www.sec.gov/Archives/edgar/data/32604/000119312505230745/d10k.htm", "calculatedOtherExpenses": 28000000, "calculatedOperatingExpenses": 3623000000, "calculatedNetInterest": 0, "calculatedOtherIncome": -411000000, "calculatedIncomeNonControlling": 0, "calculatedEbitda": 3122000000}, {"date": "2004-09-30", "symbol": "EMR", "reportedCurrency": "USD", "cik": "0000032604", "fillingDate": "2004-11-18", "acceptedDate": "2004-11-18 16:42:56", "calendarYear": "2004", "period": "FY", "revenue": 15615000000, "costOfRevenue": 10049000000, "grossProfit": 5566000000, "grossProfitRatio": 0.3564521294, "researchAndDevelopmentExpenses": 0, "generalAndAdministrativeExpenses": 0, "sellingAndMarketingExpenses": 0, "sellingGeneralAndAdministrativeExpenses": 3281000000, "otherExpenses": 21000000, "operatingExpenses": 3302000000, "costAndExpenses": 13351000000, "interestIncome": 0, "interestExpense": 0, "depreciationAndAmortization": 557000000, "ebitda": 3023000000, "ebitdaratio": 0.1935959014, "operatingIncome": 2264000000, "operatingIncomeRatio": 0.1449887928, "totalOtherIncomeExpensesNet": -202000000, "incomeBeforeTax": 1852000000, "incomeBeforeTaxRatio": 0.1186039065, "incomeTaxExpense": 595000000, "netIncome": 1257000000, "netIncomeRatio": 0.0804995197, "eps": 1.5, "epsdiluted": 1.49, "weightedAverageShsOut": 838000000, "weightedAverageShsOutDil": 843624161, "link": "https://www.sec.gov/Archives/edgar/data/32604/000003260404000033/0000032604-04-000033-index.htm", "finalLink": "https://www.sec.gov/Archives/edgar/data/32604/000003260404000033/form10kemerson2004.htm", "calculatedOtherExpenses": 21000000, "calculatedOperatingExpenses": 3302000000, "calculatedNetInterest": 0, "calculatedOtherIncome": -412000000, "calculatedIncomeNonControlling": 0, "calculatedEbitda": 2821000000}, {"date": "2003-09-30", "symbol": "EMR", "reportedCurrency": "USD", "cik": "0000032604", "fillingDate": "2003-09-30", "acceptedDate": "2003-09-30 00:00:00", "calendarYear": "2003", "period": "FY", "revenue": 13958000000, "costOfRevenue": 9060000000, "grossProfit": 4898000000, "grossProfitRatio": 0.3509098725, "researchAndDevelopmentExpenses": 0, "generalAndAdministrativeExpenses": 0, "sellingAndMarketingExpenses": 0, "sellingGeneralAndAdministrativeExpenses": 2935000000, "otherExpenses": 0, "operatingExpenses": 2935000000, "costAndExpenses": 11995000000, "interestIncome": 0, "interestExpense": 0, "depreciationAndAmortization": 534000000, "ebitda": 2815000000, "ebitdaratio": 0.2016764579, "operatingIncome": 1963000000, "operatingIncomeRatio": 0.1406361943, "totalOtherIncomeExpensesNet": -318000000, "incomeBeforeTax": 1414000000, "incomeBeforeTaxRatio": 0.1013039117, "incomeTaxExpense": 401000000, "netIncome": 1089000000, "netIncomeRatio": 0.0780197736, "eps": 1.3, "epsdiluted": 1.3, "weightedAverageShsOut": 837692308, "weightedAverageShsOutDil": 840926641, "link": null, "finalLink": null, "calculatedOtherExpenses": 0, "calculatedOperatingExpenses": 2935000000, "calculatedNetInterest": 0, "calculatedOtherIncome": -549000000, "calculatedIncomeNonControlling": -76000000, "calculatedEbitda": 2497000000}, {"date": "2002-09-30", "symbol": "EMR", "reportedCurrency": "USD", "cik": "0000032604", "fillingDate": "2002-12-23", "acceptedDate": "2002-12-23 17:00:21", "calendarYear": "2002", "period": "FY", "revenue": 13824000000, "costOfRevenue": 9000000000, "grossProfit": 4824000000, "grossProfitRatio": 0.3489583333, "researchAndDevelopmentExpenses": 0, "generalAndAdministrativeExpenses": 0, "sellingAndMarketingExpenses": 0, "sellingGeneralAndAdministrativeExpenses": 2922000000, "otherExpenses": 28000000, "operatingExpenses": 2950000000, "costAndExpenses": 11950000000, "interestIncome": 0, "interestExpense": 0, "depreciationAndAmortization": 541000000, "ebitda": 2491000000, "ebitdaratio": 0.1801938657, "operatingIncome": 1874000000, "operatingIncomeRatio": 0.1355613426, "totalOtherIncomeExpensesNet": -76000000, "incomeBeforeTax": 1565000000, "incomeBeforeTaxRatio": 0.113208912, "incomeTaxExpense": 505000000, "netIncome": 122000000, "netIncomeRatio": 0.0088252315, "eps": 0.14, "epsdiluted": 0.14, "weightedAverageShsOut": 841379310, "weightedAverageShsOutDil": 841379310, "link": "https://www.sec.gov/Archives/edgar/data/32604/000003260402000022/0000032604-02-000022-index.htm", "finalLink": "https://www.sec.gov/Archives/edgar/data/32604/000003260402000022/ye02-10k.htm", "calculatedOtherExpenses": 28000000, "calculatedOperatingExpenses": 2950000000, "calculatedNetInterest": 0, "calculatedOtherIncome": -309000000, "calculatedIncomeNonControlling": 938000000, "calculatedEbitda": 2415000000}, {"date": "2001-09-30", "symbol": "EMR", "reportedCurrency": "USD", "cik": "0000032604", "fillingDate": "2001-12-21", "acceptedDate": "2001-12-21 00:00:00", "calendarYear": "2001", "period": "FY", "revenue": 15479600000, "costOfRevenue": 10118500000, "grossProfit": 5361100000, "grossProfitRatio": 0.3463332386, "researchAndDevelopmentExpenses": 0, "generalAndAdministrativeExpenses": 0, "sellingAndMarketingExpenses": 0, "sellingGeneralAndAdministrativeExpenses": 3081900000, "otherExpenses": 690600000, "operatingExpenses": 3772500000, "costAndExpenses": 13891000000, "interestIncome": 0, "interestExpense": 0, "depreciationAndAmortization": 708500000, "ebitda": 2683400000, "ebitdaratio": 0.1733507326, "operatingIncome": 1588600000, "operatingIncomeRatio": 0.1026253908, "totalOtherIncomeExpensesNet": -386300000, "incomeBeforeTax": 1588600000, "incomeBeforeTaxRatio": 0.1026253908, "incomeTaxExpense": 556800000, "netIncome": 1031800000, "netIncomeRatio": 0.0666554691, "eps": 1.22, "epsdiluted": 1.2, "weightedAverageShsOut": 850800000, "weightedAverageShsOutDil": 859000000, "link": "https://www.sec.gov/Archives/edgar/data/32604/000003260401500032/0000032604-01-500032-index.htm", "finalLink": "https://www.sec.gov/Archives/edgar/data/32604/000003260401500032/ye0110k.htm", "calculatedOtherExpenses": 690600000, "calculatedOperatingExpenses": 3772500000, "calculatedNetInterest": 0, "calculatedOtherIncome": 0, "calculatedIncomeNonControlling": 0, "calculatedEbitda": 2297100000}, {"date": "2000-09-30", "symbol": "EMR", "reportedCurrency": "USD", "cik": "0000032604", "fillingDate": "2000-12-22", "acceptedDate": "2000-12-22 00:00:00", "calendarYear": "2000", "period": "FY", "revenue": 15544800000, "costOfRevenue": 10016000000, "grossProfit": 5528800000, "grossProfitRatio": 0.3556687767, "researchAndDevelopmentExpenses": 0, "generalAndAdministrativeExpenses": 0, "sellingAndMarketingExpenses": 0, "sellingGeneralAndAdministrativeExpenses": 2987900000, "otherExpenses": 0, "operatingExpenses": 2987900000, "costAndExpenses": 13003900000, "interestIncome": 0, "interestExpense": 0, "depreciationAndAmortization": 678500000, "ebitda": 3294400000, "ebitdaratio": 0.2119293912, "operatingIncome": 2540900000, "operatingIncomeRatio": 0.16345659, "totalOtherIncomeExpensesNet": -75000000, "incomeBeforeTax": 2178300000, "incomeBeforeTaxRatio": 0.1401304616, "incomeTaxExpense": 755900000, "netIncome": 1422400000, "netIncomeRatio": 0.091503268, "eps": 1.67, "epsdiluted": 1.65, "weightedAverageShsOut": 854800000, "weightedAverageShsOutDil": 862800000, "link": "https://www.sec.gov/Archives/edgar/data/32604/000003260400000030/0000032604-00-000030-index.htm", "finalLink": "https://www.sec.gov/Archives/edgar/data/32604/000003260400000030/0000032604-00-000030-0001.txt", "calculatedOtherExpenses": 0, "calculatedOperatingExpenses": 2987900000, "calculatedNetInterest": 0, "calculatedOtherIncome": -362600000, "calculatedIncomeNonControlling": 0, "calculatedEbitda": 3219400000}, {"date": "1999-09-30", "symbol": "EMR", "reportedCurrency": "USD", "cik": "0000032604", "fillingDate": "1999-12-20", "acceptedDate": "1999-12-20 00:00:00", "calendarYear": "1999", "period": "FY", "revenue": 14269500000, "costOfRevenue": 9193800000, "grossProfit": 5075700000, "grossProfitRatio": 0.3557027226, "researchAndDevelopmentExpenses": 0, "generalAndAdministrativeExpenses": 0, "sellingAndMarketingExpenses": 0, "sellingGeneralAndAdministrativeExpenses": 2770200000, "otherExpenses": 0, "operatingExpenses": 2770200000, "costAndExpenses": 11964000000, "interestIncome": 0, "interestExpense": 0, "depreciationAndAmortization": 637500000, "ebitda": 3037900000, "ebitdaratio": 0.2128946354, "operatingIncome": 2305500000, "operatingIncomeRatio": 0.1615683801, "totalOtherIncomeExpensesNet": -94900000, "incomeBeforeTax": 2020900000, "incomeBeforeTaxRatio": 0.1416237429, "incomeTaxExpense": 707300000, "netIncome": 1313600000, "netIncomeRatio": 0.0920564841, "eps": 1.52, "epsdiluted": 1.5, "weightedAverageShsOut": 867062706, "weightedAverageShsOutDil": 875733333, "link": "https://www.sec.gov/Archives/edgar/data/32604/000003260499000014/0000032604-99-000014-index.html", "finalLink": "https://www.sec.gov/Archives/edgar/data/32604/000003260499000014/", "calculatedOtherExpenses": 0, "calculatedOperatingExpenses": 2770200000, "calculatedNetInterest": 0, "calculatedOtherIncome": -284600000, "calculatedIncomeNonControlling": 0, "calculatedEbitda": 2943000000}, {"date": "1998-09-30", "symbol": "EMR", "reportedCurrency": "USD", "cik": "0000032604", "fillingDate": "1998-12-23", "acceptedDate": "1998-12-23 00:00:00", "calendarYear": "1998", "period": "FY", "revenue": 13447200000, "costOfRevenue": 8595600000, "grossProfit": 4851600000, "grossProfitRatio": 0.3607888631, "researchAndDevelopmentExpenses": 0, "generalAndAdministrativeExpenses": 0, "sellingAndMarketingExpenses": 0, "sellingGeneralAndAdministrativeExpenses": 2676700000, "otherExpenses": 0, "operatingExpenses": 2676700000, "costAndExpenses": 11272300000, "interestIncome": 0, "interestExpense": 0, "depreciationAndAmortization": 562500000, "ebitda": 2837100000, "ebitdaratio": 0.2109807246, "operatingIncome": 2174900000, "operatingIncomeRatio": 0.1617362722, "totalOtherIncomeExpensesNet": -99700000, "incomeBeforeTax": 1923500000, "incomeBeforeTaxRatio": 0.1430409305, "incomeTaxExpense": 694900000, "netIncome": 1228600000, "netIncomeRatio": 0.0913647451, "eps": 1.4, "epsdiluted": 1.39, "weightedAverageShsOut": 877571429, "weightedAverageShsOutDil": 887075812, "link": "https://www.sec.gov/Archives/edgar/data/32604/000003260498000016/0000032604-98-000016-index.html", "finalLink": "https://www.sec.gov/Archives/edgar/data/32604/", "calculatedOtherExpenses": 0, "calculatedOperatingExpenses": 2676700000, "calculatedNetInterest": 0, "calculatedOtherIncome": -251400000, "calculatedIncomeNonControlling": 0, "calculatedEbitda": 2737400000}, {"date": "1997-09-30", "symbol": "EMR", "reportedCurrency": "USD", "cik": "0000032604", "fillingDate": "1997-12-19", "acceptedDate": "1997-12-19 00:00:00", "calendarYear": "1997", "period": "FY", "revenue": 12298600000, "costOfRevenue": 7865600000, "grossProfit": 4433000000, "grossProfitRatio": 0.3604475306, "researchAndDevelopmentExpenses": 0, "generalAndAdministrativeExpenses": 0, "sellingAndMarketingExpenses": 0, "sellingGeneralAndAdministrativeExpenses": 2450900000, "otherExpenses": 0, "operatingExpenses": 2450900000, "costAndExpenses": 10316500000, "interestIncome": 0, "interestExpense": 0, "depreciationAndAmortization": 511600000, "ebitda": 2571300000, "ebitdaratio": 0.2090725774, "operatingIncome": 1982100000, "operatingIncomeRatio": 0.1611646854, "totalOtherIncomeExpensesNet": -77600000, "incomeBeforeTax": 1783600000, "incomeBeforeTaxRatio": 0.145024637, "incomeTaxExpense": 661700000, "netIncome": 1121900000, "netIncomeRatio": 0.0912217651, "eps": 1.26, "epsdiluted": 1.26, "weightedAverageShsOut": 890396825, "weightedAverageShsOutDil": 891514000, "link": "https://www.sec.gov/Archives/edgar/data/32604/000003260497000015/0000032604-97-000015-index.html", "finalLink": "https://www.sec.gov/Archives/edgar/data/32604/", "calculatedOtherExpenses": 0, "calculatedOperatingExpenses": 2450900000, "calculatedNetInterest": 0, "calculatedOtherIncome": -198500000, "calculatedIncomeNonControlling": 0, "calculatedEbitda": 2493700000}, {"date": "1996-09-30", "symbol": "EMR", "reportedCurrency": "USD", "cik": "0000032604", "fillingDate": "1996-12-19", "acceptedDate": "1996-12-19 00:00:00", "calendarYear": "1996", "period": "FY", "revenue": 11149900000, "costOfRevenue": 7165000000, "grossProfit": 3984900000, "grossProfitRatio": 0.3573933399, "researchAndDevelopmentExpenses": 0, "generalAndAdministrativeExpenses": 0, "sellingAndMarketingExpenses": 0, "sellingGeneralAndAdministrativeExpenses": 2192000000, "otherExpenses": 0, "operatingExpenses": 2192000000, "costAndExpenses": 9357000000, "interestIncome": 0, "interestExpense": 0, "depreciationAndAmortization": 464600000, "ebitda": 2314500000, "ebitdaratio": 0.207580337, "operatingIncome": 1792900000, "operatingIncomeRatio": 0.1607996484, "totalOtherIncomeExpensesNet": -57000000, "incomeBeforeTax": 1609000000, "incomeBeforeTaxRatio": 0.144306227, "incomeTaxExpense": 590500000, "netIncome": 1018500000, "netIncomeRatio": 0.0913461107, "eps": 1.14, "epsdiluted": 1.14, "weightedAverageShsOut": 897356828, "weightedAverageShsOutDil": 897356828, "link": "https://www.sec.gov/Archives/edgar/data/32604/000003260496000015/0000032604-96-000015-index.html", "finalLink": "https://www.sec.gov/Archives/edgar/data/32604/", "calculatedOtherExpenses": 0, "calculatedOperatingExpenses": 2192000000, "calculatedNetInterest": 0, "calculatedOtherIncome": -183900000, "calculatedIncomeNonControlling": 0, "calculatedEbitda": 2257500000}, {"date": "1995-09-30", "symbol": "EMR", "reportedCurrency": "USD", "cik": "0000032604", "fillingDate": "1995-12-21", "acceptedDate": "1995-12-21 00:00:00", "calendarYear": "1995", "period": "FY", "revenue": 10012900000, "costOfRevenue": 6480400000, "grossProfit": 3532500000, "grossProfitRatio": 0.3527948946, "researchAndDevelopmentExpenses": 0, "generalAndAdministrativeExpenses": 0, "sellingAndMarketingExpenses": 0, "sellingGeneralAndAdministrativeExpenses": 1933200000, "otherExpenses": 0, "operatingExpenses": 1933200000, "costAndExpenses": 8413600000, "interestIncome": 0, "interestExpense": 0, "depreciationAndAmortization": 408900000, "ebitda": 2037000000, "ebitdaratio": 0.2034375655, "operatingIncome": 1599300000, "operatingIncomeRatio": 0.1597239561, "totalOtherIncomeExpensesNet": -28800000, "incomeBeforeTax": 1459900000, "incomeBeforeTaxRatio": 0.1458019155, "incomeTaxExpense": 530900000, "netIncome": 907700000, "netIncomeRatio": 0.0906530576, "eps": 1.01, "epsdiluted": 1.01, "weightedAverageShsOut": 894285714, "weightedAverageShsOutDil": 894285714, "link": "https://www.sec.gov/Archives/edgar/data/32604/000003260495000011/0000032604-95-000011-index.html", "finalLink": "https://www.sec.gov/Archives/edgar/data/32604/", "calculatedOtherExpenses": 0, "calculatedOperatingExpenses": 1933200000, "calculatedNetInterest": 0, "calculatedOtherIncome": -139400000, "calculatedIncomeNonControlling": 21300000, "calculatedEbitda": 2008200000}, {"date": "1994-09-30", "symbol": "EMR", "reportedCurrency": "USD", "cik": "0000032604", "fillingDate": "1994-12-22", "acceptedDate": "1994-12-22 00:00:00", "calendarYear": "1994", "period": "FY", "revenue": 8607200000, "costOfRevenue": 5553000000, "grossProfit": 3054200000, "grossProfitRatio": 0.3548424575, "researchAndDevelopmentExpenses": 0, "generalAndAdministrativeExpenses": 0, "sellingAndMarketingExpenses": 0, "sellingGeneralAndAdministrativeExpenses": 1679600000, "otherExpenses": 0, "operatingExpenses": 1679600000, "costAndExpenses": 7232600000, "interestIncome": 0, "interestExpense": 0, "depreciationAndAmortization": 364500000, "ebitda": 1597400000, "ebitdaratio": 0.1855888094, "operatingIncome": 1374600000, "operatingIncomeRatio": 0.159703504, "totalOtherIncomeExpensesNet": 141700000, "incomeBeforeTax": 1427800000, "incomeBeforeTaxRatio": 0.1658843759, "incomeTaxExpense": 523400000, "netIncome": 788500000, "netIncomeRatio": 0.0916093503, "eps": 0.88, "epsdiluted": 0.88, "weightedAverageShsOut": 896928000, "weightedAverageShsOutDil": 896928000, "link": "https://www.sec.gov/Archives/edgar/data/32604/000003260494000022/0000032604-94-000022-index.html", "finalLink": "https://www.sec.gov/Archives/edgar/data/32604/", "calculatedOtherExpenses": 0, "calculatedOperatingExpenses": 1679600000, "calculatedNetInterest": 0, "calculatedOtherIncome": 53200000, "calculatedIncomeNonControlling": 115900000, "calculatedEbitda": 1739100000}, {"date": "1993-09-30", "symbol": "EMR", "reportedCurrency": "USD", "cik": "0000032604", "fillingDate": "1993-09-30", "acceptedDate": "1993-09-30 00:00:00", "calendarYear": "1993", "period": "FY", "revenue": 8173800000, "costOfRevenue": 4949100000, "grossProfit": 3224700000, "grossProfitRatio": 0.3945166263, "researchAndDevelopmentExpenses": 0, "generalAndAdministrativeExpenses": 0, "sellingAndMarketingExpenses": 0, "sellingGeneralAndAdministrativeExpenses": 1606600000, "otherExpenses": 340700000, "operatingExpenses": 1947300000, "costAndExpenses": 6896400000, "interestIncome": 0, "interestExpense": 0, "depreciationAndAmortization": 340700000, "ebitda": 1664300000, "ebitdaratio": 0.2036139862, "operatingIncome": 1277400000, "operatingIncomeRatio": 0.1562798209, "totalOtherIncomeExpensesNet": -46200000, "incomeBeforeTax": 1112000000, "incomeBeforeTaxRatio": 0.1360444347, "incomeTaxExpense": 403900000, "netIncome": 708100000, "netIncomeRatio": 0.0866304534, "eps": 0.79, "epsdiluted": 0.79, "weightedAverageShsOut": 896329114, "weightedAverageShsOutDil": 896329114, "link": null, "finalLink": null, "calculatedOtherExpenses": 340700000, "calculatedOperatingExpenses": 1947300000, "calculatedNetInterest": 0, "calculatedOtherIncome": -165400000, "calculatedIncomeNonControlling": 0, "calculatedEbitda": 1618100000}, {"date": "1992-09-30", "symbol": "EMR", "reportedCurrency": "USD", "cik": "0000032604", "fillingDate": "1992-09-30", "acceptedDate": "1992-09-30 00:00:00", "calendarYear": "1992", "period": "FY", "revenue": 7706000000, "costOfRevenue": 4759400000, "grossProfit": 2946600000, "grossProfitRatio": 0.3823773683, "researchAndDevelopmentExpenses": 0, "generalAndAdministrativeExpenses": 0, "sellingAndMarketingExpenses": 0, "sellingGeneralAndAdministrativeExpenses": 1460100000, "otherExpenses": 295200000, "operatingExpenses": 1755300000, "costAndExpenses": 6514700000, "interestIncome": 0, "interestExpense": 0, "depreciationAndAmortization": 295200000, "ebitda": 1542900000, "ebitdaratio": 0.2002206073, "operatingIncome": 1191300000, "operatingIncomeRatio": 0.154593823, "totalOtherIncomeExpensesNet": -56400000, "incomeBeforeTax": 1043900000, "incomeBeforeTaxRatio": 0.1354658708, "incomeTaxExpense": 381000000, "netIncome": 662900000, "netIncomeRatio": 0.0860238775, "eps": 0.74, "epsdiluted": 0.74, "weightedAverageShsOut": 895810811, "weightedAverageShsOutDil": 895810811, "link": null, "finalLink": null, "calculatedOtherExpenses": 295200000, "calculatedOperatingExpenses": 1755300000, "calculatedNetInterest": 0, "calculatedOtherIncome": -147400000, "calculatedIncomeNonControlling": 0, "calculatedEbitda": 1486500000}, {"date": "1991-09-30", "symbol": "EMR", "reportedCurrency": "USD", "cik": "0000032604", "fillingDate": "1991-09-30", "acceptedDate": "1991-09-30 00:00:00", "calendarYear": "1991", "period": "FY", "revenue": 7427000000, "costOfRevenue": 4547100000, "grossProfit": 2879900000, "grossProfitRatio": 0.3877608725, "researchAndDevelopmentExpenses": 0, "generalAndAdministrativeExpenses": 0, "sellingAndMarketingExpenses": 0, "sellingGeneralAndAdministrativeExpenses": 1434100000, "otherExpenses": 294400000, "operatingExpenses": 1728500000, "costAndExpenses": 6275600000, "interestIncome": 0, "interestExpense": 0, "depreciationAndAmortization": 294400000, "ebitda": 1480700000, "ebitdaratio": 0.1993671738, "operatingIncome": 1151400000, "operatingIncomeRatio": 0.1550289484, "totalOtherIncomeExpensesNet": -34900000, "incomeBeforeTax": 1003100000, "incomeBeforeTaxRatio": 0.135061263, "incomeTaxExpense": 371200000, "netIncome": 631900000, "netIncomeRatio": 0.0850814595, "eps": 0.71, "epsdiluted": 0.71, "weightedAverageShsOut": 890000000, "weightedAverageShsOutDil": 890000000, "link": null, "finalLink": null, "calculatedOtherExpenses": 294400000, "calculatedOperatingExpenses": 1728500000, "calculatedNetInterest": 0, "calculatedOtherIncome": -148300000, "calculatedIncomeNonControlling": 0, "calculatedEbitda": 1445800000}, {"date": "1990-09-30", "symbol": "EMR", "reportedCurrency": "USD", "cik": "0000032604", "fillingDate": "1990-09-30", "acceptedDate": "1990-09-30 00:00:00", "calendarYear": "1990", "period": "FY", "revenue": 7573400000, "costOfRevenue": 4732500000, "grossProfit": 2840900000, "grossProfitRatio": 0.375115536, "researchAndDevelopmentExpenses": 0, "generalAndAdministrativeExpenses": 0, "sellingAndMarketingExpenses": 0, "sellingGeneralAndAdministrativeExpenses": 1428400000, "otherExpenses": 269300000, "operatingExpenses": 1697700000, "costAndExpenses": 6430200000, "interestIncome": 0, "interestExpense": 0, "depreciationAndAmortization": 269300000, "ebitda": 1450200000, "ebitdaratio": 0.1914859904, "operatingIncome": 1143200000, "operatingIncomeRatio": 0.1509493754, "totalOtherIncomeExpensesNet": -37700000, "incomeBeforeTax": 989000000, "incomeBeforeTaxRatio": 0.1305886392, "incomeTaxExpense": 375800000, "netIncome": 613200000, "netIncomeRatio": 0.0809675971, "eps": 0.69, "epsdiluted": 0.69, "weightedAverageShsOut": 888695652, "weightedAverageShsOutDil": 888695652, "link": null, "finalLink": null, "calculatedOtherExpenses": 269300000, "calculatedOperatingExpenses": 1697700000, "calculatedNetInterest": 0, "calculatedOtherIncome": -154200000, "calculatedIncomeNonControlling": 0, "calculatedEbitda": 1412500000}, {"date": "1989-09-30", "symbol": "EMR", "reportedCurrency": "USD", "cik": "0000032604", "fillingDate": "1989-09-30", "acceptedDate": "1989-09-30 00:00:00", "calendarYear": "1989", "period": "FY", "revenue": 7071300000, "costOfRevenue": 4431900000, "grossProfit": 2639400000, "grossProfitRatio": 0.3732552713, "researchAndDevelopmentExpenses": 0, "generalAndAdministrativeExpenses": 0, "sellingAndMarketingExpenses": 0, "sellingGeneralAndAdministrativeExpenses": 1335600000, "otherExpenses": 230800000, "operatingExpenses": 1566400000, "costAndExpenses": 5998300000, "interestIncome": 0, "interestExpense": 0, "depreciationAndAmortization": 230800000, "ebitda": 1344400000, "ebitdaratio": 0.1901206285, "operatingIncome": 1073000000, "operatingIncomeRatio": 0.1517401326, "totalOtherIncomeExpensesNet": -40600000, "incomeBeforeTax": 954000000, "incomeBeforeTaxRatio": 0.1349115438, "incomeTaxExpense": 366000000, "netIncome": 588000000, "netIncomeRatio": 0.083153027, "eps": 0.66, "epsdiluted": 0.66, "weightedAverageShsOut": 890909091, "weightedAverageShsOutDil": 890909091, "link": null, "finalLink": null, "calculatedOtherExpenses": 230800000, "calculatedOperatingExpenses": 1566400000, "calculatedNetInterest": 0, "calculatedOtherIncome": -119000000, "calculatedIncomeNonControlling": 0, "calculatedEbitda": 1303800000}, {"date": "1988-09-30", "symbol": "EMR", "reportedCurrency": "USD", "cik": "0000032604", "fillingDate": "1988-09-30", "acceptedDate": "1988-09-30 00:00:00", "calendarYear": "1988", "period": "FY", "revenue": 6651500000, "costOfRevenue": 4205600000, "grossProfit": 2445900000, "grossProfitRatio": 0.3677215666, "researchAndDevelopmentExpenses": 0, "generalAndAdministrativeExpenses": 0, "sellingAndMarketingExpenses": 0, "sellingGeneralAndAdministrativeExpenses": 1223100000, "otherExpenses": 227300000, "operatingExpenses": 1450400000, "costAndExpenses": 5656000000, "interestIncome": 0, "interestExpense": 0, "depreciationAndAmortization": 227300000, "ebitda": 1282300000, "ebitdaratio": 0.1927835827, "operatingIncome": 995500000, "operatingIncomeRatio": 0.149665489, "totalOtherIncomeExpensesNet": -59500000, "incomeBeforeTax": 859800000, "incomeBeforeTaxRatio": 0.1292640758, "incomeTaxExpense": 331000000, "netIncome": 528800000, "netIncomeRatio": 0.0795008645, "eps": 0.58, "epsdiluted": 0.58, "weightedAverageShsOut": 911724138, "weightedAverageShsOutDil": 911724138, "link": null, "finalLink": null, "calculatedOtherExpenses": 227300000, "calculatedOperatingExpenses": 1450400000, "calculatedNetInterest": 0, "calculatedOtherIncome": -135700000, "calculatedIncomeNonControlling": 0, "calculatedEbitda": 1222800000}, {"date": "1987-09-30", "symbol": "EMR", "reportedCurrency": "USD", "cik": "0000032604", "fillingDate": "1987-09-30", "acceptedDate": "1987-09-30 00:00:00", "calendarYear": "1987", "period": "FY", "revenue": 6170300000, "costOfRevenue": 3875400000, "grossProfit": 2294900000, "grossProfitRatio": 0.3719268107, "researchAndDevelopmentExpenses": 0, "generalAndAdministrativeExpenses": 0, "sellingAndMarketingExpenses": 0, "sellingGeneralAndAdministrativeExpenses": 1157700000, "otherExpenses": 214300000, "operatingExpenses": 1372000000, "costAndExpenses": 5247400000, "interestIncome": 0, "interestExpense": 0, "depreciationAndAmortization": 214300000, "ebitda": 1166000000, "ebitdaratio": 0.1889697422, "operatingIncome": 922900000, "operatingIncomeRatio": 0.1495713336, "totalOtherIncomeExpensesNet": -28800000, "incomeBeforeTax": 810600000, "incomeBeforeTaxRatio": 0.1313712461, "incomeTaxExpense": 343400000, "netIncome": 467200000, "netIncomeRatio": 0.0757175502, "eps": 0.5, "epsdiluted": 0.5, "weightedAverageShsOut": 934400000, "weightedAverageShsOutDil": 934400000, "link": null, "finalLink": null, "calculatedOtherExpenses": 214300000, "calculatedOperatingExpenses": 1372000000, "calculatedNetInterest": 0, "calculatedOtherIncome": -112300000, "calculatedIncomeNonControlling": 0, "calculatedEbitda": 1137200000}, {"date": "1986-09-30", "symbol": "EMR", "reportedCurrency": "USD", "cik": "0000032604", "fillingDate": "1986-09-30", "acceptedDate": "1986-09-30 00:00:00", "calendarYear": "1986", "period": "FY", "revenue": 4952900000, "costOfRevenue": 3044500000, "grossProfit": 1908400000, "grossProfitRatio": 0.3853096166, "researchAndDevelopmentExpenses": 0, "generalAndAdministrativeExpenses": 0, "sellingAndMarketingExpenses": 0, "sellingGeneralAndAdministrativeExpenses": 987900000, "otherExpenses": 163600000, "operatingExpenses": 1151500000, "costAndExpenses": 4196000000, "interestIncome": 0, "interestExpense": 0, "depreciationAndAmortization": 163600000, "ebitda": 913300000, "ebitdaratio": 0.1843970199, "operatingIncome": 756900000, "operatingIncomeRatio": 0.1528195603, "totalOtherIncomeExpensesNet": 7200000, "incomeBeforeTax": 715000000, "incomeBeforeTaxRatio": 0.14435987, "incomeTaxExpense": 306100000, "netIncome": 408900000, "netIncomeRatio": 0.0825576935, "eps": 0.47, "epsdiluted": 0.47, "weightedAverageShsOut": 870000000, "weightedAverageShsOutDil": 870000000, "link": null, "finalLink": null, "calculatedOtherExpenses": 163600000, "calculatedOperatingExpenses": 1151500000, "calculatedNetInterest": 0, "calculatedOtherIncome": -41900000, "calculatedIncomeNonControlling": 0, "calculatedEbitda": 920500000}, {"date": "1985-09-30", "symbol": "EMR", "reportedCurrency": "USD", "cik": "0000032604", "fillingDate": "1985-09-30", "acceptedDate": "1985-09-30 00:00:00", "calendarYear": "1985", "period": "FY", "revenue": 4649200000, "costOfRevenue": 2823900000, "grossProfit": 1825300000, "grossProfitRatio": 0.3926051794, "researchAndDevelopmentExpenses": 0, "generalAndAdministrativeExpenses": 0, "sellingAndMarketingExpenses": 0, "sellingGeneralAndAdministrativeExpenses": 937800000, "otherExpenses": 148000000, "operatingExpenses": 1085800000, "costAndExpenses": 3909700000, "interestIncome": 0, "interestExpense": 0, "depreciationAndAmortization": 148000000, "ebitda": 896100000, "ebitdaratio": 0.1927428375, "operatingIncome": 739500000, "operatingIncomeRatio": 0.1590596232, "totalOtherIncomeExpensesNet": -8600000, "incomeBeforeTax": 694100000, "incomeBeforeTaxRatio": 0.1492945023, "incomeTaxExpense": 293000000, "netIncome": 401100000, "netIncomeRatio": 0.0862729072, "eps": 0.46, "epsdiluted": 0.46, "weightedAverageShsOut": 881538462, "weightedAverageShsOutDil": 881538462, "link": null, "finalLink": null, "calculatedOtherExpenses": 148000000, "calculatedOperatingExpenses": 1085800000, "calculatedNetInterest": 0, "calculatedOtherIncome": -45400000, "calculatedIncomeNonControlling": 0, "calculatedEbitda": 887500000}]}