{"originalCurrency": "USD", "convertedCurrency": "USD", "report": [{"date": "2023-12-31", "symbol": "ENJ", "reportedCurrency": "USD", "cik": "0000065984", "fillingDate": "2024-02-23", "acceptedDate": "2024-02-23 11:05:00", "calendarYear": "2023", "period": "FY", "revenue": 12147412000, "costOfRevenue": 6817976000, "grossProfit": 5329436000, "grossProfitRatio": 0.4387301591, "researchAndDevelopmentExpenses": 0, "generalAndAdministrativeExpenses": 0, "sellingAndMarketingExpenses": 0, "sellingGeneralAndAdministrativeExpenses": 13402000, "otherExpenses": -201013000, "operatingExpenses": 2668782000, "costAndExpenses": 9486758000, "interestIncome": 162726000, "interestExpense": 1006406000, "depreciationAndAmortization": 2244479000, "ebitda": 4866846000, "ebitdaratio": 0.4006487966, "operatingIncome": 2617975000, "operatingIncomeRatio": 0.2155170994, "totalOtherIncomeExpensesNet": -145199000, "incomeBeforeTax": 1671775000, "incomeBeforeTaxRatio": 0.1376239647, "incomeTaxExpense": -690535000, "netIncome": 2362310000, "netIncomeRatio": 0.1944702295, "eps": 11.14, "epsdiluted": 11.1, "weightedAverageShsOut": 211569931, "weightedAverageShsOutDil": 212376495, "link": "https://www.sec.gov/Archives/edgar/data/65984/000006598424000012/0000065984-24-000012-index.htm", "finalLink": "https://www.sec.gov/Archives/edgar/data/7323/000006598424000012/etr-20231231.htm", "calculatedOtherExpenses": 2698059000, "calculatedOperatingExpenses": 2711461000, "calculatedNetInterest": -843680000, "calculatedOtherIncome": -102520000, "calculatedIncomeNonControlling": 0, "calculatedEbitda": 4862454000}, {"date": "2022-12-31", "symbol": "ENJ", "reportedCurrency": "USD", "cik": "0000065984", "fillingDate": "2023-02-24", "acceptedDate": "2023-02-24 11:41:59", "calendarYear": "2022", "period": "FY", "revenue": 13764237000, "costOfRevenue": 8488886000, "grossProfit": 5275351000, "grossProfitRatio": 0.3832650513, "researchAndDevelopmentExpenses": 0, "generalAndAdministrativeExpenses": 0, "sellingAndMarketingExpenses": 0, "sellingGeneralAndAdministrativeExpenses": 15347000, "otherExpenses": 3388040000, "operatingExpenses": 3388040000, "costAndExpenses": 11876926000, "interestIncome": -75581000, "interestExpense": 987818000, "depreciationAndAmortization": 1949278000, "ebitda": 4000053000, "ebitdaratio": 0.2906120405, "operatingIncome": 2050775000, "operatingIncomeRatio": 0.1489930027, "totalOtherIncomeExpensesNet": -992615000, "incomeBeforeTax": 1058160000, "incomeBeforeTaxRatio": 0.0768774906, "incomeTaxExpense": -38978000, "netIncome": 1097138000, "netIncomeRatio": 0.0797093221, "eps": 5.4, "epsdiluted": 5.37, "weightedAverageShsOut": 204450354, "weightedAverageShsOutDil": 205547578, "link": "https://www.sec.gov/Archives/edgar/data/65984/000006598423000014/0000065984-23-000014-index.htm", "finalLink": "https://www.sec.gov/Archives/edgar/data/7323/000006598423000014/etr-20221231.htm", "calculatedOtherExpenses": 3209229000, "calculatedOperatingExpenses": 3224576000, "calculatedNetInterest": -1063399000, "calculatedOtherIncome": 70784000, "calculatedIncomeNonControlling": 0, "calculatedEbitda": 4000053000}, {"date": "2021-12-31", "symbol": "ENJ", "reportedCurrency": "USD", "cik": "0000065984", "fillingDate": "2022-02-25", "acceptedDate": "2022-02-25 10:40:47", "calendarYear": "2021", "period": "FY", "revenue": 11742896000, "costOfRevenue": 6871030000, "grossProfit": 4871866000, "grossProfitRatio": 0.4148777269, "researchAndDevelopmentExpenses": 0, "generalAndAdministrativeExpenses": 0, "sellingAndMarketingExpenses": 0, "sellingGeneralAndAdministrativeExpenses": 48501000, "otherExpenses": 2762615000, "operatingExpenses": 2762615000, "costAndExpenses": 9633645000, "interestIncome": 430466000, "interestExpense": 834694000, "depreciationAndAmortization": 2735257000, "ebitda": 4580883000, "ebitdaratio": 0.3900982347, "operatingIncome": 1845626000, "operatingIncomeRatio": 0.1571695772, "totalOtherIncomeExpensesNet": -535533000, "incomeBeforeTax": 1310093000, "incomeBeforeTaxRatio": 0.1115647282, "incomeTaxExpense": 191374000, "netIncome": 1118719000, "netIncomeRatio": 0.0952677261, "eps": 5.57, "epsdiluted": 5.54, "weightedAverageShsOut": 200941511, "weightedAverageShsOutDil": 201873024, "link": "https://www.sec.gov/Archives/edgar/data/65984/000006598422000017/0000065984-22-000017-index.htm", "finalLink": "https://www.sec.gov/Archives/edgar/data/7323/000006598422000017/etr-20211231.htm", "calculatedOtherExpenses": 2977739000, "calculatedOperatingExpenses": 3026240000, "calculatedNetInterest": -404228000, "calculatedOtherIncome": -131305000, "calculatedIncomeNonControlling": 0, "calculatedEbitda": 4580883000}, {"date": "2020-12-31", "symbol": "ENJ", "reportedCurrency": "USD", "cik": "0000065984", "fillingDate": "2021-02-26", "acceptedDate": "2021-02-26 12:31:41", "calendarYear": "2020", "period": "FY", "revenue": 10113636000, "costOfRevenue": 5655422000, "grossProfit": 4458214000, "grossProfitRatio": 0.4408121866, "researchAndDevelopmentExpenses": 0, "generalAndAdministrativeExpenses": 0, "sellingAndMarketingExpenses": 0, "sellingGeneralAndAdministrativeExpenses": 133667000, "otherExpenses": 2662396000, "operatingExpenses": 2662396000, "costAndExpenses": 8317818000, "interestIncome": 392818000, "interestExpense": 785663000, "depreciationAndAmortization": 2466558000, "ebitda": 4235753000, "ebitdaratio": 0.418816042, "operatingIncome": 1769195000, "operatingIncomeRatio": 0.1749316467, "totalOtherIncomeExpensesNet": -484048000, "incomeBeforeTax": 1285147000, "incomeBeforeTaxRatio": 0.1270707192, "incomeTaxExpense": -121506000, "netIncome": 1406653000, "netIncomeRatio": 0.139084796, "eps": 6.94, "epsdiluted": 6.9, "weightedAverageShsOut": 200106945, "weightedAverageShsOutDil": 201102220, "link": "https://www.sec.gov/Archives/edgar/data/65984/000006598421000096/0000065984-21-000096-index.htm", "finalLink": "https://www.sec.gov/Archives/edgar/data/7323/000006598421000096/etr-20201231.htm", "calculatedOtherExpenses": 2555352000, "calculatedOperatingExpenses": 2689019000, "calculatedNetInterest": -392845000, "calculatedOtherIncome": -91203000, "calculatedIncomeNonControlling": 0, "calculatedEbitda": 4235753000}, {"date": "2019-12-31", "symbol": "ENJ", "reportedCurrency": "USD", "cik": "0000065984", "fillingDate": "2020-02-21", "acceptedDate": "2020-02-21 12:33:43", "calendarYear": "2019", "period": "FY", "revenue": 10878673000, "costOfRevenue": 6699806000, "grossProfit": 4178867000, "grossProfitRatio": 0.3841338921, "researchAndDevelopmentExpenses": 0, "generalAndAdministrativeExpenses": 0, "sellingAndMarketingExpenses": 0, "sellingGeneralAndAdministrativeExpenses": 94992000, "otherExpenses": 2498343000, "operatingExpenses": 2498343000, "costAndExpenses": 9198149000, "interestIncome": 547912000, "interestExpense": 742425000, "depreciationAndAmortization": 2182313000, "ebitda": 4158210000, "ebitdaratio": 0.3822350391, "operatingIncome": 1975897000, "operatingIncomeRatio": 0.181630333, "totalOtherIncomeExpensesNet": -887478000, "incomeBeforeTax": 1088419000, "incomeBeforeTaxRatio": 0.1000507139, "incomeTaxExpense": -169825000, "netIncome": 1258244000, "netIncomeRatio": 0.1156615334, "eps": 6.36, "epsdiluted": 6.3, "weightedAverageShsOut": 195195858, "weightedAverageShsOutDil": 196999284, "link": "https://www.sec.gov/Archives/edgar/data/65984/000006598420000069/0000065984-20-000069-index.htm", "finalLink": "https://www.sec.gov/Archives/edgar/data/7323/000006598420000069/etr-12312019x10k.htm", "calculatedOtherExpenses": 2107978000, "calculatedOperatingExpenses": 2202970000, "calculatedNetInterest": -194513000, "calculatedOtherIncome": -692965000, "calculatedIncomeNonControlling": 0, "calculatedEbitda": 4158210000}, {"date": "2018-12-31", "symbol": "ENJ", "reportedCurrency": "USD", "cik": "0000065984", "fillingDate": "2019-02-26", "acceptedDate": "2019-02-26 12:55:40", "calendarYear": "2018", "period": "FY", "revenue": 11009452000, "costOfRevenue": 7306815000, "grossProfit": 3702637000, "grossProfitRatio": 0.3363143779, "researchAndDevelopmentExpenses": 0, "generalAndAdministrativeExpenses": 0, "sellingAndMarketingExpenses": 0, "sellingGeneralAndAdministrativeExpenses": 89034000, "otherExpenses": -129754000, "operatingExpenses": 2700951000, "costAndExpenses": 10007766000, "interestIncome": 63864000, "interestExpense": 707348000, "depreciationAndAmortization": 2040555000, "ebitda": 2976351000, "ebitdaratio": 0.2703450635, "operatingIncome": 469365000, "operatingIncomeRatio": 0.0426329122, "totalOtherIncomeExpensesNet": -532473000, "incomeBeforeTax": -174271000, "incomeBeforeTaxRatio": -0.0158292166, "incomeTaxExpense": -1036826000, "netIncome": 862555000, "netIncomeRatio": 0.0783467697, "eps": 4.75, "epsdiluted": 4.7, "weightedAverageShsOut": 181409597, "weightedAverageShsOutDil": 183378513, "link": "https://www.sec.gov/Archives/edgar/data/65984/000006598419000082/0000065984-19-000082-index.htm", "finalLink": "https://www.sec.gov/Archives/edgar/data/7323/000006598419000082/etr-12312018x10k.htm", "calculatedOtherExpenses": 3144238000, "calculatedOperatingExpenses": 3233272000, "calculatedNetInterest": -643484000, "calculatedOtherIncome": -152000, "calculatedIncomeNonControlling": 0, "calculatedEbitda": 2509920000}, {"date": "2017-12-31", "symbol": "ENJ", "reportedCurrency": "USD", "cik": "0000065984", "fillingDate": "2018-02-26", "acceptedDate": "2018-02-26 09:03:03", "calendarYear": "2017", "period": "FY", "revenue": 11074481000, "costOfRevenue": 7549751000, "grossProfit": 3524730000, "grossProfitRatio": 0.3182749602, "researchAndDevelopmentExpenses": 0, "generalAndAdministrativeExpenses": 0, "sellingAndMarketingExpenses": 0, "sellingGeneralAndAdministrativeExpenses": 85168000, "otherExpenses": -12701000, "operatingExpenses": 2281318000, "costAndExpenses": 9831069000, "interestIncome": 288197000, "interestExpense": 662343000, "depreciationAndAmortization": 2078578000, "ebitda": 3597486000, "ebitdaratio": 0.3248446586, "operatingIncome": 1259682000, "operatingIncomeRatio": 0.1137463688, "totalOtherIncomeExpensesNet": 98657000, "incomeBeforeTax": 967923000, "incomeBeforeTaxRatio": 0.0874012064, "incomeTaxExpense": 542570000, "netIncome": 425353000, "netIncomeRatio": 0.0384083913, "eps": 2.37, "epsdiluted": 2.36, "weightedAverageShsOut": 179671797, "weightedAverageShsOutDil": 180535893, "link": "https://www.sec.gov/Archives/edgar/data/65984/000006598418000072/0000065984-18-000072-index.htm", "finalLink": "https://www.sec.gov/Archives/edgar/data/7323/000006598418000072/etr-12312017x10k.htm", "calculatedOtherExpenses": 2179880000, "calculatedOperatingExpenses": 2265048000, "calculatedNetInterest": -374146000, "calculatedOtherIncome": 82387000, "calculatedIncomeNonControlling": 0, "calculatedEbitda": 3338260000}, {"date": "2016-12-31", "symbol": "ENJ", "reportedCurrency": "USD", "cik": "0000065984", "fillingDate": "2017-02-24", "acceptedDate": "2017-02-24 13:08:57", "calendarYear": "2016", "period": "FY", "revenue": 10845645000, "costOfRevenue": 9370753000, "grossProfit": 1474892000, "grossProfitRatio": 0.1359893303, "researchAndDevelopmentExpenses": 0, "generalAndAdministrativeExpenses": 0, "sellingAndMarketingExpenses": 0, "sellingGeneralAndAdministrativeExpenses": 64144000, "otherExpenses": -41617000, "operatingExpenses": 2361357000, "costAndExpenses": 11732110000, "interestIncome": 145127000, "interestExpense": 666370000, "depreciationAndAmortization": 2123291000, "ebitda": 1340336000, "ebitdaratio": 0.1235828759, "operatingIncome": -886465000, "operatingIncomeRatio": -0.0817346502, "totalOtherIncomeExpensesNet": 25946000, "incomeBeforeTax": -1381762000, "incomeBeforeTaxRatio": -0.1274024735, "incomeTaxExpense": -817259000, "netIncome": -564503000, "netIncomeRatio": -0.0520488178, "eps": -3.16, "epsdiluted": -3.16, "weightedAverageShsOut": 178885660, "weightedAverageShsOutDil": 178885660, "link": "https://www.sec.gov/Archives/edgar/data/65984/000006598417000067/0000065984-17-000067-index.htm", "finalLink": "https://www.sec.gov/Archives/edgar/data/7323/000006598417000067/etr-12312016x10k.htm", "calculatedOtherExpenses": 2297213000, "calculatedOperatingExpenses": 2361357000, "calculatedNetInterest": -521243000, "calculatedOtherIncome": 25946000, "calculatedIncomeNonControlling": 0, "calculatedEbitda": 1236826000}, {"date": "2015-12-31", "symbol": "ENJ", "reportedCurrency": "USD", "cik": "0000065984", "fillingDate": "2016-02-26", "acceptedDate": "2016-02-25 19:51:12", "calendarYear": "2015", "period": "FY", "revenue": 11513251000, "costOfRevenue": 9554179000, "grossProfit": 1959072000, "grossProfitRatio": 0.1701580205, "researchAndDevelopmentExpenses": 0, "generalAndAdministrativeExpenses": 0, "sellingAndMarketingExpenses": 0, "sellingGeneralAndAdministrativeExpenses": 7400000, "otherExpenses": -95997000, "operatingExpenses": 2412274000, "costAndExpenses": 11966453000, "interestIncome": 187062000, "interestExpense": 643469000, "depreciationAndAmortization": 2117236000, "ebitda": 1755099000, "ebitdaratio": 0.1524416518, "operatingIncome": -299165000, "operatingIncomeRatio": -0.025984407, "totalOtherIncomeExpensesNet": 109948000, "incomeBeforeTax": -799661000, "incomeBeforeTaxRatio": -0.069455708, "incomeTaxExpense": -642927000, "netIncome": -156734000, "netIncomeRatio": -0.0136133573, "eps": -0.88, "epsdiluted": -0.87, "weightedAverageShsOut": 178345634, "weightedAverageShsOutDil": 179176356, "link": "https://www.sec.gov/Archives/edgar/data/65984/000006598416000436/0000065984-16-000436-index.htm", "finalLink": "https://www.sec.gov/Archives/edgar/data/7323/000006598416000436/etr-12312015x10k.htm", "calculatedOtherExpenses": 2250837000, "calculatedOperatingExpenses": 2258237000, "calculatedNetInterest": -456407000, "calculatedOtherIncome": -44089000, "calculatedIncomeNonControlling": 0, "calculatedEbitda": 1818071000}, {"date": "2014-12-31", "symbol": "ENJ", "reportedCurrency": "USD", "cik": "0000065984", "fillingDate": "2015-02-26", "acceptedDate": "2015-02-26 16:01:02", "calendarYear": "2014", "period": "FY", "revenue": 12494921000, "costOfRevenue": 8305939000, "grossProfit": 4188982000, "grossProfitRatio": 0.3352547807, "researchAndDevelopmentExpenses": 0, "generalAndAdministrativeExpenses": 0, "sellingAndMarketingExpenses": 0, "sellingGeneralAndAdministrativeExpenses": 8100000, "otherExpenses": -42016000, "operatingExpenses": 2182093000, "costAndExpenses": 10488032000, "interestIncome": 147686000, "interestExpense": 627507000, "depreciationAndAmortization": 2127892000, "ebitda": 4240451000, "ebitdaratio": 0.3393739744, "operatingIncome": 2006889000, "operatingIncomeRatio": 0.1606163816, "totalOtherIncomeExpensesNet": 22786000, "incomeBeforeTax": 1549854000, "incomeBeforeTaxRatio": 0.1240387194, "incomeTaxExpense": 589597000, "netIncome": 960257000, "netIncomeRatio": 0.0768517864, "eps": 5.35, "epsdiluted": 5.33, "weightedAverageShsOut": 179506151, "weightedAverageShsOutDil": 180296885, "link": "https://www.sec.gov/Archives/edgar/data/65984/000006598415000102/0000065984-15-000102-index.htm", "finalLink": "https://www.sec.gov/Archives/edgar/data/7323/000006598415000102/etr-12312014x10k.htm", "calculatedOtherExpenses": 2173993000, "calculatedOperatingExpenses": 2182093000, "calculatedNetInterest": -479821000, "calculatedOtherIncome": 22786000, "calculatedIncomeNonControlling": 0, "calculatedEbitda": 4134781000}, {"date": "2013-12-31", "symbol": "ENJ", "reportedCurrency": "USD", "cik": "0000065984", "fillingDate": "2014-02-27", "acceptedDate": "2014-02-27 16:24:17", "calendarYear": "2013", "period": "FY", "revenue": 11390947000, "costOfRevenue": 7930422000, "grossProfit": 3460525000, "grossProfitRatio": 0.303796076, "researchAndDevelopmentExpenses": 0, "generalAndAdministrativeExpenses": 0, "sellingAndMarketingExpenses": 0, "sellingGeneralAndAdministrativeExpenses": 14200000, "otherExpenses": -59762000, "operatingExpenses": 2149095000, "costAndExpenses": 10079517000, "interestIncome": 199300000, "interestExpense": 604037000, "depreciationAndAmortization": 2012076000, "ebitda": 3463044000, "ebitdaratio": 0.3040172165, "operatingIncome": 1354999000, "operatingIncomeRatio": 0.1189540255, "totalOtherIncomeExpensesNet": 49860000, "incomeBeforeTax": 956553000, "incomeBeforeTaxRatio": 0.0839748442, "incomeTaxExpense": 225981000, "netIncome": 730572000, "netIncomeRatio": 0.0641361952, "eps": 4.1, "epsdiluted": 4.09, "weightedAverageShsOut": 178211192, "weightedAverageShsOutDil": 178570400, "link": "https://www.sec.gov/Archives/edgar/data/65984/000006598414000065/0000065984-14-000065-index.htm", "finalLink": "https://www.sec.gov/Archives/edgar/data/7323/000006598414000065/etr-12312013x10k.htm", "calculatedOtherExpenses": 2091326000, "calculatedOperatingExpenses": 2105526000, "calculatedNetInterest": -404737000, "calculatedOtherIncome": 6291000, "calculatedIncomeNonControlling": 0, "calculatedEbitda": 3367075000}, {"date": "2012-12-31", "symbol": "ENJ", "reportedCurrency": "USD", "cik": "0000065984", "fillingDate": "2013-02-27", "acceptedDate": "2013-02-27 16:44:58", "calendarYear": "2012", "period": "FY", "revenue": 10302079000, "costOfRevenue": 6939151000, "grossProfit": 3362928000, "grossProfitRatio": 0.3264319755, "researchAndDevelopmentExpenses": 0, "generalAndAdministrativeExpenses": 0, "sellingAndMarketingExpenses": 0, "sellingGeneralAndAdministrativeExpenses": 13600000, "otherExpenses": -53214000, "operatingExpenses": 2061747000, "costAndExpenses": 9000898000, "interestIncome": 127776000, "interestExpense": 569284000, "depreciationAndAmortization": 1771649000, "ebitda": 3147392000, "ebitdaratio": 0.3055103732, "operatingIncome": 1301181000, "operatingIncomeRatio": 0.1263027589, "totalOtherIncomeExpensesNet": 39545000, "incomeBeforeTax": 899218000, "incomeBeforeTaxRatio": 0.0872851004, "incomeTaxExpense": 30855000, "netIncome": 868363000, "netIncomeRatio": 0.0842900739, "eps": 4.9, "epsdiluted": 4.89, "weightedAverageShsOut": 177324813, "weightedAverageShsOutDil": 177737565, "link": "https://www.sec.gov/Archives/edgar/data/65984/000006598413000050/0000065984-13-000050-index.htm", "finalLink": "https://www.sec.gov/Archives/edgar/data/7323/000006598413000050/a10-k.htm", "calculatedOtherExpenses": 2048147000, "calculatedOperatingExpenses": 2061747000, "calculatedNetInterest": -441508000, "calculatedOtherIncome": 39545000, "calculatedIncomeNonControlling": 0, "calculatedEbitda": 3072830000}, {"date": "2011-12-31", "symbol": "ENJ", "reportedCurrency": "USD", "cik": "0000065984", "fillingDate": "2012-02-28", "acceptedDate": "2012-02-28 16:06:46", "calendarYear": "2011", "period": "FY", "revenue": 11229073000, "costOfRevenue": 4313299000, "grossProfit": 6915774000, "grossProfitRatio": 0.615881115, "researchAndDevelopmentExpenses": 0, "generalAndAdministrativeExpenses": 190595000, "sellingAndMarketingExpenses": 0, "sellingGeneralAndAdministrativeExpenses": 190595000, "otherExpenses": 4505986000, "operatingExpenses": 4696581000, "costAndExpenses": 9009880000, "interestIncome": 129134000, "interestExpense": 551521000, "depreciationAndAmortization": 1745455000, "ebitda": 4131676000, "ebitdaratio": 0.3679445311, "operatingIncome": 2013234000, "operatingIncomeRatio": 0.1792876402, "totalOtherIncomeExpensesNet": -181065000, "incomeBeforeTax": 1653635000, "incomeBeforeTaxRatio": 0.1472637145, "incomeTaxExpense": 286263000, "netIncome": 1367372000, "netIncomeRatio": 0.1217706929, "eps": 7.71, "epsdiluted": 7.67, "weightedAverageShsOut": 177430208, "weightedAverageShsOutDil": 178370695, "link": "https://www.sec.gov/Archives/edgar/data/65984/000006598412000067/0000065984-12-000067-index.htm", "finalLink": "https://www.sec.gov/Archives/edgar/data/7323/000006598412000067/a10-k.htm", "calculatedOtherExpenses": 4711945000, "calculatedOperatingExpenses": 4902540000, "calculatedNetInterest": -422387000, "calculatedOtherIncome": 62788000, "calculatedIncomeNonControlling": 0, "calculatedEbitda": 3758689000}, {"date": "2010-12-31", "symbol": "ENJ", "reportedCurrency": "USD", "cik": "0000065984", "fillingDate": "2011-02-28", "acceptedDate": "2011-02-28 12:15:43", "calendarYear": "2010", "period": "FY", "revenue": 11487577000, "costOfRevenue": 4434121000, "grossProfit": 7053456000, "grossProfitRatio": 0.614007288, "researchAndDevelopmentExpenses": 0, "generalAndAdministrativeExpenses": 211736000, "sellingAndMarketingExpenses": 0, "sellingGeneralAndAdministrativeExpenses": 211736000, "otherExpenses": 4573595000, "operatingExpenses": 4785331000, "costAndExpenses": 9219452000, "interestIncome": 185455000, "interestExpense": 610146000, "depreciationAndAmortization": 1705331000, "ebitda": 4228869000, "ebitdaratio": 0.3681254106, "operatingIncome": 2267377000, "operatingIncomeRatio": 0.1973764354, "totalOtherIncomeExpensesNet": -25848000, "incomeBeforeTax": 1887544000, "incomeBeforeTaxRatio": 0.1643117604, "incomeTaxExpense": 617239000, "netIncome": 1270305000, "netIncomeRatio": 0.1105807604, "eps": 6.83, "epsdiluted": 6.76, "weightedAverageShsOut": 186010452, "weightedAverageShsOutDil": 187814235, "link": "https://www.sec.gov/Archives/edgar/data/65984/000006598411000033/0000065984-11-000033-index.htm", "finalLink": "https://www.sec.gov/Archives/edgar/data/7323/000006598411000033/a10-k.htm", "calculatedOtherExpenses": 4574343000, "calculatedOperatingExpenses": 4786079000, "calculatedNetInterest": -424691000, "calculatedOtherIncome": 44858000, "calculatedIncomeNonControlling": 0, "calculatedEbitda": 3972708000}, {"date": "2009-12-31", "symbol": "ENJ", "reportedCurrency": "USD", "cik": "0000065984", "fillingDate": "2010-02-26", "acceptedDate": "2010-02-26 09:06:37", "calendarYear": "2009", "period": "FY", "revenue": 10745650000, "costOfRevenue": 3946344000, "grossProfit": 6799306000, "grossProfitRatio": 0.6327496243, "researchAndDevelopmentExpenses": 0, "generalAndAdministrativeExpenses": 199063000, "sellingAndMarketingExpenses": 0, "sellingGeneralAndAdministrativeExpenses": 199063000, "otherExpenses": 4337444000, "operatingExpenses": 4536507000, "costAndExpenses": 8482851000, "interestIncome": 0, "interestExpense": 0, "depreciationAndAmortization": 1281838000, "ebitda": 3589830000, "ebitdaratio": 0.3340728574, "operatingIncome": 2284526000, "operatingIncomeRatio": 0.2126000754, "totalOtherIncomeExpensesNet": -45193000, "incomeBeforeTax": 1883790000, "incomeBeforeTaxRatio": 0.1753072173, "incomeTaxExpense": 632740000, "netIncome": 1251050000, "netIncomeRatio": 0.1164238552, "eps": 6.49, "epsdiluted": 6.39, "weightedAverageShsOut": 192772032, "weightedAverageShsOutDil": 195838068, "link": "https://www.sec.gov/Archives/edgar/data/65984/000006598410000035/0000065984-10-000035-index.htm", "finalLink": "https://www.sec.gov/Archives/edgar/data/7323/000006598410000035/a10-k.htm", "calculatedOtherExpenses": 4315717000, "calculatedOperatingExpenses": 4514780000, "calculatedNetInterest": 0, "calculatedOtherIncome": -400736000, "calculatedIncomeNonControlling": 0, "calculatedEbitda": 3566364000}, {"date": "2008-12-31", "symbol": "ENJ", "reportedCurrency": "USD", "cik": "0000065984", "fillingDate": "2009-03-02", "acceptedDate": "2009-03-02 14:42:00", "calendarYear": "2008", "period": "FY", "revenue": 13093756000, "costOfRevenue": 6290723000, "grossProfit": 6803033000, "grossProfitRatio": 0.5195631414, "researchAndDevelopmentExpenses": 0, "generalAndAdministrativeExpenses": 249292000, "sellingAndMarketingExpenses": 0, "sellingGeneralAndAdministrativeExpenses": 249292000, "otherExpenses": 4270574000, "operatingExpenses": 4519866000, "costAndExpenses": 10810589000, "interestIncome": 0, "interestExpense": 0, "depreciationAndAmortization": 1220269000, "ebitda": 3526888000, "ebitdaratio": 0.269356478, "operatingIncome": 2283167000, "operatingIncomeRatio": 0.1743706695, "totalOtherIncomeExpensesNet": -23452000, "incomeBeforeTax": 1843533000, "incomeBeforeTaxRatio": 0.1407948185, "incomeTaxExpense": 602998000, "netIncome": 1240535000, "netIncomeRatio": 0.0947424864, "eps": 6.5, "epsdiluted": 6.17, "weightedAverageShsOut": 190925613, "weightedAverageShsOutDil": 201011588, "link": "https://www.sec.gov/Archives/edgar/data/65984/000006598409000062/0000065984-09-000062-index.htm", "finalLink": "https://www.sec.gov/Archives/edgar/data/7323/000006598409000062/a10k.htm", "calculatedOtherExpenses": 4270574000, "calculatedOperatingExpenses": 4519866000, "calculatedNetInterest": 0, "calculatedOtherIncome": -439634000, "calculatedIncomeNonControlling": 0, "calculatedEbitda": 3503436000}, {"date": "2007-12-31", "symbol": "ENJ", "reportedCurrency": "USD", "cik": "0000065984", "fillingDate": "2008-02-29", "acceptedDate": "2008-02-29 12:26:32", "calendarYear": "2007", "period": "FY", "revenue": 11484398000, "costOfRevenue": 4921783000, "grossProfit": 6562615000, "grossProfitRatio": 0.5714374406, "researchAndDevelopmentExpenses": 0, "generalAndAdministrativeExpenses": 0, "sellingAndMarketingExpenses": 0, "sellingGeneralAndAdministrativeExpenses": 0, "otherExpenses": 4506247000, "operatingExpenses": 4506247000, "costAndExpenses": 9428030000, "interestIncome": 0, "interestExpense": 0, "depreciationAndAmortization": 1131610000, "ebitda": 3209662000, "ebitdaratio": 0.2794802131, "operatingIncome": 2056368000, "operatingIncomeRatio": 0.1790575353, "totalOtherIncomeExpensesNet": -21684000, "incomeBeforeTax": 1649266000, "incomeBeforeTaxRatio": 0.1436092689, "incomeTaxExpense": 514417000, "netIncome": 1134849000, "netIncomeRatio": 0.0988165858, "eps": 5.77, "epsdiluted": 5.6, "weightedAverageShsOut": 196572945, "weightedAverageShsOutDil": 202780283, "link": "https://www.sec.gov/Archives/edgar/data/65984/000006598408000052/0000065984-08-000052-index.htm", "finalLink": "https://www.sec.gov/Archives/edgar/data/7323/000006598408000052/a10k.htm", "calculatedOtherExpenses": 4506247000, "calculatedOperatingExpenses": 4506247000, "calculatedNetInterest": 0, "calculatedOtherIncome": -407102000, "calculatedIncomeNonControlling": 0, "calculatedEbitda": 3187978000}, {"date": "2006-12-31", "symbol": "ENJ", "reportedCurrency": "USD", "cik": "0000065984", "fillingDate": "2007-03-01", "acceptedDate": "2007-03-01 15:08:24", "calendarYear": "2006", "period": "FY", "revenue": 10932158000, "costOfRevenue": 5451877000, "grossProfit": 5480281000, "grossProfitRatio": 0.5012991031, "researchAndDevelopmentExpenses": 0, "generalAndAdministrativeExpenses": 145884000, "sellingAndMarketingExpenses": 0, "sellingGeneralAndAdministrativeExpenses": 145884000, "otherExpenses": 3651717000, "operatingExpenses": 3797601000, "costAndExpenses": 9249478000, "interestIncome": 0, "interestExpense": 0, "depreciationAndAmortization": 1035153000, "ebitda": 2485295000, "ebitdaratio": 0.2273380059, "operatingIncome": 1682680000, "operatingIncomeRatio": 0.153920205, "totalOtherIncomeExpensesNet": 232538000, "incomeBeforeTax": 1576142000, "incomeBeforeTaxRatio": 0.1441748281, "incomeTaxExpense": 443044000, "netIncome": 1132602000, "netIncomeRatio": 0.1036027836, "eps": 5.46, "epsdiluted": 5.36, "weightedAverageShsOut": 207456838, "weightedAverageShsOutDil": 211452455, "link": "https://www.sec.gov/Archives/edgar/data/65984/000006598407000057/0000065984-07-000057-index.htm", "finalLink": "https://www.sec.gov/Archives/edgar/data/7323/000006598407000057/a10-k.htm", "calculatedOtherExpenses": 3651717000, "calculatedOperatingExpenses": 3797601000, "calculatedNetInterest": 0, "calculatedOtherIncome": -106538000, "calculatedIncomeNonControlling": 496000, "calculatedEbitda": 2717833000}, {"date": "2005-12-31", "symbol": "ENJ", "reportedCurrency": "USD", "cik": "0000065984", "fillingDate": "2006-03-10", "acceptedDate": "2006-03-10 09:07:40", "calendarYear": "2005", "period": "FY", "revenue": 10106247000, "costOfRevenue": 4697262000, "grossProfit": 5408985000, "grossProfitRatio": 0.5352120327, "researchAndDevelopmentExpenses": 0, "generalAndAdministrativeExpenses": 0, "sellingAndMarketingExpenses": 0, "sellingGeneralAndAdministrativeExpenses": 0, "otherExpenses": 3666878000, "operatingExpenses": 3666878000, "costAndExpenses": 8364140000, "interestIncome": 0, "interestExpense": 0, "depreciationAndAmortization": 1001852000, "ebitda": 2678841000, "ebitdaratio": 0.2650678338, "operatingIncome": 1742107000, "operatingIncomeRatio": 0.1723792225, "totalOtherIncomeExpensesNet": 65118000, "incomeBeforeTax": 1527836000, "incomeBeforeTaxRatio": 0.1511773856, "incomeTaxExpense": 559284000, "netIncome": 923758000, "netIncomeRatio": 0.091404653, "eps": 4.4, "epsdiluted": 4.31, "weightedAverageShsOut": 210141887, "weightedAverageShsOutDil": 214441362, "link": "https://www.sec.gov/Archives/edgar/data/65984/000006598406000119/0000065984-06-000119-index.htm", "finalLink": "https://www.sec.gov/Archives/edgar/data/7323/000006598406000119/a10k.htm", "calculatedOtherExpenses": 3666878000, "calculatedOperatingExpenses": 3666878000, "calculatedNetInterest": 0, "calculatedOtherIncome": -214271000, "calculatedIncomeNonControlling": 44794000, "calculatedEbitda": 2743959000}, {"date": "2004-12-31", "symbol": "ENJ", "reportedCurrency": "USD", "cik": "0000065984", "fillingDate": "2005-03-11", "acceptedDate": "2005-03-10 19:49:15", "calendarYear": "2004", "period": "FY", "revenue": 10123724000, "costOfRevenue": 4747202000, "grossProfit": 5376522000, "grossProfitRatio": 0.5310814479, "researchAndDevelopmentExpenses": 0, "generalAndAdministrativeExpenses": 0, "sellingAndMarketingExpenses": 0, "sellingGeneralAndAdministrativeExpenses": 0, "otherExpenses": 3813569000, "operatingExpenses": 3813569000, "costAndExpenses": 8560771000, "interestIncome": 0, "interestExpense": 0, "depreciationAndAmortization": 1045122000, "ebitda": 2542439000, "ebitdaratio": 0.2511367358, "operatingIncome": 1562953000, "operatingIncomeRatio": 0.1543851847, "totalOtherIncomeExpensesNet": 65636000, "incomeBeforeTax": 1298957000, "incomeBeforeTaxRatio": 0.1283082194, "incomeTaxExpense": 365908000, "netIncome": 933049000, "netIncomeRatio": 0.0921646027, "eps": 4.22, "epsdiluted": 4.14, "weightedAverageShsOut": 220947382, "weightedAverageShsOutDil": 225445038, "link": "https://www.sec.gov/Archives/edgar/data/65984/000006598405000147/0000065984-05-000147-index.htm", "finalLink": "https://www.sec.gov/Archives/edgar/data/7323/000006598405000147/a10-k.htm", "calculatedOtherExpenses": 3813569000, "calculatedOperatingExpenses": 3813569000, "calculatedNetInterest": 0, "calculatedOtherIncome": -263996000, "calculatedIncomeNonControlling": 0, "calculatedEbitda": 2608075000}, {"date": "2003-12-31", "symbol": "ENJ", "reportedCurrency": "USD", "cik": "0000065984", "fillingDate": "2004-03-11", "acceptedDate": "2004-03-10 18:35:57", "calendarYear": "2003", "period": "FY", "revenue": 9194920000, "costOfRevenue": 3845171000, "grossProfit": 5349749000, "grossProfitRatio": 0.58181572, "researchAndDevelopmentExpenses": 0, "generalAndAdministrativeExpenses": 0, "sellingAndMarketingExpenses": 0, "sellingGeneralAndAdministrativeExpenses": 0, "otherExpenses": 3865194000, "operatingExpenses": 3865194000, "costAndExpenses": 7710365000, "interestIncome": 0, "interestExpense": 0, "depreciationAndAmortization": 996603000, "ebitda": 2286016000, "ebitdaratio": 0.24861728, "operatingIncome": 1484555000, "operatingIncomeRatio": 0.1614538245, "totalOtherIncomeExpensesNet": 195142000, "incomeBeforeTax": 1303467000, "incomeBeforeTaxRatio": 0.1417594715, "incomeTaxExpense": 490074000, "netIncome": 950467000, "netIncomeRatio": 0.1033687079, "eps": 4.19, "epsdiluted": 4.11, "weightedAverageShsOut": 226804370, "weightedAverageShsOutDil": 231146040, "link": "https://www.sec.gov/Archives/edgar/data/65984/000006598404000135/0000065984-04-000135-index.htm", "finalLink": "https://www.sec.gov/Archives/edgar/data/7323/000006598404000135/a10-kn.htm", "calculatedOtherExpenses": 3865194000, "calculatedOperatingExpenses": 3865194000, "calculatedNetInterest": 0, "calculatedOtherIncome": -181088000, "calculatedIncomeNonControlling": -137074000, "calculatedEbitda": 2481158000}, {"date": "2002-12-31", "symbol": "ENJ", "reportedCurrency": "USD", "cik": "0000065984", "fillingDate": "2003-03-19", "acceptedDate": "2003-03-18 17:35:42", "calendarYear": "2002", "period": "FY", "revenue": 8305035000, "costOfRevenue": 2986930000, "grossProfit": 5318105000, "grossProfitRatio": 0.6403470907, "researchAndDevelopmentExpenses": 0, "generalAndAdministrativeExpenses": 0, "sellingAndMarketingExpenses": 0, "sellingGeneralAndAdministrativeExpenses": 0, "otherExpenses": 4272261000, "operatingExpenses": 4272261000, "costAndExpenses": 7259191000, "interestIncome": 0, "interestExpense": 0, "depreciationAndAmortization": 869638000, "ebitda": 1575876000, "ebitdaratio": 0.1897494713, "operatingIncome": 1045844000, "operatingIncomeRatio": 0.1259289094, "totalOtherIncomeExpensesNet": 339606000, "incomeBeforeTax": 917010000, "incomeBeforeTaxRatio": 0.1104161512, "incomeTaxExpense": 293938000, "netIncome": 623072000, "netIncomeRatio": 0.0750234045, "eps": 2.79, "epsdiluted": 2.74, "weightedAverageShsOut": 223047431, "weightedAverageShsOutDil": 227303103, "link": "https://www.sec.gov/Archives/edgar/data/65984/000006598403000199/0000065984-03-000199-index.htm", "finalLink": "https://www.sec.gov/Archives/edgar/data/7323/000006598403000199/a10-k.htm", "calculatedOtherExpenses": 4272261000, "calculatedOperatingExpenses": 4272261000, "calculatedNetInterest": 0, "calculatedOtherIncome": -128834000, "calculatedIncomeNonControlling": 0, "calculatedEbitda": 1915482000}, {"date": "2001-12-31", "symbol": "ENJ", "reportedCurrency": "USD", "cik": "0000065984", "fillingDate": "2002-03-14", "acceptedDate": "2002-03-14 00:00:00", "calendarYear": "2001", "period": "FY", "revenue": 9620899000, "costOfRevenue": 4792254000, "grossProfit": 4828645000, "grossProfitRatio": 0.5018912474, "researchAndDevelopmentExpenses": 0, "generalAndAdministrativeExpenses": 0, "sellingAndMarketingExpenses": 0, "sellingGeneralAndAdministrativeExpenses": 0, "otherExpenses": 3255303000, "operatingExpenses": 3255303000, "costAndExpenses": 8047557000, "interestIncome": 0, "interestExpense": 0, "depreciationAndAmortization": 740805000, "ebitda": 1991003000, "ebitdaratio": 0.2069456295, "operatingIncome": 1573342000, "operatingIncomeRatio": 0.163533782, "totalOtherIncomeExpensesNet": 323144000, "incomeBeforeTax": 1182718000, "incomeBeforeTaxRatio": 0.1229321709, "incomeTaxExpense": 455693000, "netIncome": 750507000, "netIncomeRatio": 0.0780079907, "eps": 3.4, "epsdiluted": 3.34, "weightedAverageShsOut": 220944270, "weightedAverageShsOutDil": 224733662, "link": "https://www.sec.gov/Archives/edgar/data/65984/000006598402000077/0000065984-02-000077-index.htm", "finalLink": "https://www.sec.gov/Archives/edgar/data/7323/000006598402000077/a08702.txt", "calculatedOtherExpenses": 3255303000, "calculatedOperatingExpenses": 3255303000, "calculatedNetInterest": 0, "calculatedOtherIncome": -390624000, "calculatedIncomeNonControlling": -23482000, "calculatedEbitda": 2314147000}, {"date": "2000-12-31", "symbol": "ENJ", "reportedCurrency": "USD", "cik": "0000065984", "fillingDate": "2001-03-16", "acceptedDate": "2001-03-16 00:00:00", "calendarYear": "2000", "period": "FY", "revenue": 10016148000, "costOfRevenue": 5379227000, "grossProfit": 4636921000, "grossProfitRatio": 0.4629445372, "researchAndDevelopmentExpenses": 0, "generalAndAdministrativeExpenses": 0, "sellingAndMarketingExpenses": 0, "sellingGeneralAndAdministrativeExpenses": 0, "otherExpenses": 3091340000, "operatingExpenses": 3091340000, "costAndExpenses": 8470567000, "interestIncome": 0, "interestExpense": 0, "depreciationAndAmortization": 816001000, "ebitda": 2191919000, "ebitdaratio": 0.2188385196, "operatingIncome": 1545581000, "operatingIncomeRatio": 0.154308922, "totalOtherIncomeExpensesNet": 169663000, "incomeBeforeTax": 1189836000, "incomeBeforeTaxRatio": 0.118791775, "incomeTaxExpense": 478921000, "netIncome": 710915000, "netIncomeRatio": 0.0709768865, "eps": 3.14, "epsdiluted": 3.11, "weightedAverageShsOut": 226580449, "weightedAverageShsOutDil": 228541307, "link": "https://www.sec.gov/Archives/edgar/data/65984/000006598401000070/0000065984-01-000070-index.htm", "finalLink": "https://www.sec.gov/Archives/edgar/data/7323/000006598401000070/0000065984-01-000070-0001.txt", "calculatedOtherExpenses": 3091340000, "calculatedOperatingExpenses": 3091340000, "calculatedNetInterest": 0, "calculatedOtherIncome": -355745000, "calculatedIncomeNonControlling": 0, "calculatedEbitda": 2361582000}, {"date": "1999-12-31", "symbol": "ENJ", "reportedCurrency": "USD", "cik": "0000065984", "fillingDate": "2000-03-15", "acceptedDate": "2000-03-15 00:00:00", "calendarYear": "1999", "period": "FY", "revenue": 8773300000, "costOfRevenue": 4601500000, "grossProfit": 4171800000, "grossProfitRatio": 0.4755109252, "researchAndDevelopmentExpenses": 0, "generalAndAdministrativeExpenses": 0, "sellingAndMarketingExpenses": 0, "sellingGeneralAndAdministrativeExpenses": 0, "otherExpenses": 2920100000, "operatingExpenses": 2920100000, "costAndExpenses": 7521600000, "interestIncome": 0, "interestExpense": 0, "depreciationAndAmortization": 611600000, "ebitda": 1863300000, "ebitdaratio": 0.2123830258, "operatingIncome": 1251700000, "operatingIncomeRatio": 0.1426715147, "totalOtherIncomeExpensesNet": 255600000, "incomeBeforeTax": 951700000, "incomeBeforeTaxRatio": 0.1084768559, "incomeTaxExpense": 356700000, "netIncome": 595000000, "netIncomeRatio": 0.0678194066, "eps": 2.43, "epsdiluted": 2.43, "weightedAverageShsOut": 245127460, "weightedAverageShsOutDil": 245326883, "link": "https://www.sec.gov/Archives/edgar/data/65984/000006598400000048/0000065984-00-000048-index.html", "finalLink": "https://www.sec.gov/Archives/edgar/data/7323/000006598400000048/", "calculatedOtherExpenses": 2920100000, "calculatedOperatingExpenses": 2920100000, "calculatedNetInterest": 0, "calculatedOtherIncome": -300000000, "calculatedIncomeNonControlling": 0, "calculatedEbitda": 1863300000}, {"date": "1998-12-31", "symbol": "ENJ", "reportedCurrency": "USD", "cik": "0000065984", "fillingDate": "1999-03-12", "acceptedDate": "1999-03-12 00:00:00", "calendarYear": "1998", "period": "FY", "revenue": 11494800000, "costOfRevenue": 6375300000, "grossProfit": 5119500000, "grossProfitRatio": 0.4453753001, "researchAndDevelopmentExpenses": 0, "generalAndAdministrativeExpenses": 0, "sellingAndMarketingExpenses": 0, "sellingGeneralAndAdministrativeExpenses": 0, "otherExpenses": 3351900000, "operatingExpenses": 3351900000, "costAndExpenses": 9727200000, "interestIncome": 0, "interestExpense": 0, "depreciationAndAmortization": 1117400000, "ebitda": 2885000000, "ebitdaratio": 0.2509830532, "operatingIncome": 1767600000, "operatingIncomeRatio": 0.1537738804, "totalOtherIncomeExpensesNet": 104800000, "incomeBeforeTax": 1052300000, "incomeBeforeTaxRatio": 0.0915457424, "incomeTaxExpense": 266700000, "netIncome": 785600000, "netIncomeRatio": 0.0683439468, "eps": 3.19, "epsdiluted": 3.19, "weightedAverageShsOut": 246396469, "weightedAverageShsOutDil": 246572328, "link": "https://www.sec.gov/Archives/edgar/data/65984/000006598499000060/0000065984-99-000060-index.html", "finalLink": "https://www.sec.gov/Archives/edgar/data/7323/", "calculatedOtherExpenses": 3351900000, "calculatedOperatingExpenses": 3351900000, "calculatedNetInterest": 0, "calculatedOtherIncome": -715300000, "calculatedIncomeNonControlling": 0, "calculatedEbitda": 2885000000}, {"date": "1997-12-31", "symbol": "ENJ", "reportedCurrency": "USD", "cik": "0000065984", "fillingDate": "1998-03-10", "acceptedDate": "1998-03-10 00:00:00", "calendarYear": "1997", "period": "FY", "revenue": 9561600000, "costOfRevenue": 4069700000, "grossProfit": 5491900000, "grossProfitRatio": 0.5743703983, "researchAndDevelopmentExpenses": 0, "generalAndAdministrativeExpenses": 0, "sellingAndMarketingExpenses": 0, "sellingGeneralAndAdministrativeExpenses": 0, "otherExpenses": 3634800000, "operatingExpenses": 3634800000, "costAndExpenses": 7704500000, "interestIncome": 0, "interestExpense": 0, "depreciationAndAmortization": 1634500000, "ebitda": 3491600000, "ebitdaratio": 0.3651690094, "operatingIncome": 1857100000, "operatingIncomeRatio": 0.1942248159, "totalOtherIncomeExpensesNet": -232700000, "incomeBeforeTax": 772200000, "incomeBeforeTaxRatio": 0.0807605422, "incomeTaxExpense": 471300000, "netIncome": 300900000, "netIncomeRatio": 0.0314696285, "eps": 1.25, "epsdiluted": 1.25, "weightedAverageShsOut": 240485437, "weightedAverageShsOutDil": 240485437, "link": "https://www.sec.gov/Archives/edgar/data/65984/000006598498000014/0000065984-98-000014-index.html", "finalLink": "https://www.sec.gov/Archives/edgar/data/7323/", "calculatedOtherExpenses": 3634800000, "calculatedOperatingExpenses": 3634800000, "calculatedNetInterest": 0, "calculatedOtherIncome": -1084900000, "calculatedIncomeNonControlling": 0, "calculatedEbitda": 3491600000}, {"date": "1996-12-31", "symbol": "ENJ", "reportedCurrency": "USD", "cik": "0000065984", "fillingDate": "1997-03-10", "acceptedDate": "1997-03-10 00:00:00", "calendarYear": "1996", "period": "FY", "revenue": 7163400000, "costOfRevenue": 2395600000, "grossProfit": 4767800000, "grossProfitRatio": 0.6655777983, "researchAndDevelopmentExpenses": 0, "generalAndAdministrativeExpenses": 0, "sellingAndMarketingExpenses": 0, "sellingGeneralAndAdministrativeExpenses": 0, "otherExpenses": 3089100000, "operatingExpenses": 3089100000, "costAndExpenses": 5484700000, "interestIncome": 0, "interestExpense": 0, "depreciationAndAmortization": 918300000, "ebitda": 2597000000, "ebitdaratio": 0.3625373426, "operatingIncome": 1678700000, "operatingIncomeRatio": 0.2343440266, "totalOtherIncomeExpensesNet": -127400000, "incomeBeforeTax": 841200000, "incomeBeforeTaxRatio": 0.1174302705, "incomeTaxExpense": 421200000, "netIncome": 420000000, "netIncomeRatio": 0.0586313762, "eps": 1.83, "epsdiluted": 1.83, "weightedAverageShsOut": 229562842, "weightedAverageShsOutDil": 229562842, "link": "https://www.sec.gov/Archives/edgar/data/65984/000006598497000020/0000065984-97-000020-index.html", "finalLink": "https://www.sec.gov/Archives/edgar/data/7323/", "calculatedOtherExpenses": 3089100000, "calculatedOperatingExpenses": 3089100000, "calculatedNetInterest": 0, "calculatedOtherIncome": -837500000, "calculatedIncomeNonControlling": 0, "calculatedEbitda": 2597000000}, {"date": "1995-12-31", "symbol": "ENJ", "reportedCurrency": "USD", "cik": "0000065984", "fillingDate": "1996-03-11", "acceptedDate": "1996-03-11 00:00:00", "calendarYear": "1995", "period": "FY", "revenue": 6274400000, "costOfRevenue": 1837500000, "grossProfit": 4436900000, "grossProfitRatio": 0.7071433125, "researchAndDevelopmentExpenses": 0, "generalAndAdministrativeExpenses": 0, "sellingAndMarketingExpenses": 0, "sellingGeneralAndAdministrativeExpenses": 0, "otherExpenses": 2867700000, "operatingExpenses": 2867700000, "costAndExpenses": 4705200000, "interestIncome": 0, "interestExpense": 0, "depreciationAndAmortization": 789700000, "ebitda": 2358900000, "ebitdaratio": 0.3759562667, "operatingIncome": 1569200000, "operatingIncomeRatio": 0.2500956267, "totalOtherIncomeExpensesNet": -98900000, "incomeBeforeTax": 820800000, "incomeBeforeTaxRatio": 0.1308172893, "incomeTaxExpense": 336200000, "netIncome": 484600000, "netIncomeRatio": 0.0772344766, "eps": 1.99, "epsdiluted": 1.99, "weightedAverageShsOut": 244084507, "weightedAverageShsOutDil": 244084507, "link": "https://www.sec.gov/Archives/edgar/data/65984/000006598496000046/0000065984-96-000046-index.html", "finalLink": "https://www.sec.gov/Archives/edgar/data/7323/", "calculatedOtherExpenses": 2867700000, "calculatedOperatingExpenses": 2867700000, "calculatedNetInterest": 0, "calculatedOtherIncome": -748400000, "calculatedIncomeNonControlling": 0, "calculatedEbitda": 2358900000}, {"date": "1994-12-31", "symbol": "ENJ", "reportedCurrency": "USD", "cik": "0000065984", "fillingDate": "1995-03-27", "acceptedDate": "1995-03-27 00:00:00", "calendarYear": "1994", "period": "FY", "revenue": 5963300000, "costOfRevenue": 1861300000, "grossProfit": 4102000000, "grossProfitRatio": 0.6878741636, "researchAndDevelopmentExpenses": 0, "generalAndAdministrativeExpenses": 0, "sellingAndMarketingExpenses": 0, "sellingGeneralAndAdministrativeExpenses": 0, "otherExpenses": 2901200000, "operatingExpenses": 2901200000, "costAndExpenses": 4762500000, "interestIncome": 0, "interestExpense": 0, "depreciationAndAmortization": 703300000, "ebitda": 1904100000, "ebitdaratio": 0.3193030704, "operatingIncome": 1200800000, "operatingIncomeRatio": 0.201365016, "totalOtherIncomeExpensesNet": -61100000, "incomeBeforeTax": 473600000, "incomeBeforeTaxRatio": 0.0794191136, "incomeTaxExpense": 131800000, "netIncome": 341800000, "netIncomeRatio": 0.0573172572, "eps": 1.96, "epsdiluted": 1.96, "weightedAverageShsOut": 174563758, "weightedAverageShsOutDil": 174563758, "link": "https://www.sec.gov/Archives/edgar/data/65984/000006598495000008/0000065984-95-000008-index.html", "finalLink": "https://www.sec.gov/Archives/edgar/data/7323/", "calculatedOtherExpenses": 2901200000, "calculatedOperatingExpenses": 2901200000, "calculatedNetInterest": 0, "calculatedOtherIncome": -727200000, "calculatedIncomeNonControlling": 0, "calculatedEbitda": 1904100000}, {"date": "1993-12-31", "symbol": "ENJ", "reportedCurrency": "USD", "cik": "0000065984", "fillingDate": "1993-12-31", "acceptedDate": "1993-12-30 19:00:00", "calendarYear": "1993", "period": "FY", "revenue": 4485300000, "costOfRevenue": 1266600000, "grossProfit": 3218700000, "grossProfitRatio": 0.7176108621, "researchAndDevelopmentExpenses": 0, "generalAndAdministrativeExpenses": 0, "sellingAndMarketingExpenses": 0, "sellingGeneralAndAdministrativeExpenses": 0, "otherExpenses": 1974200000, "operatingExpenses": 1974200000, "costAndExpenses": 3240800000, "interestIncome": 0, "interestExpense": 0, "depreciationAndAmortization": 406700000, "ebitda": 1651200000, "ebitdaratio": 0.3681359106, "operatingIncome": 1244500000, "operatingIncomeRatio": 0.2774619312, "totalOtherIncomeExpensesNet": -5600000, "incomeBeforeTax": 742900000, "incomeBeforeTaxRatio": 0.1656299467, "incomeTaxExpense": 284800000, "netIncome": 551900000, "netIncomeRatio": 0.123046396, "eps": 3.45, "epsdiluted": 3.45, "weightedAverageShsOut": 160135593, "weightedAverageShsOutDil": 160135593, "link": "", "finalLink": "", "calculatedOtherExpenses": 1974200000, "calculatedOperatingExpenses": 1974200000, "calculatedNetInterest": 0, "calculatedOtherIncome": -501600000, "calculatedIncomeNonControlling": -93800000, "calculatedEbitda": 1651200000}, {"date": "1992-12-31", "symbol": "ENJ", "reportedCurrency": "USD", "cik": "0000065984", "fillingDate": "1992-12-31", "acceptedDate": "1992-12-30 19:00:00", "calendarYear": "1992", "period": "FY", "revenue": 4116500000, "costOfRevenue": 0, "grossProfit": 4116500000, "grossProfitRatio": 1, "researchAndDevelopmentExpenses": 0, "generalAndAdministrativeExpenses": 0, "sellingAndMarketingExpenses": 0, "sellingGeneralAndAdministrativeExpenses": 0, "otherExpenses": 0, "operatingExpenses": 0, "costAndExpenses": 0, "interestIncome": 0, "interestExpense": 0, "depreciationAndAmortization": 0, "ebitda": 4116500000, "ebitdaratio": 1, "operatingIncome": 4116500000, "operatingIncomeRatio": 1, "totalOtherIncomeExpensesNet": 0, "incomeBeforeTax": 0, "incomeBeforeTaxRatio": 0, "incomeTaxExpense": -437600000, "netIncome": 437600000, "netIncomeRatio": 0.1063038989, "eps": 2.48, "epsdiluted": 2.48, "weightedAverageShsOut": 176451613, "weightedAverageShsOutDil": 176451613, "link": "", "finalLink": "", "calculatedOtherExpenses": 0, "calculatedOperatingExpenses": 0, "calculatedNetInterest": 0, "calculatedOtherIncome": -4116500000, "calculatedIncomeNonControlling": 0, "calculatedEbitda": 4116500000}, {"date": "1991-12-31", "symbol": "ENJ", "reportedCurrency": "USD", "cik": "0000065984", "fillingDate": "1991-12-31", "acceptedDate": "1991-12-30 19:00:00", "calendarYear": "1991", "period": "FY", "revenue": 4051400000, "costOfRevenue": 0, "grossProfit": 4051400000, "grossProfitRatio": 1, "researchAndDevelopmentExpenses": 0, "generalAndAdministrativeExpenses": 0, "sellingAndMarketingExpenses": 0, "sellingGeneralAndAdministrativeExpenses": 0, "otherExpenses": 0, "operatingExpenses": 0, "costAndExpenses": 0, "interestIncome": 0, "interestExpense": 0, "depreciationAndAmortization": 0, "ebitda": 4051400000, "ebitdaratio": 1, "operatingIncome": 4051400000, "operatingIncomeRatio": 1, "totalOtherIncomeExpensesNet": 0, "incomeBeforeTax": 0, "incomeBeforeTaxRatio": 0, "incomeTaxExpense": -482000000, "netIncome": 482000000, "netIncomeRatio": 0.1189712198, "eps": 2.64, "epsdiluted": 2.64, "weightedAverageShsOut": 182575758, "weightedAverageShsOutDil": 182575758, "link": "", "finalLink": "", "calculatedOtherExpenses": 0, "calculatedOperatingExpenses": 0, "calculatedNetInterest": 0, "calculatedOtherIncome": -4051400000, "calculatedIncomeNonControlling": 0, "calculatedEbitda": 4051400000}, {"date": "1990-12-31", "symbol": "ENJ", "reportedCurrency": "USD", "cik": "0000065984", "fillingDate": "1990-12-31", "acceptedDate": "1990-12-30 19:00:00", "calendarYear": "1990", "period": "FY", "revenue": 3982100000, "costOfRevenue": 0, "grossProfit": 3982100000, "grossProfitRatio": 1, "researchAndDevelopmentExpenses": 0, "generalAndAdministrativeExpenses": 0, "sellingAndMarketingExpenses": 0, "sellingGeneralAndAdministrativeExpenses": 0, "otherExpenses": 0, "operatingExpenses": 0, "costAndExpenses": 0, "interestIncome": 0, "interestExpense": 0, "depreciationAndAmortization": 0, "ebitda": 3982100000, "ebitdaratio": 1, "operatingIncome": 3982100000, "operatingIncomeRatio": 1, "totalOtherIncomeExpensesNet": 0, "incomeBeforeTax": 0, "incomeBeforeTaxRatio": 0, "incomeTaxExpense": -478300000, "netIncome": 478300000, "netIncomeRatio": 0.1201125035, "eps": 2.44, "epsdiluted": 2.44, "weightedAverageShsOut": 196024590, "weightedAverageShsOutDil": 196024590, "link": "", "finalLink": "", "calculatedOtherExpenses": 0, "calculatedOperatingExpenses": 0, "calculatedNetInterest": 0, "calculatedOtherIncome": -3982100000, "calculatedIncomeNonControlling": 0, "calculatedEbitda": 3982100000}, {"date": "1989-12-31", "symbol": "ENJ", "reportedCurrency": "USD", "cik": "0000065984", "fillingDate": "1989-12-31", "acceptedDate": "1989-12-30 19:00:00", "calendarYear": "1989", "period": "FY", "revenue": 3724000000, "costOfRevenue": 0, "grossProfit": 3724000000, "grossProfitRatio": 1, "researchAndDevelopmentExpenses": 0, "generalAndAdministrativeExpenses": 0, "sellingAndMarketingExpenses": 0, "sellingGeneralAndAdministrativeExpenses": 0, "otherExpenses": 0, "operatingExpenses": 0, "costAndExpenses": 0, "interestIncome": 0, "interestExpense": 0, "depreciationAndAmortization": 0, "ebitda": 3724000000, "ebitdaratio": 1, "operatingIncome": 3724000000, "operatingIncomeRatio": 1, "totalOtherIncomeExpensesNet": 0, "incomeBeforeTax": 0, "incomeBeforeTaxRatio": 0, "incomeTaxExpense": 472600000, "netIncome": -472600000, "netIncomeRatio": -0.1269065521, "eps": -1.99, "epsdiluted": -1.99, "weightedAverageShsOut": 237445887, "weightedAverageShsOutDil": 237445887, "link": "", "finalLink": "", "calculatedOtherExpenses": 0, "calculatedOperatingExpenses": 0, "calculatedNetInterest": 0, "calculatedOtherIncome": -3724000000, "calculatedIncomeNonControlling": 0, "calculatedEbitda": 3724000000}, {"date": "1988-12-31", "symbol": "ENJ", "reportedCurrency": "USD", "cik": "0000065984", "fillingDate": "1988-12-31", "acceptedDate": "1988-12-30 19:00:00", "calendarYear": "1988", "period": "FY", "revenue": 3565400000, "costOfRevenue": 0, "grossProfit": 3565400000, "grossProfitRatio": 1, "researchAndDevelopmentExpenses": 0, "generalAndAdministrativeExpenses": 0, "sellingAndMarketingExpenses": 0, "sellingGeneralAndAdministrativeExpenses": 0, "otherExpenses": 0, "operatingExpenses": 0, "costAndExpenses": 0, "interestIncome": 0, "interestExpense": 0, "depreciationAndAmortization": 0, "ebitda": 3565400000, "ebitdaratio": 1, "operatingIncome": 3565400000, "operatingIncomeRatio": 1, "totalOtherIncomeExpensesNet": 0, "incomeBeforeTax": 0, "incomeBeforeTaxRatio": 0, "incomeTaxExpense": -411100000, "netIncome": 411100000, "netIncomeRatio": 0.1153026308, "eps": 2.55, "epsdiluted": 2.55, "weightedAverageShsOut": 161343284, "weightedAverageShsOutDil": 161343284, "link": "", "finalLink": "", "calculatedOtherExpenses": 0, "calculatedOperatingExpenses": 0, "calculatedNetInterest": 0, "calculatedOtherIncome": -3565400000, "calculatedIncomeNonControlling": 0, "calculatedEbitda": 3565400000}, {"date": "1987-12-31", "symbol": "ENJ", "reportedCurrency": "USD", "cik": "0000065984", "fillingDate": "1987-12-31", "acceptedDate": "1987-12-30 19:00:00", "calendarYear": "1987", "period": "FY", "revenue": 3454800000, "costOfRevenue": 0, "grossProfit": 3454800000, "grossProfitRatio": 1, "researchAndDevelopmentExpenses": 0, "generalAndAdministrativeExpenses": 0, "sellingAndMarketingExpenses": 0, "sellingGeneralAndAdministrativeExpenses": 0, "otherExpenses": 0, "operatingExpenses": 0, "costAndExpenses": 0, "interestIncome": 0, "interestExpense": 0, "depreciationAndAmortization": 0, "ebitda": 3454800000, "ebitdaratio": 1, "operatingIncome": 3454800000, "operatingIncomeRatio": 1, "totalOtherIncomeExpensesNet": 0, "incomeBeforeTax": 0, "incomeBeforeTaxRatio": 0, "incomeTaxExpense": -356600000, "netIncome": 356600000, "netIncomeRatio": 0.1032187102, "eps": 1.74, "epsdiluted": 1.74, "weightedAverageShsOut": 204942529, "weightedAverageShsOutDil": 204942529, "link": "", "finalLink": "", "calculatedOtherExpenses": 0, "calculatedOperatingExpenses": 0, "calculatedNetInterest": 0, "calculatedOtherIncome": -3454800000, "calculatedIncomeNonControlling": 0, "calculatedEbitda": 3454800000}, {"date": "1986-12-31", "symbol": "ENJ", "reportedCurrency": "USD", "cik": "0000065984", "fillingDate": "1986-12-31", "acceptedDate": "1986-12-30 19:00:00", "calendarYear": "1986", "period": "FY", "revenue": 3485900000, "costOfRevenue": 0, "grossProfit": 3485900000, "grossProfitRatio": 1, "researchAndDevelopmentExpenses": 0, "generalAndAdministrativeExpenses": 0, "sellingAndMarketingExpenses": 0, "sellingGeneralAndAdministrativeExpenses": 0, "otherExpenses": 0, "operatingExpenses": 0, "costAndExpenses": 0, "interestIncome": 0, "interestExpense": 0, "depreciationAndAmortization": 0, "ebitda": 3485900000, "ebitdaratio": 1, "operatingIncome": 3485900000, "operatingIncomeRatio": 1, "totalOtherIncomeExpensesNet": 0, "incomeBeforeTax": 0, "incomeBeforeTaxRatio": 0, "incomeTaxExpense": -451300000, "netIncome": 451300000, "netIncomeRatio": 0.1294644138, "eps": 2.21, "epsdiluted": 2.21, "weightedAverageShsOut": 204208145, "weightedAverageShsOutDil": 204208145, "link": "", "finalLink": "", "calculatedOtherExpenses": 0, "calculatedOperatingExpenses": 0, "calculatedNetInterest": 0, "calculatedOtherIncome": -3485900000, "calculatedIncomeNonControlling": 0, "calculatedEbitda": 3485900000}, {"date": "1985-12-31", "symbol": "ENJ", "reportedCurrency": "USD", "cik": "0000065984", "fillingDate": "1985-12-31", "acceptedDate": "1985-12-30 19:00:00", "calendarYear": "1985", "period": "FY", "revenue": 3238500000, "costOfRevenue": 0, "grossProfit": 3238500000, "grossProfitRatio": 1, "researchAndDevelopmentExpenses": 0, "generalAndAdministrativeExpenses": 0, "sellingAndMarketingExpenses": 0, "sellingGeneralAndAdministrativeExpenses": 0, "otherExpenses": 0, "operatingExpenses": 0, "costAndExpenses": 0, "interestIncome": 0, "interestExpense": 0, "depreciationAndAmortization": 0, "ebitda": 3238500000, "ebitdaratio": 1, "operatingIncome": 3238500000, "operatingIncomeRatio": 1, "totalOtherIncomeExpensesNet": 0, "incomeBeforeTax": 0, "incomeBeforeTaxRatio": 0, "incomeTaxExpense": -401000000, "netIncome": 401000000, "netIncomeRatio": 0.1238227574, "eps": 2.01, "epsdiluted": 2.01, "weightedAverageShsOut": 199502488, "weightedAverageShsOutDil": 199502488, "link": "", "finalLink": "", "calculatedOtherExpenses": 0, "calculatedOperatingExpenses": 0, "calculatedNetInterest": 0, "calculatedOtherIncome": -3238500000, "calculatedIncomeNonControlling": 0, "calculatedEbitda": 3238500000}]}