{"originalCurrency": "USD", "convertedCurrency": "USD", "report": [{"date": "2023-12-31", "symbol": "ENLC", "reportedCurrency": "USD", "cik": "0001592000", "fillingDate": "2024-02-21", "acceptedDate": "2024-02-21 16:01:54", "calendarYear": "2023", "period": "FY", "revenue": 6879400000, "costOfRevenue": 5513200000, "grossProfit": 1366200000, "grossProfitRatio": 0.1985929005, "researchAndDevelopmentExpenses": 0, "generalAndAdministrativeExpenses": 115500000, "sellingAndMarketingExpenses": 0, "sellingGeneralAndAdministrativeExpenses": 115500000, "otherExpenses": -100000, "operatingExpenses": 673700000, "costAndExpenses": 6186900000, "interestIncome": 1000000, "interestExpense": 270800000, "depreciationAndAmortization": 657100000, "ebitda": 1335900000, "ebitdaratio": 0.1941884467, "operatingIncome": 692800000, "operatingIncomeRatio": 0.100706457, "totalOtherIncomeExpensesNet": -3500000, "incomeBeforeTax": 412800000, "incomeBeforeTaxRatio": 0.060005233, "incomeTaxExpense": 62800000, "netIncome": 206200000, "netIncomeRatio": 0.0299735442, "eps": 0.45, "epsdiluted": 0.44, "weightedAverageShsOut": 461700000, "weightedAverageShsOutDil": 466000000, "link": "https://www.sec.gov/Archives/edgar/data/1592000/000159200024000004/0001592000-24-000004-index.htm", "finalLink": "https://www.sec.gov/Archives/edgar/data/1592000/000159200024000004/enlc-20231231.htm", "calculatedOtherExpenses": 557900000, "calculatedOperatingExpenses": 673400000, "calculatedNetInterest": -269800000, "calculatedOtherIncome": -10200000, "calculatedIncomeNonControlling": 143800000, "calculatedEbitda": 1349900000}, {"date": "2022-12-31", "symbol": "ENLC", "reportedCurrency": "USD", "cik": "0001592000", "fillingDate": "2023-02-15", "acceptedDate": "2023-02-15 15:49:27", "calendarYear": "2022", "period": "FY", "revenue": 9542100000, "costOfRevenue": 8212200000, "grossProfit": 1329900000, "grossProfitRatio": 0.1393718364, "researchAndDevelopmentExpenses": 0, "generalAndAdministrativeExpenses": 125200000, "sellingAndMarketingExpenses": 0, "sellingGeneralAndAdministrativeExpenses": 125200000, "otherExpenses": 524900000, "operatingExpenses": 650100000, "costAndExpenses": 8862300000, "interestIncome": 500000, "interestExpense": 238100000, "depreciationAndAmortization": 639400000, "ebitda": 704000000, "ebitdaratio": 0.0737783088, "operatingIncome": 64600000, "operatingIncomeRatio": 0.0067699982, "totalOtherIncomeExpensesNet": 341200000, "incomeBeforeTax": 405800000, "incomeBeforeTaxRatio": 0.0425273263, "incomeTaxExpense": -94900000, "netIncome": 500700000, "netIncomeRatio": 0.0524727261, "eps": 1.05, "epsdiluted": 1.03, "weightedAverageShsOut": 478500000, "weightedAverageShsOutDil": 485300000, "link": "https://www.sec.gov/Archives/edgar/data/1592000/000159200023000003/0001592000-23-000003-index.htm", "finalLink": "https://www.sec.gov/Archives/edgar/data/1592000/000159200023000003/enlc-20221231.htm", "calculatedOtherExpenses": 1140100000, "calculatedOperatingExpenses": 1265300000, "calculatedNetInterest": -237600000, "calculatedOtherIncome": 578800000, "calculatedIncomeNonControlling": 0, "calculatedEbitda": 704000000}, {"date": "2021-12-31", "symbol": "ENLC", "reportedCurrency": "USD", "cik": "0001592000", "fillingDate": "2022-02-16", "acceptedDate": "2022-02-16 15:58:30", "calendarYear": "2021", "period": "FY", "revenue": 6685900000, "costOfRevenue": 5797400000, "grossProfit": 888500000, "grossProfitRatio": 0.1328916077, "researchAndDevelopmentExpenses": 0, "generalAndAdministrativeExpenses": 107800000, "sellingAndMarketingExpenses": 0, "sellingGeneralAndAdministrativeExpenses": 107800000, "otherExpenses": 362900000, "operatingExpenses": 470700000, "costAndExpenses": 6268100000, "interestIncome": 238700000, "interestExpense": 215200000, "depreciationAndAmortization": 607500000, "ebitda": 417100000, "ebitdaratio": 0.0623850192, "operatingIncome": -190400000, "operatingIncomeRatio": -0.0284778414, "totalOtherIncomeExpensesNet": 358700000, "incomeBeforeTax": 168300000, "incomeBeforeTaxRatio": 0.0251723777, "incomeTaxExpense": 25400000, "netIncome": 142900000, "netIncomeRatio": 0.0213733379, "eps": 0.29, "epsdiluted": 0.29, "weightedAverageShsOut": 488800000, "weightedAverageShsOutDil": 494300000, "link": "https://www.sec.gov/Archives/edgar/data/1592000/000159200022000006/0001592000-22-000006-index.htm", "finalLink": "https://www.sec.gov/Archives/edgar/data/1592000/000159200022000006/enlc-20211231.htm", "calculatedOtherExpenses": 971100000, "calculatedOperatingExpenses": 1078900000, "calculatedNetInterest": 23500000, "calculatedOtherIncome": 335200000, "calculatedIncomeNonControlling": 0, "calculatedEbitda": 417100000}, {"date": "2020-12-31", "symbol": "ENLC", "reportedCurrency": "USD", "cik": "0001592000", "fillingDate": "2021-02-17", "acceptedDate": "2021-02-17 17:02:55", "calendarYear": "2020", "period": "FY", "revenue": 3893800000, "costOfRevenue": 3027100000, "grossProfit": 866700000, "grossProfitRatio": 0.2225846217, "researchAndDevelopmentExpenses": 0, "generalAndAdministrativeExpenses": 103300000, "sellingAndMarketingExpenses": 0, "sellingGeneralAndAdministrativeExpenses": 103300000, "otherExpenses": 373800000, "operatingExpenses": 477100000, "costAndExpenses": 3504200000, "interestIncome": 223300000, "interestExpense": 223300000, "depreciationAndAmortization": 638600000, "ebitda": 729200000, "ebitdaratio": 0.1872720736, "operatingIncome": 90600000, "operatingIncomeRatio": 0.023267759, "totalOtherIncomeExpensesNet": -263000000, "incomeBeforeTax": -172400000, "incomeBeforeTaxRatio": -0.0442755149, "incomeTaxExpense": 143200000, "netIncome": -315600000, "netIncomeRatio": -0.0810519287, "eps": -0.65, "epsdiluted": -0.65, "weightedAverageShsOut": 489300000, "weightedAverageShsOutDil": 489300000, "link": "https://www.sec.gov/Archives/edgar/data/1592000/000159200021000010/0001592000-21-000010-index.htm", "finalLink": "https://www.sec.gov/Archives/edgar/data/1592000/000159200021000010/enlc-20201231.htm", "calculatedOtherExpenses": 672800000, "calculatedOperatingExpenses": 776100000, "calculatedNetInterest": 0, "calculatedOtherIncome": -263000000, "calculatedIncomeNonControlling": 0, "calculatedEbitda": 729200000}, {"date": "2019-12-31", "symbol": "ENLC", "reportedCurrency": "USD", "cik": "0001592000", "fillingDate": "2020-02-26", "acceptedDate": "2020-02-26 17:05:28", "calendarYear": "2019", "period": "FY", "revenue": 6052900000, "costOfRevenue": 5009500000, "grossProfit": 1043400000, "grossProfitRatio": 0.1723801814, "researchAndDevelopmentExpenses": 0, "generalAndAdministrativeExpenses": 152600000, "sellingAndMarketingExpenses": 0, "sellingGeneralAndAdministrativeExpenses": 152600000, "otherExpenses": 467100000, "operatingExpenses": 619700000, "costAndExpenses": 5629200000, "interestIncome": 1400000, "interestExpense": 216000000, "depreciationAndAmortization": 617000000, "ebitda": 1608200000, "ebitdaratio": 0.2656908259, "operatingIncome": 991200000, "operatingIncomeRatio": 0.163756216, "totalOtherIncomeExpensesNet": -1983900000, "incomeBeforeTax": -992700000, "incomeBeforeTaxRatio": -0.1640040311, "incomeTaxExpense": 6900000, "netIncome": -999600000, "netIncomeRatio": -0.1651439806, "eps": -2.15, "epsdiluted": -2.15, "weightedAverageShsOut": 463900000, "weightedAverageShsOutDil": 463900000, "link": "https://www.sec.gov/Archives/edgar/data/1592000/000159200020000004/0001592000-20-000004-index.htm", "finalLink": "https://www.sec.gov/Archives/edgar/data/1592000/000159200020000004/enlc201910-k.htm", "calculatedOtherExpenses": -100400000, "calculatedOperatingExpenses": 52200000, "calculatedNetInterest": -214600000, "calculatedOtherIncome": -1769300000, "calculatedIncomeNonControlling": 0, "calculatedEbitda": 1608200000}, {"date": "2018-12-31", "symbol": "ENLC", "reportedCurrency": "USD", "cik": "0001592000", "fillingDate": "2019-02-20", "acceptedDate": "2019-02-20 12:03:49", "calendarYear": "2018", "period": "FY", "revenue": 7699000000, "costOfRevenue": 6585300000, "grossProfit": 1113700000, "grossProfitRatio": 0.14465515, "researchAndDevelopmentExpenses": 0, "generalAndAdministrativeExpenses": 140300000, "sellingAndMarketingExpenses": 0, "sellingGeneralAndAdministrativeExpenses": 140300000, "otherExpenses": 600000, "operatingExpenses": 593700000, "costAndExpenses": 7179000000, "interestIncome": 2900000, "interestExpense": 182300000, "depreciationAndAmortization": 577300000, "ebitda": 886200000, "ebitdaratio": 0.1151058579, "operatingIncome": 153800000, "operatingIncomeRatio": 0.0199766203, "totalOtherIncomeExpensesNet": -352300000, "incomeBeforeTax": -14600000, "incomeBeforeTaxRatio": -0.0018963502, "incomeTaxExpense": 18200000, "netIncome": -13200000, "netIncomeRatio": -0.0017145084, "eps": -0.0729, "epsdiluted": -0.07, "weightedAverageShsOut": 181100000, "weightedAverageShsOutDil": 188571429, "link": "https://www.sec.gov/Archives/edgar/data/1592000/000159200019000007/0001592000-19-000007-index.htm", "finalLink": "https://www.sec.gov/Archives/edgar/data/1592000/000159200019000007/enlc201810-k.htm", "calculatedOtherExpenses": 819600000, "calculatedOperatingExpenses": 959900000, "calculatedNetInterest": -179400000, "calculatedOtherIncome": 11000000, "calculatedIncomeNonControlling": -19600000, "calculatedEbitda": 731100000}, {"date": "2017-12-31", "symbol": "ENLC", "reportedCurrency": "USD", "cik": "0001592000", "fillingDate": "2018-02-21", "acceptedDate": "2018-02-21 08:47:36", "calendarYear": "2017", "period": "FY", "revenue": 5739600000, "costOfRevenue": 4906800000, "grossProfit": 832800000, "grossProfitRatio": 0.1450972193, "researchAndDevelopmentExpenses": 0, "generalAndAdministrativeExpenses": 128600000, "sellingAndMarketingExpenses": 0, "sellingGeneralAndAdministrativeExpenses": 128600000, "otherExpenses": 600000, "operatingExpenses": 547300000, "costAndExpenses": 5454100000, "interestIncome": 0, "interestExpense": 190400000, "depreciationAndAmortization": 545300000, "ebitda": 267600000, "ebitdaratio": 0.0466234581, "operatingIncome": 294400000, "operatingIncomeRatio": 0.051292773, "totalOtherIncomeExpensesNet": 28100000, "incomeBeforeTax": 123200000, "incomeBeforeTaxRatio": 0.0214649104, "incomeTaxExpense": -196800000, "netIncome": 212800000, "netIncomeRatio": 0.0370757544, "eps": 1.18, "epsdiluted": 1.17, "weightedAverageShsOut": 180338983, "weightedAverageShsOutDil": 181880342, "link": "https://www.sec.gov/Archives/edgar/data/1592000/000159200018000003/0001592000-18-000003-index.htm", "finalLink": "https://www.sec.gov/Archives/edgar/data/1592000/000159200018000003/enlc10-k.htm", "calculatedOtherExpenses": 409800000, "calculatedOperatingExpenses": 538400000, "calculatedNetInterest": -190400000, "calculatedOtherIncome": 19200000, "calculatedIncomeNonControlling": 107200000, "calculatedEbitda": 839700000}, {"date": "2016-12-31", "symbol": "ENLC", "reportedCurrency": "USD", "cik": "0001592000", "fillingDate": "2017-02-15", "acceptedDate": "2017-02-15 12:04:40", "calendarYear": "2016", "period": "FY", "revenue": 4263500000, "costOfRevenue": 3519400000, "grossProfit": 744100000, "grossProfitRatio": 0.17452797, "researchAndDevelopmentExpenses": 0, "generalAndAdministrativeExpenses": 122500000, "sellingAndMarketingExpenses": 0, "sellingGeneralAndAdministrativeExpenses": 122500000, "otherExpenses": 300000, "operatingExpenses": 521000000, "costAndExpenses": 4040400000, "interestIncome": 900000, "interestExpense": 137000000, "depreciationAndAmortization": 503900000, "ebitda": 654900000, "ebitdaratio": 0.1536061921, "operatingIncome": -674500000, "operatingIncomeRatio": -0.1582033541, "totalOtherIncomeExpensesNet": -917200000, "incomeBeforeTax": -883600000, "incomeBeforeTaxRatio": -0.2072475666, "incomeTaxExpense": 4600000, "netIncome": -460000000, "netIncomeRatio": -0.1078925765, "eps": -2.56, "epsdiluted": -2.56, "weightedAverageShsOut": 179700000, "weightedAverageShsOutDil": 179700000, "link": "https://www.sec.gov/Archives/edgar/data/1592000/000159200017000003/0001592000-17-000003-index.htm", "finalLink": "https://www.sec.gov/Archives/edgar/data/1592000/000159200017000003/c000-20161231x10k.htm", "calculatedOtherExpenses": 1296100000, "calculatedOperatingExpenses": 1418600000, "calculatedNetInterest": -136100000, "calculatedOtherIncome": -73000000, "calculatedIncomeNonControlling": -428200000, "calculatedEbitda": -170600000}, {"date": "2015-12-31", "symbol": "ENLC", "reportedCurrency": "USD", "cik": "0001592000", "fillingDate": "2016-02-17", "acceptedDate": "2016-02-17 15:09:59", "calendarYear": "2015", "period": "FY", "revenue": 4442700000, "costOfRevenue": 3632600000, "grossProfit": 810100000, "grossProfitRatio": 0.18234407, "researchAndDevelopmentExpenses": 0, "generalAndAdministrativeExpenses": 136900000, "sellingAndMarketingExpenses": 0, "sellingGeneralAndAdministrativeExpenses": 136900000, "otherExpenses": 800000, "operatingExpenses": 556800000, "costAndExpenses": 4189400000, "interestIncome": 5400000, "interestExpense": 108300000, "depreciationAndAmortization": 387300000, "ebitda": 666800000, "ebitdaratio": 0.1500889099, "operatingIncome": -1301900000, "operatingIncomeRatio": -0.2930425192, "totalOtherIncomeExpensesNet": -1534000000, "incomeBeforeTax": -1384000000, "incomeBeforeTaxRatio": -0.3115222725, "incomeTaxExpense": 25700000, "netIncome": -355200000, "netIncomeRatio": -0.0799513809, "eps": -2.16, "epsdiluted": -2.16, "weightedAverageShsOut": 164200000, "weightedAverageShsOutDil": 164200000, "link": "https://www.sec.gov/Archives/edgar/data/1592000/000159200016000022/0001592000-16-000022-index.htm", "finalLink": "https://www.sec.gov/Archives/edgar/data/1592000/000159200016000022/enlc201510-k.htm", "calculatedOtherExpenses": 1975100000, "calculatedOperatingExpenses": 2112000000, "calculatedNetInterest": -102900000, "calculatedOtherIncome": 20800000, "calculatedIncomeNonControlling": -1054500000, "calculatedEbitda": -914600000}, {"date": "2014-12-31", "symbol": "ENLC", "reportedCurrency": "USD", "cik": "0001592000", "fillingDate": "2015-02-20", "acceptedDate": "2015-02-20 16:22:56", "calendarYear": "2014", "period": "FY", "revenue": 3478300000, "costOfRevenue": 2774800000, "grossProfit": 703500000, "grossProfitRatio": 0.2022539746, "researchAndDevelopmentExpenses": 0, "generalAndAdministrativeExpenses": 97300000, "sellingAndMarketingExpenses": 0, "sellingGeneralAndAdministrativeExpenses": 97300000, "otherExpenses": -500000, "operatingExpenses": 375500000, "costAndExpenses": 3150300000, "interestIncome": 0, "interestExpense": 49800000, "depreciationAndAmortization": 280300000, "ebitda": 576800000, "ebitdaratio": 0.1658281344, "operatingIncome": 356300000, "operatingIncomeRatio": 0.1024350976, "totalOtherIncomeExpensesNet": 49900000, "incomeBeforeTax": 328100000, "incomeBeforeTaxRatio": 0.0943276888, "incomeTaxExpense": 76400000, "netIncome": 126000000, "netIncomeRatio": 0.0362245925, "eps": 0.55, "epsdiluted": 0.55, "weightedAverageShsOut": 164000000, "weightedAverageShsOutDil": 164300000, "link": "https://www.sec.gov/Archives/edgar/data/1592000/000159200015000005/0001592000-15-000005-index.htm", "finalLink": "https://www.sec.gov/Archives/edgar/data/1592000/000159200015000005/enlc201410-k.htm", "calculatedOtherExpenses": 249900000, "calculatedOperatingExpenses": 347200000, "calculatedNetInterest": -49800000, "calculatedOtherIncome": 21600000, "calculatedIncomeNonControlling": 125700000, "calculatedEbitda": 636600000}, {"date": "2013-12-31", "symbol": "ENLC", "reportedCurrency": "USD", "cik": "0001592000", "fillingDate": "2014-03-31", "acceptedDate": "2014-03-31 16:05:16", "calendarYear": "2013", "period": "FY", "revenue": 1944312000, "costOfRevenue": 1687272000, "grossProfit": 257040000, "grossProfitRatio": 0.1322010048, "researchAndDevelopmentExpenses": 0, "generalAndAdministrativeExpenses": 79993000, "sellingAndMarketingExpenses": 0, "sellingGeneralAndAdministrativeExpenses": 79993000, "otherExpenses": 1600000, "operatingExpenses": 230851000, "costAndExpenses": 1918123000, "interestIncome": 0, "interestExpense": 76859000, "depreciationAndAmortization": 140285000, "ebitda": 240299000, "ebitdaratio": 0.1235907612, "operatingIncome": -47636000, "operatingIncomeRatio": -0.0245001831, "totalOtherIncomeExpensesNet": -72179000, "incomeBeforeTax": -122849000, "incomeBeforeTaxRatio": -0.0631837894, "incomeTaxExpense": -10214000, "netIncome": -29636000, "netIncomeRatio": -0.0152424097, "eps": -0.62, "epsdiluted": -0.62, "weightedAverageShsOut": 47756973, "weightedAverageShsOutDil": 47756973, "link": "https://www.sec.gov/Archives/edgar/data/1592000/000110465914024490/0001104659-14-024490-index.htm", "finalLink": "https://www.sec.gov/Archives/edgar/data/1592000/000110465914024490/a14-9202_110k.htm", "calculatedOtherExpenses": 224683000, "calculatedOperatingExpenses": 304676000, "calculatedNetInterest": -76859000, "calculatedOtherIncome": 1646000, "calculatedIncomeNonControlling": -82999000, "calculatedEbitda": 92649000}, {"date": "2012-12-31", "symbol": "ENLC", "reportedCurrency": "USD", "cik": "0001592000", "fillingDate": "2012-12-31", "acceptedDate": "2012-12-30 19:00:00", "calendarYear": "2012", "period": "FY", "revenue": 1655851000, "costOfRevenue": 1424393000, "grossProfit": 231458000, "grossProfitRatio": 0.1397819007, "researchAndDevelopmentExpenses": 0, "generalAndAdministrativeExpenses": 65083000, "sellingAndMarketingExpenses": 0, "sellingGeneralAndAdministrativeExpenses": 65083000, "otherExpenses": 5054000, "operatingExpenses": 195965000, "costAndExpenses": 1620358000, "interestIncome": 0, "interestExpense": 86515000, "depreciationAndAmortization": 162300000, "ebitda": 198457000, "ebitdaratio": 0.1198519674, "operatingIncome": 34829000, "operatingIncomeRatio": 0.0210338974, "totalOtherIncomeExpensesNet": 7640000, "incomeBeforeTax": -43382000, "incomeBeforeTaxRatio": -0.0261992172, "incomeTaxExpense": -6642000, "netIncome": -12481000, "netIncomeRatio": -0.0075375139, "eps": -0.26, "epsdiluted": -0.26, "weightedAverageShsOut": 47384000, "weightedAverageShsOutDil": 47384000, "link": "", "finalLink": "", "calculatedOtherExpenses": 131546000, "calculatedOperatingExpenses": 196629000, "calculatedNetInterest": -86515000, "calculatedOtherIncome": 8304000, "calculatedIncomeNonControlling": -24259000, "calculatedEbitda": 197129000}, {"date": "2011-12-31", "symbol": "ENLC", "reportedCurrency": "USD", "cik": "0001592000", "fillingDate": "2011-12-31", "acceptedDate": "2011-12-30 19:00:00", "calendarYear": "2011", "period": "FY", "revenue": 2013942000, "costOfRevenue": 1750555000, "grossProfit": 263387000, "grossProfitRatio": 0.1307818199, "researchAndDevelopmentExpenses": 0, "generalAndAdministrativeExpenses": 0, "sellingAndMarketingExpenses": 0, "sellingGeneralAndAdministrativeExpenses": 55516000, "otherExpenses": 180874000, "operatingExpenses": 180874000, "costAndExpenses": 1931429000, "interestIncome": 0, "interestExpense": 79227000, "depreciationAndAmortization": 125358000, "ebitda": 207871000, "ebitdaratio": 0.1032159814, "operatingIncome": 74473000, "operatingIncomeRatio": 0.0369787213, "totalOtherIncomeExpensesNet": -7333000, "incomeBeforeTax": -4047000, "incomeBeforeTaxRatio": -0.0020094918, "incomeTaxExpense": -2768000, "netIncome": -6007000, "netIncomeRatio": -0.0029827075, "eps": -0.13, "epsdiluted": -0.13, "weightedAverageShsOut": 47150000, "weightedAverageShsOutDil": 47150000, "link": "", "finalLink": "", "calculatedOtherExpenses": 133398000, "calculatedOperatingExpenses": 188914000, "calculatedNetInterest": -79227000, "calculatedOtherIncome": 707000, "calculatedIncomeNonControlling": 4728000, "calculatedEbitda": 199831000}, {"date": "2010-12-31", "symbol": "ENLC", "reportedCurrency": "USD", "cik": "0001592000", "fillingDate": "2010-12-31", "acceptedDate": "2010-12-30 19:00:00", "calendarYear": "2010", "period": "FY", "revenue": 1792676000, "costOfRevenue": 1559436000, "grossProfit": 233240000, "grossProfitRatio": 0.1301071694, "researchAndDevelopmentExpenses": 0, "generalAndAdministrativeExpenses": 0, "sellingAndMarketingExpenses": 0, "sellingGeneralAndAdministrativeExpenses": 51172000, "otherExpenses": 158016000, "operatingExpenses": 158016000, "costAndExpenses": 1717452000, "interestIncome": 0, "interestExpense": 0, "depreciationAndAmortization": 111625000, "ebitda": 202579000, "ebitdaratio": 0.1130036883, "operatingIncome": 73913000, "operatingIncomeRatio": 0.0412305403, "totalOtherIncomeExpensesNet": -15730000, "incomeBeforeTax": -27534000, "incomeBeforeTaxRatio": -0.0153591614, "incomeTaxExpense": -6021000, "netIncome": -11651000, "netIncomeRatio": -0.0064992224, "eps": -0.25, "epsdiluted": -0.25, "weightedAverageShsOut": 46732000, "weightedAverageShsOutDil": 46732000, "link": "", "finalLink": "", "calculatedOtherExpenses": 108155000, "calculatedOperatingExpenses": 159327000, "calculatedNetInterest": 0, "calculatedOtherIncome": -101447000, "calculatedIncomeNonControlling": -9862000, "calculatedEbitda": 185538000}, {"date": "2009-12-31", "symbol": "ENLC", "reportedCurrency": "USD", "cik": "0001592000", "fillingDate": "2009-12-31", "acceptedDate": "2009-12-30 19:00:00", "calendarYear": "2009", "period": "FY", "revenue": 1459090000, "costOfRevenue": 1258262000, "grossProfit": 200828000, "grossProfitRatio": 0.1376392135, "researchAndDevelopmentExpenses": 0, "generalAndAdministrativeExpenses": 0, "sellingAndMarketingExpenses": 0, "sellingGeneralAndAdministrativeExpenses": 62491000, "otherExpenses": 177993000, "operatingExpenses": 177993000, "costAndExpenses": 1436255000, "interestIncome": 0, "interestExpense": 95078000, "depreciationAndAmortization": 129812000, "ebitda": 152647000, "ebitdaratio": 0.1046179468, "operatingIncome": 19941000, "operatingIncomeRatio": 0.0136667375, "totalOtherIncomeExpensesNet": -6114000, "incomeBeforeTax": -78357000, "incomeBeforeTaxRatio": -0.0537026503, "incomeTaxExpense": -6020000, "netIncome": 15642000, "netIncomeRatio": 0.0107203805, "eps": 0.33, "epsdiluted": 0.33, "weightedAverageShsOut": 46476000, "weightedAverageShsOutDil": 46535000, "link": "", "finalLink": "", "calculatedOtherExpenses": 118396000, "calculatedOperatingExpenses": 180887000, "calculatedNetInterest": -95078000, "calculatedOtherIncome": -3220000, "calculatedIncomeNonControlling": -87979000, "calculatedEbitda": 149753000}, {"date": "2008-12-31", "symbol": "ENLC", "reportedCurrency": "USD", "cik": "0001592000", "fillingDate": "2008-12-31", "acceptedDate": "2008-12-30 19:00:00", "calendarYear": "2008", "period": "FY", "revenue": 4907049000, "costOfRevenue": 4654943000, "grossProfit": 252106000, "grossProfitRatio": 0.0513762956, "researchAndDevelopmentExpenses": 0, "generalAndAdministrativeExpenses": 0, "sellingAndMarketingExpenses": 0, "sellingGeneralAndAdministrativeExpenses": 74518000, "otherExpenses": 192114000, "operatingExpenses": 192114000, "costAndExpenses": 4847057000, "interestIncome": 0, "interestExpense": 0, "depreciationAndAmortization": 133030000, "ebitda": 196377000, "ebitdaratio": 0.0400193681, "operatingIncome": 28752000, "operatingIncomeRatio": 0.005859326, "totalOtherIncomeExpensesNet": -3355000, "incomeBeforeTax": -31180000, "incomeBeforeTaxRatio": -0.0063541244, "incomeTaxExpense": 2410000, "netIncome": 24233000, "netIncomeRatio": 0.004938406, "eps": 0.52, "epsdiluted": 0.51, "weightedAverageShsOut": 46298000, "weightedAverageShsOutDil": 46589000, "link": "", "finalLink": "", "calculatedOtherExpenses": 148836000, "calculatedOperatingExpenses": 223354000, "calculatedNetInterest": 0, "calculatedOtherIncome": -59932000, "calculatedIncomeNonControlling": -57823000, "calculatedEbitda": 161782000}, {"date": "2007-12-31", "symbol": "ENLC", "reportedCurrency": "USD", "cik": "0001592000", "fillingDate": "2007-12-31", "acceptedDate": "2007-12-30 19:00:00", "calendarYear": "2007", "period": "FY", "revenue": 3860431000, "costOfRevenue": 3604610000, "grossProfit": 255821000, "grossProfitRatio": 0.0662674712, "researchAndDevelopmentExpenses": 0, "generalAndAdministrativeExpenses": 0, "sellingAndMarketingExpenses": 0, "sellingGeneralAndAdministrativeExpenses": 64304000, "otherExpenses": 165897000, "operatingExpenses": 165897000, "costAndExpenses": 3770507000, "interestIncome": 0, "interestExpense": 0, "depreciationAndAmortization": 111565000, "ebitda": 186012000, "ebitdaratio": 0.0481842571, "operatingIncome": 89924000, "operatingIncomeRatio": 0.0232937721, "totalOtherIncomeExpensesNet": 15477000, "incomeBeforeTax": 12566000, "incomeBeforeTaxRatio": 0.003255077, "incomeTaxExpense": 11049000, "netIncome": 12176000, "netIncomeRatio": 0.003154052, "eps": 0.26, "epsdiluted": 0.26, "weightedAverageShsOut": 45988000, "weightedAverageShsOutDil": 46607000, "link": "", "finalLink": "", "calculatedOtherExpenses": 101593000, "calculatedOperatingExpenses": 165897000, "calculatedNetInterest": 0, "calculatedOtherIncome": -77358000, "calculatedIncomeNonControlling": -10659000, "calculatedEbitda": 201489000}, {"date": "2006-12-31", "symbol": "ENLC", "reportedCurrency": "USD", "cik": "0001592000", "fillingDate": "2006-12-31", "acceptedDate": "2006-12-30 19:00:00", "calendarYear": "2006", "period": "FY", "revenue": 3141804000, "costOfRevenue": 2970314000, "grossProfit": 171490000, "grossProfitRatio": 0.0545832904, "researchAndDevelopmentExpenses": 0, "generalAndAdministrativeExpenses": 0, "sellingAndMarketingExpenses": 0, "sellingGeneralAndAdministrativeExpenses": 47707000, "otherExpenses": 126792000, "operatingExpenses": 126792000, "costAndExpenses": 3097106000, "interestIncome": 0, "interestExpense": 0, "depreciationAndAmortization": 85486000, "ebitda": 105748000, "ebitdaratio": 0.0336583695, "operatingIncome": 44698000, "operatingIncomeRatio": 0.0142268582, "totalOtherIncomeExpensesNet": 24436000, "incomeBeforeTax": 27403000, "incomeBeforeTaxRatio": 0.008722059, "incomeTaxExpense": 11118000, "netIncome": 16455000, "netIncomeRatio": 0.0052374368, "eps": 0.39, "epsdiluted": 0.39, "weightedAverageShsOut": 42168000, "weightedAverageShsOutDil": 42666000, "link": "", "finalLink": "", "calculatedOtherExpenses": 79085000, "calculatedOperatingExpenses": 126792000, "calculatedNetInterest": 0, "calculatedOtherIncome": -17295000, "calculatedIncomeNonControlling": -170000, "calculatedEbitda": 130184000}, {"date": "2005-12-31", "symbol": "ENLC", "reportedCurrency": "USD", "cik": "0001592000", "fillingDate": "2005-12-31", "acceptedDate": "2005-12-30 19:00:00", "calendarYear": "2005", "period": "FY", "revenue": 3033048000, "costOfRevenue": 2927297000, "grossProfit": 105751000, "grossProfitRatio": 0.0348662468, "researchAndDevelopmentExpenses": 0, "generalAndAdministrativeExpenses": 0, "sellingAndMarketingExpenses": 0, "sellingGeneralAndAdministrativeExpenses": 34145000, "otherExpenses": 72045000, "operatingExpenses": 72045000, "costAndExpenses": 2999342000, "interestIncome": 0, "interestExpense": 0, "depreciationAndAmortization": 37197000, "ebitda": 7272000, "ebitdaratio": 0.0023975882, "operatingIncome": 33706000, "operatingIncomeRatio": 0.0111129135, "totalOtherIncomeExpensesNet": 63631000, "incomeBeforeTax": 79183000, "incomeBeforeTaxRatio": 0.0261067415, "incomeTaxExpense": 30047000, "netIncome": 49136000, "netIncomeRatio": 0.0162002052, "eps": 1.29, "epsdiluted": 1.26, "weightedAverageShsOut": 37956000, "weightedAverageShsOutDil": 38871000, "link": "", "finalLink": "", "calculatedOtherExpenses": 37900000, "calculatedOperatingExpenses": 72045000, "calculatedNetInterest": 0, "calculatedOtherIncome": 45477000, "calculatedIncomeNonControlling": 0, "calculatedEbitda": 70903000}, {"date": "2004-12-31", "symbol": "ENLC", "reportedCurrency": "USD", "cik": "0001592000", "fillingDate": "2004-12-31", "acceptedDate": "2004-12-30 19:00:00", "calendarYear": "2004", "period": "FY", "revenue": 1978776000, "costOfRevenue": 1904675000, "grossProfit": 74101000, "grossProfitRatio": 0.0374478971, "researchAndDevelopmentExpenses": 0, "generalAndAdministrativeExpenses": 0, "sellingAndMarketingExpenses": 0, "sellingGeneralAndAdministrativeExpenses": 22204000, "otherExpenses": 43700000, "operatingExpenses": 43700000, "costAndExpenses": 1948375000, "interestIncome": 0, "interestExpense": 0, "depreciationAndAmortization": 23034000, "ebitda": 51095000, "ebitdaratio": 0.0258215179, "operatingIncome": 30401000, "operatingIncomeRatio": 0.0153635379, "totalOtherIncomeExpensesNet": 2340000, "incomeBeforeTax": 13849000, "incomeBeforeTaxRatio": 0.006998771, "incomeTaxExpense": 5149000, "netIncome": 8700000, "netIncomeRatio": 0.0043966573, "eps": 0.24, "epsdiluted": 0.22, "weightedAverageShsOut": 35547000, "weightedAverageShsOutDil": 38697000, "link": "", "finalLink": "", "calculatedOtherExpenses": 21496000, "calculatedOperatingExpenses": 43700000, "calculatedNetInterest": 0, "calculatedOtherIncome": -16552000, "calculatedIncomeNonControlling": 0, "calculatedEbitda": 53435000}, {"date": "2003-12-31", "symbol": "ENLC", "reportedCurrency": "USD", "cik": "0001592000", "fillingDate": "2003-12-31", "acceptedDate": "2003-12-30 19:00:00", "calendarYear": "2003", "period": "FY", "revenue": 1013663000, "costOfRevenue": 971738000, "grossProfit": 41925000, "grossProfitRatio": 0.0413598997, "researchAndDevelopmentExpenses": 0, "generalAndAdministrativeExpenses": 0, "sellingAndMarketingExpenses": 0, "sellingGeneralAndAdministrativeExpenses": 16938000, "otherExpenses": 28575000, "operatingExpenses": 28575000, "costAndExpenses": 1000313000, "interestIncome": 0, "interestExpense": 0, "depreciationAndAmortization": 13542000, "ebitda": 6448000, "ebitdaratio": 0.0063610884, "operatingIncome": 13350000, "operatingIncomeRatio": 0.0131700575, "totalOtherIncomeExpensesNet": 20444000, "incomeBeforeTax": 23605000, "incomeBeforeTaxRatio": 0.023286832, "incomeTaxExpense": 10157000, "netIncome": 13448000, "netIncomeRatio": 0.0132667366, "eps": 0.94, "epsdiluted": 0.37, "weightedAverageShsOut": 10458000, "weightedAverageShsOutDil": 26659459, "link": "", "finalLink": "", "calculatedOtherExpenses": 11637000, "calculatedOperatingExpenses": 28575000, "calculatedNetInterest": 0, "calculatedOtherIncome": 10255000, "calculatedIncomeNonControlling": 0, "calculatedEbitda": 26892000}, {"date": "2002-12-31", "symbol": "ENLC", "reportedCurrency": "USD", "cik": "0001592000", "fillingDate": "2002-12-31", "acceptedDate": "2002-12-30 19:00:00", "calendarYear": "2002", "period": "FY", "revenue": 454040000, "costOfRevenue": 420011000, "grossProfit": 34029000, "grossProfitRatio": 0.0749471412, "researchAndDevelopmentExpenses": 0, "generalAndAdministrativeExpenses": 0, "sellingAndMarketingExpenses": 0, "sellingGeneralAndAdministrativeExpenses": 7704000, "otherExpenses": 31178000, "operatingExpenses": 31178000, "costAndExpenses": 451189000, "interestIncome": 0, "interestExpense": 0, "depreciationAndAmortization": 7745000, "ebitda": 10648000, "ebitdaratio": 0.0234516783, "operatingIncome": 2851000, "operatingIncomeRatio": 0.0062791825, "totalOtherIncomeExpensesNet": -52000, "incomeBeforeTax": -1642000, "incomeBeforeTaxRatio": -0.0036164215, "incomeTaxExpense": -6871000, "netIncome": 5229000, "netIncomeRatio": 0.0115166065, "eps": 0.2, "epsdiluted": 0.15, "weightedAverageShsOut": 26145000, "weightedAverageShsOutDil": 34860000, "link": "", "finalLink": "", "calculatedOtherExpenses": 23474000, "calculatedOperatingExpenses": 31178000, "calculatedNetInterest": 0, "calculatedOtherIncome": -4493000, "calculatedIncomeNonControlling": 0, "calculatedEbitda": 10596000}, {"date": "2001-12-31", "symbol": "ENLC", "reportedCurrency": "USD", "cik": "0001592000", "fillingDate": "2001-12-31", "acceptedDate": "2001-12-30 19:00:00", "calendarYear": "2001", "period": "FY", "revenue": 388972000, "costOfRevenue": 362833000, "grossProfit": 26139000, "grossProfitRatio": 0.0672002098, "researchAndDevelopmentExpenses": 0, "generalAndAdministrativeExpenses": 0, "sellingAndMarketingExpenses": 0, "sellingGeneralAndAdministrativeExpenses": 5583000, "otherExpenses": 7761000, "operatingExpenses": 7761000, "costAndExpenses": 370594000, "interestIncome": 0, "interestExpense": 0, "depreciationAndAmortization": 6208000, "ebitda": 24412000, "ebitdaratio": 0.0627603015, "operatingIncome": -1946000, "operatingIncomeRatio": -0.0050029308, "totalOtherIncomeExpensesNet": 174000, "incomeBeforeTax": -1772000, "incomeBeforeTaxRatio": -0.0045555978, "incomeTaxExpense": 22296000, "netIncome": -3918000, "netIncomeRatio": -0.0100727045, "eps": -0.42, "epsdiluted": -0.42, "weightedAverageShsOut": 9403200, "weightedAverageShsOutDil": 9403200, "link": "", "finalLink": "", "calculatedOtherExpenses": 22502000, "calculatedOperatingExpenses": 28085000, "calculatedNetInterest": 0, "calculatedOtherIncome": 174000, "calculatedIncomeNonControlling": -20150000, "calculatedEbitda": 4262000}]}