{"originalCurrency": "USD", "convertedCurrency": "USD", "report": [{"date": "2023-12-31", "symbol": "ENO", "reportedCurrency": "USD", "cik": "0000071508", "fillingDate": "2024-02-23", "acceptedDate": "2024-02-23 11:05:00", "calendarYear": "2023", "period": "FY", "revenue": 843933000, "costOfRevenue": 558597000, "grossProfit": 285336000, "grossProfitRatio": 0.3381026693, "researchAndDevelopmentExpenses": 0, "generalAndAdministrativeExpenses": 0, "sellingAndMarketingExpenses": 0, "sellingGeneralAndAdministrativeExpenses": 4553000, "otherExpenses": 0, "operatingExpenses": 215407000, "costAndExpenses": 774004000, "interestIncome": 162726000, "interestExpense": 1046164000, "depreciationAndAmortization": 81282000, "ebitda": 157699000, "ebitdaratio": 0.1868619902, "operatingIncome": 76417000, "operatingIncomeRatio": 0.0905486573, "totalOtherIncomeExpensesNet": -37452000, "incomeBeforeTax": 38965000, "incomeBeforeTaxRatio": 0.0461707268, "incomeTaxExpense": 189973000, "netIncome": 228938000, "netIncomeRatio": 0.2712750894, "eps": 1.08, "epsdiluted": 1.08, "weightedAverageShsOut": 212376495, "weightedAverageShsOutDil": 212376495, "link": "https://www.sec.gov/Archives/edgar/data/71508/000006598424000012/0000065984-24-000012-index.htm", "finalLink": "https://www.sec.gov/Archives/edgar/data/7323/000006598424000012/etr-20231231.htm", "calculatedOtherExpenses": 204366000, "calculatedOperatingExpenses": 208919000, "calculatedNetInterest": -883438000, "calculatedOtherIncome": 845986000, "calculatedIncomeNonControlling": -379946000, "calculatedEbitda": 157699000}, {"date": "2022-12-31", "symbol": "ENO", "reportedCurrency": "USD", "cik": "0000071508", "fillingDate": "2023-02-24", "acceptedDate": "2023-02-24 11:41:59", "calendarYear": "2022", "period": "FY", "revenue": 997333000, "costOfRevenue": 715930000, "grossProfit": 281403000, "grossProfitRatio": 0.2821555087, "researchAndDevelopmentExpenses": 0, "generalAndAdministrativeExpenses": 0, "sellingAndMarketingExpenses": 0, "sellingGeneralAndAdministrativeExpenses": 7117000, "otherExpenses": 3224576000, "operatingExpenses": 158777000, "costAndExpenses": 874707000, "interestIncome": 34248000, "interestExpense": 940060000, "depreciationAndAmortization": 76938000, "ebitda": 205181000, "ebitdaratio": 0.2057296811, "operatingIncome": 128243000, "operatingIncomeRatio": 0.1285859387, "totalOtherIncomeExpensesNet": -39865000, "incomeBeforeTax": 88378000, "incomeBeforeTaxRatio": 0.0886143344, "incomeTaxExpense": 24277000, "netIncome": 64101000, "netIncomeRatio": 0.0642724145, "eps": 0.31, "epsdiluted": 0.31, "weightedAverageShsOut": 205547578, "weightedAverageShsOutDil": 205547578, "link": "https://www.sec.gov/Archives/edgar/data/71508/000006598423000014/0000065984-23-000014-index.htm", "finalLink": "https://www.sec.gov/Archives/edgar/data/7323/000006598423000014/etr-20221231.htm", "calculatedOtherExpenses": 146043000, "calculatedOperatingExpenses": 153160000, "calculatedNetInterest": -905812000, "calculatedOtherIncome": 865947000, "calculatedIncomeNonControlling": 0, "calculatedEbitda": 205181000}, {"date": "2021-12-31", "symbol": "ENO", "reportedCurrency": "USD", "cik": "0000071508", "fillingDate": "2022-02-25", "acceptedDate": "2022-02-25 10:40:47", "calendarYear": "2021", "period": "FY", "revenue": 768852000, "costOfRevenue": 563963000, "grossProfit": 204889000, "grossProfitRatio": 0.2664869182, "researchAndDevelopmentExpenses": 0, "generalAndAdministrativeExpenses": 0, "sellingAndMarketingExpenses": 0, "sellingGeneralAndAdministrativeExpenses": 6857000, "otherExpenses": 0, "operatingExpenses": 138039000, "costAndExpenses": 702002000, "interestIncome": 29310000, "interestExpense": 863712000, "depreciationAndAmortization": 73480000, "ebitda": 145000000, "ebitdaratio": 0.1885928631, "operatingIncome": 71520000, "operatingIncomeRatio": 0.0930218039, "totalOtherIncomeExpensesNet": -33786000, "incomeBeforeTax": 37734000, "incomeBeforeTaxRatio": 0.0490783662, "incomeTaxExpense": 5936000, "netIncome": 31798000, "netIncomeRatio": 0.0413577646, "eps": 0.16, "epsdiluted": 0.16, "weightedAverageShsOut": 201873024, "weightedAverageShsOutDil": 201873024, "link": "https://www.sec.gov/Archives/edgar/data/71508/000006598422000017/0000065984-22-000017-index.htm", "finalLink": "https://www.sec.gov/Archives/edgar/data/7323/000006598422000017/etr-20211231.htm", "calculatedOtherExpenses": 126512000, "calculatedOperatingExpenses": 133369000, "calculatedNetInterest": -834402000, "calculatedOtherIncome": 800616000, "calculatedIncomeNonControlling": 0, "calculatedEbitda": 145000000}, {"date": "2020-12-31", "symbol": "ENO", "reportedCurrency": "USD", "cik": "0000071508", "fillingDate": "2021-02-26", "acceptedDate": "2021-02-26 12:31:41", "calendarYear": "2020", "period": "FY", "revenue": 633841000, "costOfRevenue": 446109000, "grossProfit": 187732000, "grossProfitRatio": 0.2961815345, "researchAndDevelopmentExpenses": 0, "generalAndAdministrativeExpenses": 0, "sellingAndMarketingExpenses": 0, "sellingGeneralAndAdministrativeExpenses": 5374000, "otherExpenses": 0, "operatingExpenses": 113616000, "costAndExpenses": 559725000, "interestIncome": 28985000, "interestExpense": 837981000, "depreciationAndAmortization": 64012000, "ebitda": 133798000, "ebitdaratio": 0.2110907941, "operatingIncome": 69786000, "operatingIncomeRatio": 0.1101001671, "totalOtherIncomeExpensesNet": -24655000, "incomeBeforeTax": 45131000, "incomeBeforeTaxRatio": 0.0712023993, "incomeTaxExpense": 4207000, "netIncome": 49338000, "netIncomeRatio": 0.0778397106, "eps": 0.25, "epsdiluted": 0.25, "weightedAverageShsOut": 201102220, "weightedAverageShsOutDil": 201102220, "link": "https://www.sec.gov/Archives/edgar/data/71508/000006598421000096/0000065984-21-000096-index.htm", "finalLink": "https://www.sec.gov/Archives/edgar/data/7323/000006598421000096/etr-20201231.htm", "calculatedOtherExpenses": 112572000, "calculatedOperatingExpenses": 117946000, "calculatedNetInterest": -808996000, "calculatedOtherIncome": 784341000, "calculatedIncomeNonControlling": -8414000, "calculatedEbitda": 133798000}, {"date": "2019-12-31", "symbol": "ENO", "reportedCurrency": "USD", "cik": "0000071508", "fillingDate": "2020-02-21", "acceptedDate": "2020-02-21 12:33:43", "calendarYear": "2019", "period": "FY", "revenue": 686223000, "costOfRevenue": 484580000, "grossProfit": 201643000, "grossProfitRatio": 0.2938447123, "researchAndDevelopmentExpenses": 0, "generalAndAdministrativeExpenses": 0, "sellingAndMarketingExpenses": 0, "sellingGeneralAndAdministrativeExpenses": 3817000, "otherExpenses": 0, "operatingExpenses": 124793000, "costAndExpenses": 609373000, "interestIncome": 24035000, "interestExpense": 807382000, "depreciationAndAmortization": 56072000, "ebitda": 128574000, "ebitdaratio": 0.1873647488, "operatingIncome": 72502000, "operatingIncomeRatio": 0.1056537015, "totalOtherIncomeExpensesNet": -19687000, "incomeBeforeTax": 52815000, "incomeBeforeTaxRatio": 0.0769647768, "incomeTaxExpense": 186000, "netIncome": 52629000, "netIncomeRatio": 0.0766937278, "eps": 0.27, "epsdiluted": 0.27, "weightedAverageShsOut": 196999284, "weightedAverageShsOutDil": 196999284, "link": "https://www.sec.gov/Archives/edgar/data/71508/000006598420000069/0000065984-20-000069-index.htm", "finalLink": "https://www.sec.gov/Archives/edgar/data/7323/000006598420000069/etr-12312019x10k.htm", "calculatedOtherExpenses": 125324000, "calculatedOperatingExpenses": 129141000, "calculatedNetInterest": -783347000, "calculatedOtherIncome": 763660000, "calculatedIncomeNonControlling": 0, "calculatedEbitda": 128574000}, {"date": "2018-12-31", "symbol": "ENO", "reportedCurrency": "USD", "cik": "0000071508", "fillingDate": "2019-02-26", "acceptedDate": "2019-02-26 12:55:40", "calendarYear": "2018", "period": "FY", "revenue": 717390000, "costOfRevenue": 509714000, "grossProfit": 207676000, "grossProfitRatio": 0.2894882839, "researchAndDevelopmentExpenses": 0, "generalAndAdministrativeExpenses": 0, "sellingAndMarketingExpenses": 0, "sellingGeneralAndAdministrativeExpenses": 4189000, "otherExpenses": 0, "operatingExpenses": 135791999, "costAndExpenses": 645505999, "interestIncome": 63864000, "interestExpense": 768322000, "depreciationAndAmortization": 55930000, "ebitda": 134311000, "ebitdaratio": 0.1872217343, "operatingIncome": 78381000, "operatingIncomeRatio": 0.1092585623, "totalOtherIncomeExpensesNet": -27665000, "incomeBeforeTax": 50716000, "incomeBeforeTaxRatio": 0.0706951588, "incomeTaxExpense": 2436000, "netIncome": 53152000, "netIncomeRatio": 0.0740908014, "eps": 0.29, "epsdiluted": 0.29, "weightedAverageShsOut": 183378513, "weightedAverageShsOutDil": 183378513, "link": "https://www.sec.gov/Archives/edgar/data/71508/000006598419000082/0000065984-19-000082-index.htm", "finalLink": "https://www.sec.gov/Archives/edgar/data/7323/000006598419000082/etr-12312018x10k.htm", "calculatedOtherExpenses": 125106000, "calculatedOperatingExpenses": 129295000, "calculatedNetInterest": -704458000, "calculatedOtherIncome": 676793000, "calculatedIncomeNonControlling": -4872000, "calculatedEbitda": 134311000}, {"date": "2017-12-31", "symbol": "ENO", "reportedCurrency": "USD", "cik": "0000071508", "fillingDate": "2018-02-26", "acceptedDate": "2018-02-26 09:03:03", "calendarYear": "2017", "period": "FY", "revenue": 716070000, "costOfRevenue": 501237000, "grossProfit": 214833000, "grossProfitRatio": 0.3000167581, "researchAndDevelopmentExpenses": 0, "generalAndAdministrativeExpenses": 0, "sellingAndMarketingExpenses": 0, "sellingGeneralAndAdministrativeExpenses": 0, "otherExpenses": 0, "operatingExpenses": 116428000, "costAndExpenses": 617665000, "interestIncome": 288197000, "interestExpense": 707212000, "depreciationAndAmortization": 52945000, "ebitda": 149354000, "ebitdaratio": 0.2085745807, "operatingIncome": 96409000, "operatingIncomeRatio": 0.1346362786, "totalOtherIncomeExpensesNet": -18578000, "incomeBeforeTax": 77831000, "incomeBeforeTaxRatio": 0.1086918877, "incomeTaxExpense": 33278000, "netIncome": 43712000, "netIncomeRatio": 0.0610443113, "eps": 0.24, "epsdiluted": 0.24, "weightedAverageShsOut": 179671797, "weightedAverageShsOutDil": 180535893, "link": "https://www.sec.gov/Archives/edgar/data/71508/000006598418000072/0000065984-18-000072-index.htm", "finalLink": "https://www.sec.gov/Archives/edgar/data/7323/000006598418000072/etr-12312017x10k.htm", "calculatedOtherExpenses": 118424000, "calculatedOperatingExpenses": 118424000, "calculatedNetInterest": -419015000, "calculatedOtherIncome": 400437000, "calculatedIncomeNonControlling": 841000, "calculatedEbitda": 149354000}, {"date": "2016-12-31", "symbol": "ENO", "reportedCurrency": "USD", "cik": "0000071508", "fillingDate": "2017-02-24", "acceptedDate": "2017-02-24 13:08:57", "calendarYear": "2016", "period": "FY", "revenue": 665463000, "costOfRevenue": 456497000, "grossProfit": 208966000, "grossProfitRatio": 0.3140159558, "researchAndDevelopmentExpenses": 0, "generalAndAdministrativeExpenses": 0, "sellingAndMarketingExpenses": 0, "sellingGeneralAndAdministrativeExpenses": 0, "otherExpenses": 0, "operatingExpenses": 110607000, "costAndExpenses": 567104000, "interestIncome": 145127000, "interestExpense": 700545000, "depreciationAndAmortization": 51737000, "ebitda": 152630000, "ebitdaratio": 0.2293591079, "operatingIncome": 100893000, "operatingIncomeRatio": 0.1516132377, "totalOtherIncomeExpensesNet": -23339000, "incomeBeforeTax": 77554000, "incomeBeforeTaxRatio": 0.1165414155, "incomeTaxExpense": 28705000, "netIncome": 47884000, "netIncomeRatio": 0.0719559164, "eps": 5.68, "epsdiluted": 5.68, "weightedAverageShsOut": 8435900, "weightedAverageShsOutDil": 8435900, "link": "https://www.sec.gov/Archives/edgar/data/71508/000006598417000067/0000065984-17-000067-index.htm", "finalLink": "https://www.sec.gov/Archives/edgar/data/7323/000006598417000067/etr-12312016x10k.htm", "calculatedOtherExpenses": 108073000, "calculatedOperatingExpenses": 108073000, "calculatedNetInterest": -555418000, "calculatedOtherIncome": 532079000, "calculatedIncomeNonControlling": 965000, "calculatedEbitda": 152630000}, {"date": "2015-12-31", "symbol": "ENO", "reportedCurrency": "USD", "cik": "0000071508", "fillingDate": "2016-02-26", "acceptedDate": "2016-02-25 19:51:12", "calendarYear": "2015", "period": "FY", "revenue": 671446000, "costOfRevenue": 493245000, "grossProfit": 178201000, "grossProfitRatio": 0.2653988556, "researchAndDevelopmentExpenses": 0, "generalAndAdministrativeExpenses": 0, "sellingAndMarketingExpenses": 0, "sellingGeneralAndAdministrativeExpenses": 0, "otherExpenses": 0, "operatingExpenses": 90847000, "costAndExpenses": 584092000, "interestIncome": 187062000, "interestExpense": 670096000, "depreciationAndAmortization": 43205000, "ebitda": 128175000, "ebitdaratio": 0.190893981, "operatingIncome": 84970000, "operatingIncomeRatio": 0.126547779, "totalOtherIncomeExpensesNet": -14855000, "incomeBeforeTax": 70115000, "incomeBeforeTaxRatio": 0.1044238852, "incomeTaxExpense": 25190000, "netIncome": 43960000, "netIncomeRatio": 0.065470641, "eps": 5.21, "epsdiluted": 5.21, "weightedAverageShsOut": 8435900, "weightedAverageShsOutDil": 8435900, "link": "https://www.sec.gov/Archives/edgar/data/71508/000006598416000436/0000065984-16-000436-index.htm", "finalLink": "https://www.sec.gov/Archives/edgar/data/7323/000006598416000436/etr-12312015x10k.htm", "calculatedOtherExpenses": 93231000, "calculatedOperatingExpenses": 93231000, "calculatedNetInterest": -483034000, "calculatedOtherIncome": 468179000, "calculatedIncomeNonControlling": 965000, "calculatedEbitda": 128175000}, {"date": "2014-12-31", "symbol": "ENO", "reportedCurrency": "USD", "cik": "0000071508", "fillingDate": "2015-02-26", "acceptedDate": "2015-02-26 16:01:02", "calendarYear": "2014", "period": "FY", "revenue": 735192000, "costOfRevenue": 581055000, "grossProfit": 154137000, "grossProfitRatio": 0.2096554369, "researchAndDevelopmentExpenses": 0, "generalAndAdministrativeExpenses": 0, "sellingAndMarketingExpenses": 0, "sellingGeneralAndAdministrativeExpenses": 0, "otherExpenses": 0, "operatingExpenses": 92932000, "costAndExpenses": 673987000, "interestIncome": 147686000, "interestExpense": 661083000, "depreciationAndAmortization": 45426000, "ebitda": 103382000, "ebitdaratio": 0.1406190492, "operatingIncome": 57956000, "operatingIncomeRatio": 0.0788311081, "totalOtherIncomeExpensesNet": -13476000, "incomeBeforeTax": 44480000, "incomeBeforeTaxRatio": 0.0605012024, "incomeTaxExpense": 13450000, "netIncome": 30065000, "netIncomeRatio": 0.0408940794, "eps": 3.56, "epsdiluted": 3.56, "weightedAverageShsOut": 8435900, "weightedAverageShsOutDil": 8435900, "link": "https://www.sec.gov/Archives/edgar/data/71508/000006598415000102/0000065984-15-000102-index.htm", "finalLink": "https://www.sec.gov/Archives/edgar/data/7323/000006598415000102/etr-12312014x10k.htm", "calculatedOtherExpenses": 96181000, "calculatedOperatingExpenses": 96181000, "calculatedNetInterest": -513397000, "calculatedOtherIncome": 499921000, "calculatedIncomeNonControlling": 965000, "calculatedEbitda": 103382000}, {"date": "2013-12-31", "symbol": "ENO", "reportedCurrency": "USD", "cik": "0000071508", "fillingDate": "2014-02-27", "acceptedDate": "2014-02-27 16:24:17", "calendarYear": "2013", "period": "FY", "revenue": 659746000, "costOfRevenue": 533734000, "grossProfit": 126012000, "grossProfitRatio": 0.1910007791, "researchAndDevelopmentExpenses": 0, "generalAndAdministrativeExpenses": 0, "sellingAndMarketingExpenses": 0, "sellingGeneralAndAdministrativeExpenses": 0, "otherExpenses": 0, "operatingExpenses": 94335000, "costAndExpenses": 628069000, "interestIncome": 199300000, "interestExpense": 629537000, "depreciationAndAmortization": 43990000, "ebitda": 74760000, "ebitdaratio": 0.1133163369, "operatingIncome": 30770000, "operatingIncomeRatio": 0.0466391611, "totalOtherIncomeExpensesNet": -15885000, "incomeBeforeTax": 14885000, "incomeBeforeTaxRatio": 0.0225617131, "incomeTaxExpense": 2277000, "netIncome": 11643000, "netIncomeRatio": 0.0176477008, "eps": 1.38, "epsdiluted": 1.38, "weightedAverageShsOut": 8435905, "weightedAverageShsOutDil": 8435900, "link": "https://www.sec.gov/Archives/edgar/data/71508/000006598414000065/0000065984-14-000065-index.htm", "finalLink": "https://www.sec.gov/Archives/edgar/data/7323/000006598414000065/etr-12312013x10k.htm", "calculatedOtherExpenses": 95242000, "calculatedOperatingExpenses": 95242000, "calculatedNetInterest": -430237000, "calculatedOtherIncome": 414352000, "calculatedIncomeNonControlling": 965000, "calculatedEbitda": 74760000}, {"date": "2012-12-31", "symbol": "ENO", "reportedCurrency": "USD", "cik": "0000071508", "fillingDate": "2013-02-27", "acceptedDate": "2013-02-27 16:44:58", "calendarYear": "2012", "period": "FY", "revenue": 569740000, "costOfRevenue": 451952000, "grossProfit": 117788000, "grossProfitRatio": 0.2067399165, "researchAndDevelopmentExpenses": 0, "generalAndAdministrativeExpenses": 0, "sellingAndMarketingExpenses": 0, "sellingGeneralAndAdministrativeExpenses": 0, "otherExpenses": 0, "operatingExpenses": 82186000, "costAndExpenses": 534138000, "interestIncome": 127776000, "interestExpense": 606596000, "depreciationAndAmortization": 36726000, "ebitda": 72616000, "ebitdaratio": 0.1274546284, "operatingIncome": 35890000, "operatingIncomeRatio": 0.0629936462, "totalOtherIncomeExpensesNet": -11585000, "incomeBeforeTax": 24305000, "incomeBeforeTaxRatio": 0.0426598097, "incomeTaxExpense": 7240000, "netIncome": 16100000, "netIncomeRatio": 0.0282585039, "eps": 1.91, "epsdiluted": 1.91, "weightedAverageShsOut": 8435900, "weightedAverageShsOutDil": 8435900, "link": "https://www.sec.gov/Archives/edgar/data/71508/000006598413000050/0000065984-13-000050-index.htm", "finalLink": "https://www.sec.gov/Archives/edgar/data/7323/000006598413000050/a10-k.htm", "calculatedOtherExpenses": 81898000, "calculatedOperatingExpenses": 81898000, "calculatedNetInterest": -478820000, "calculatedOtherIncome": 467235000, "calculatedIncomeNonControlling": 965000, "calculatedEbitda": 72616000}, {"date": "2011-12-31", "symbol": "ENO", "reportedCurrency": "USD", "cik": "0000071508", "fillingDate": "2012-02-28", "acceptedDate": "2012-02-28 16:06:46", "calendarYear": "2011", "period": "FY", "revenue": 11229073000, "costOfRevenue": 4688343000, "grossProfit": 6540730000, "grossProfitRatio": 0.5824817418, "researchAndDevelopmentExpenses": 0, "generalAndAdministrativeExpenses": 0, "sellingAndMarketingExpenses": 0, "sellingGeneralAndAdministrativeExpenses": 0, "otherExpenses": 0, "operatingExpenses": 4527496000, "costAndExpenses": 9215839000, "interestIncome": 129134000, "interestExpense": 551521000, "depreciationAndAmortization": 1102202000, "ebitda": 3307358000, "ebitdaratio": 0.2945352657, "operatingIncome": 2013234000, "operatingIncomeRatio": 0.1792876402, "totalOtherIncomeExpensesNet": -359599000, "incomeBeforeTax": 1653635000, "incomeBeforeTaxRatio": 0.1472637145, "incomeTaxExpense": 307196000, "netIncome": 1346439000, "netIncomeRatio": 0.1199065141, "eps": 7.59, "epsdiluted": 7.55, "weightedAverageShsOut": 177430208, "weightedAverageShsOutDil": 178370695, "link": "https://www.sec.gov/Archives/edgar/data/71508/000006598412000067/0000065984-12-000067-index.htm", "finalLink": "https://www.sec.gov/Archives/edgar/data/7323/000006598412000067/a10-k.htm", "calculatedOtherExpenses": 4527496000, "calculatedOperatingExpenses": 4527496000, "calculatedNetInterest": -422387000, "calculatedOtherIncome": 62788000, "calculatedIncomeNonControlling": 0, "calculatedEbitda": 3115436000}, {"date": "2010-12-31", "symbol": "ENO", "reportedCurrency": "USD", "cik": "0000071508", "fillingDate": "2011-02-28", "acceptedDate": "2011-02-28 12:15:43", "calendarYear": "2010", "period": "FY", "revenue": 11487577000, "costOfRevenue": 4884941000, "grossProfit": 6602636000, "grossProfitRatio": 0.574763155, "researchAndDevelopmentExpenses": 0, "generalAndAdministrativeExpenses": 0, "sellingAndMarketingExpenses": 0, "sellingGeneralAndAdministrativeExpenses": 0, "otherExpenses": 0, "operatingExpenses": 4335259000, "costAndExpenses": 9220200000, "interestIncome": 185455000, "interestExpense": 610146000, "depreciationAndAmortization": 1069894000, "ebitda": 3567584000, "ebitdaratio": 0.3105601817, "operatingIncome": 2267377000, "operatingIncomeRatio": 0.1973764354, "totalOtherIncomeExpensesNet": -379833000, "incomeBeforeTax": 1887544000, "incomeBeforeTaxRatio": 0.1643117604, "incomeTaxExpense": 637302000, "netIncome": 1250242000, "netIncomeRatio": 0.108834265, "eps": 6.72, "epsdiluted": 6.66, "weightedAverageShsOut": 186010452, "weightedAverageShsOutDil": 187814235, "link": "https://www.sec.gov/Archives/edgar/data/71508/000006598411000033/0000065984-11-000033-index.htm", "finalLink": "https://www.sec.gov/Archives/edgar/data/7323/000006598411000033/a10-k.htm", "calculatedOtherExpenses": 4335259000, "calculatedOperatingExpenses": 4335259000, "calculatedNetInterest": -424691000, "calculatedOtherIncome": 44858000, "calculatedIncomeNonControlling": 0, "calculatedEbitda": 3337271000}, {"date": "2009-12-31", "symbol": "ENO", "reportedCurrency": "USD", "cik": "0000071508", "fillingDate": "2010-02-26", "acceptedDate": "2010-02-26 09:06:37", "calendarYear": "2009", "period": "FY", "revenue": 10745650000, "costOfRevenue": 4387323000, "grossProfit": 6358327000, "grossProfitRatio": 0.5917117159, "researchAndDevelopmentExpenses": 0, "generalAndAdministrativeExpenses": 0, "sellingAndMarketingExpenses": 0, "sellingGeneralAndAdministrativeExpenses": 0, "otherExpenses": 0, "operatingExpenses": 4073801000, "costAndExpenses": 8461124000, "interestIncome": 0, "interestExpense": 0, "depreciationAndAmortization": 1082775000, "ebitda": 2966565000, "ebitdaratio": 0.2760712474, "operatingIncome": 2284526000, "operatingIncomeRatio": 0.2126000754, "totalOtherIncomeExpensesNet": -400736000, "incomeBeforeTax": 1883790000, "incomeBeforeTaxRatio": 0.1753072173, "incomeTaxExpense": 652698000, "netIncome": 1231092000, "netIncomeRatio": 0.1145665455, "eps": 6.39, "epsdiluted": 6.29, "weightedAverageShsOut": 192772032, "weightedAverageShsOutDil": 195838068, "link": "https://www.sec.gov/Archives/edgar/data/71508/000006598410000035/0000065984-10-000035-index.htm", "finalLink": "https://www.sec.gov/Archives/edgar/data/7323/000006598410000035/a10-k.htm", "calculatedOtherExpenses": 4073801000, "calculatedOperatingExpenses": 4073801000, "calculatedNetInterest": 0, "calculatedOtherIncome": -400736000, "calculatedIncomeNonControlling": 0, "calculatedEbitda": 3367301000}, {"date": "2008-12-31", "symbol": "ENO", "reportedCurrency": "USD", "cik": "0000071508", "fillingDate": "2009-03-02", "acceptedDate": "2009-03-02 14:42:00", "calendarYear": "2008", "period": "FY", "revenue": 13093756000, "costOfRevenue": 5455721000, "grossProfit": 7638035000, "grossProfitRatio": 0.583334148, "researchAndDevelopmentExpenses": 0, "generalAndAdministrativeExpenses": 0, "sellingAndMarketingExpenses": 0, "sellingGeneralAndAdministrativeExpenses": 0, "otherExpenses": 0, "operatingExpenses": 5354868000, "costAndExpenses": 10810589000, "interestIncome": 0, "interestExpense": 0, "depreciationAndAmortization": 1030860000, "ebitda": 2854424000, "ebitdaratio": 0.2179988691, "operatingIncome": 2283167000, "operatingIncomeRatio": 0.1743706695, "totalOtherIncomeExpensesNet": -459603000, "incomeBeforeTax": 1823564000, "incomeBeforeTaxRatio": 0.1392697405, "incomeTaxExpense": 602998000, "netIncome": 1220566000, "netIncomeRatio": 0.0932174084, "eps": 6.39, "epsdiluted": 6.07, "weightedAverageShsOut": 190925613, "weightedAverageShsOutDil": 201011588, "link": "https://www.sec.gov/Archives/edgar/data/71508/000006598409000062/0000065984-09-000062-index.htm", "finalLink": "https://www.sec.gov/Archives/edgar/data/7323/000006598409000062/a10k.htm", "calculatedOtherExpenses": 5354868000, "calculatedOperatingExpenses": 5354868000, "calculatedNetInterest": 0, "calculatedOtherIncome": -459603000, "calculatedIncomeNonControlling": 0, "calculatedEbitda": 3314027000}, {"date": "2007-12-31", "symbol": "ENO", "reportedCurrency": "USD", "cik": "0000071508", "fillingDate": "2008-02-29", "acceptedDate": "2008-02-29 12:26:32", "calendarYear": "2007", "period": "FY", "revenue": 11484398000, "costOfRevenue": 4817575000, "grossProfit": 6666823000, "grossProfitRatio": 0.5805113163, "researchAndDevelopmentExpenses": 0, "generalAndAdministrativeExpenses": 0, "sellingAndMarketingExpenses": 0, "sellingGeneralAndAdministrativeExpenses": 0, "otherExpenses": 0, "operatingExpenses": 4610455000, "costAndExpenses": 9428030000, "interestIncome": 0, "interestExpense": 0, "depreciationAndAmortization": 963712000, "ebitda": 2612978000, "ebitdaratio": 0.2275241593, "operatingIncome": 2056368000, "operatingIncomeRatio": 0.1790575353, "totalOtherIncomeExpensesNet": -407102000, "incomeBeforeTax": 1649266000, "incomeBeforeTaxRatio": 0.1436092689, "incomeTaxExpense": 514417000, "netIncome": 1134849000, "netIncomeRatio": 0.0988165858, "eps": 5.77, "epsdiluted": 5.6, "weightedAverageShsOut": 196572945, "weightedAverageShsOutDil": 202780283, "link": "https://www.sec.gov/Archives/edgar/data/71508/000006598408000052/0000065984-08-000052-index.htm", "finalLink": "https://www.sec.gov/Archives/edgar/data/7323/000006598408000052/a10k.htm", "calculatedOtherExpenses": 4610455000, "calculatedOperatingExpenses": 4610455000, "calculatedNetInterest": 0, "calculatedOtherIncome": -407102000, "calculatedIncomeNonControlling": 0, "calculatedEbitda": 3020080000}, {"date": "2006-12-31", "symbol": "ENO", "reportedCurrency": "USD", "cik": "0000071508", "fillingDate": "2007-03-01", "acceptedDate": "2007-03-01 15:08:24", "calendarYear": "2006", "period": "FY", "revenue": 10932158000, "costOfRevenue": 4643168000, "grossProfit": 6288990000, "grossProfitRatio": 0.575274342, "researchAndDevelopmentExpenses": 0, "generalAndAdministrativeExpenses": 0, "sellingAndMarketingExpenses": 0, "sellingGeneralAndAdministrativeExpenses": 0, "otherExpenses": 0, "operatingExpenses": 4483630000, "costAndExpenses": 9126798000, "interestIncome": 0, "interestExpense": 0, "depreciationAndAmortization": 887792000, "ebitda": 2463934000, "ebitdaratio": 0.2253840459, "operatingIncome": 1805360000, "operatingIncomeRatio": 0.165142143, "totalOtherIncomeExpensesNet": -229218000, "incomeBeforeTax": 1576142000, "incomeBeforeTaxRatio": 0.1441748281, "incomeTaxExpense": 443540000, "netIncome": 1132602000, "netIncomeRatio": 0.1036027836, "eps": 5.46, "epsdiluted": 5.36, "weightedAverageShsOut": 207456838, "weightedAverageShsOutDil": 211452455, "link": "https://www.sec.gov/Archives/edgar/data/71508/000006598407000057/0000065984-07-000057-index.htm", "finalLink": "https://www.sec.gov/Archives/edgar/data/7323/000006598407000057/a10-k.htm", "calculatedOtherExpenses": 4483630000, "calculatedOperatingExpenses": 4483630000, "calculatedNetInterest": 0, "calculatedOtherIncome": -229218000, "calculatedIncomeNonControlling": 0, "calculatedEbitda": 2693152000}, {"date": "2005-12-31", "symbol": "ENO", "reportedCurrency": "USD", "cik": "0000071508", "fillingDate": "2006-03-10", "acceptedDate": "2006-03-10 09:07:40", "calendarYear": "2005", "period": "FY", "revenue": 10106247000, "costOfRevenue": 4806106000, "grossProfit": 5300141000, "grossProfitRatio": 0.5244420604, "researchAndDevelopmentExpenses": 0, "generalAndAdministrativeExpenses": 0, "sellingAndMarketingExpenses": 0, "sellingGeneralAndAdministrativeExpenses": 0, "otherExpenses": 0, "operatingExpenses": 3508152000, "costAndExpenses": 8314258000, "interestIncome": 0, "interestExpense": 0, "depreciationAndAmortization": 856377000, "ebitda": 2648366000, "ebitdaratio": 0.2620523722, "operatingIncome": 1791989000, "operatingIncomeRatio": 0.1773149815, "totalOtherIncomeExpensesNet": -868231000, "incomeBeforeTax": 923758000, "incomeBeforeTaxRatio": 0.091404653, "incomeTaxExpense": 0, "netIncome": 923758000, "netIncomeRatio": 0.091404653, "eps": 4.4, "epsdiluted": 4.31, "weightedAverageShsOut": 210141887, "weightedAverageShsOutDil": 214441362, "link": "https://www.sec.gov/Archives/edgar/data/71508/000006598406000119/0000065984-06-000119-index.htm", "finalLink": "https://www.sec.gov/Archives/edgar/data/7323/000006598406000119/a10k.htm", "calculatedOtherExpenses": 3508152000, "calculatedOperatingExpenses": 3508152000, "calculatedNetInterest": 0, "calculatedOtherIncome": -868231000, "calculatedIncomeNonControlling": 0, "calculatedEbitda": 2648366000}, {"date": "2004-12-31", "symbol": "ENO", "reportedCurrency": "USD", "cik": "0000071508", "fillingDate": "2005-03-11", "acceptedDate": "2005-03-10 19:49:15", "calendarYear": "2004", "period": "FY", "revenue": 10123724000, "costOfRevenue": 4562555000, "grossProfit": 5561169000, "grossProfitRatio": 0.5493204872, "researchAndDevelopmentExpenses": 0, "generalAndAdministrativeExpenses": 0, "sellingAndMarketingExpenses": 0, "sellingGeneralAndAdministrativeExpenses": 0, "otherExpenses": 0, "operatingExpenses": 3907605000, "costAndExpenses": 8470160000, "interestIncome": 0, "interestExpense": 0, "depreciationAndAmortization": 895593000, "ebitda": 2549157000, "ebitdaratio": 0.2518003257, "operatingIncome": 1653564000, "operatingIncomeRatio": 0.1633355473, "totalOtherIncomeExpensesNet": -720515000, "incomeBeforeTax": 933049000, "incomeBeforeTaxRatio": 0.0921646027, "incomeTaxExpense": 0, "netIncome": 933049000, "netIncomeRatio": 0.0921646027, "eps": 4.11, "epsdiluted": 4.04, "weightedAverageShsOut": 226863758, "weightedAverageShsOutDil": 231193686, "link": "https://www.sec.gov/Archives/edgar/data/71508/000006598405000147/0000065984-05-000147-index.htm", "finalLink": "https://www.sec.gov/Archives/edgar/data/7323/000006598405000147/a10-k.htm", "calculatedOtherExpenses": 3907605000, "calculatedOperatingExpenses": 3907605000, "calculatedNetInterest": 0, "calculatedOtherIncome": -720515000, "calculatedIncomeNonControlling": 0, "calculatedEbitda": 2549157000}]}