{"originalCurrency": "USD", "convertedCurrency": "USD", "report": [{"date": "2023-12-31", "symbol": "ENOV", "reportedCurrency": "USD", "cik": "0001420800", "fillingDate": "2024-02-22", "acceptedDate": "2024-02-22 06:22:03", "calendarYear": "2023", "period": "FY", "revenue": 1707197000, "costOfRevenue": 716418000, "grossProfit": 990779000, "grossProfitRatio": 0.5803542298, "researchAndDevelopmentExpenses": 75331000, "generalAndAdministrativeExpenses": 0, "sellingAndMarketingExpenses": 0, "sellingGeneralAndAdministrativeExpenses": 830305000, "otherExpenses": 25663000, "operatingExpenses": 1039153000, "costAndExpenses": 1755571000, "interestIncome": 200000, "interestExpense": 19749000, "depreciationAndAmortization": 217100000, "ebitda": 194389000, "ebitdaratio": 0.1138644222, "operatingIncome": -65709000, "operatingIncomeRatio": -0.0384894069, "totalOtherIncomeExpensesNet": 995000, "incomeBeforeTax": -67128000, "incomeBeforeTaxRatio": -0.0393205939, "incomeTaxExpense": -13289000, "netIncome": -33261000, "netIncomeRatio": -0.0194828131, "eps": -0.61, "epsdiluted": -0.61, "weightedAverageShsOut": 54494823, "weightedAverageShsOutDil": 54494823, "link": "https://www.sec.gov/Archives/edgar/data/1420800/000142080024000006/0001420800-24-000006-index.htm", "finalLink": "https://www.sec.gov/Archives/edgar/data/1420800/000142080024000006/cfx-20231231.htm", "calculatedOtherExpenses": 150852000, "calculatedOperatingExpenses": 1056488000, "calculatedNetInterest": -19549000, "calculatedOtherIncome": 18130000, "calculatedIncomeNonControlling": -20578000, "calculatedEbitda": 151391000}, {"date": "2022-12-31", "symbol": "ENOV", "reportedCurrency": "USD", "cik": "0001420800", "fillingDate": "2023-03-01", "acceptedDate": "2023-03-01 11:17:36", "calendarYear": "2022", "period": "FY", "revenue": 1563101000, "costOfRevenue": 693718000, "grossProfit": 869383000, "grossProfitRatio": 0.5561911866, "researchAndDevelopmentExpenses": 60827000, "generalAndAdministrativeExpenses": 0, "sellingAndMarketingExpenses": 0, "sellingGeneralAndAdministrativeExpenses": 772913000, "otherExpenses": 126301000, "operatingExpenses": 960041000, "costAndExpenses": 1653759000, "interestIncome": 200000, "interestExpense": 24052000, "depreciationAndAmortization": 219710000, "ebitda": 131140000, "ebitdaratio": 0.0838973297, "operatingIncome": -88570000, "operatingIncomeRatio": -0.0566630051, "totalOtherIncomeExpensesNet": 86501000, "incomeBeforeTax": -2069000, "incomeBeforeTaxRatio": -0.0013236509, "incomeTaxExpense": 36120000, "netIncome": -38189000, "netIncomeRatio": -0.0244315626, "eps": -0.71, "epsdiluted": -0.71, "weightedAverageShsOut": 54065420, "weightedAverageShsOutDil": 54065420, "link": "https://www.sec.gov/Archives/edgar/data/1420800/000142080023000008/0001420800-23-000008-index.htm", "finalLink": "https://www.sec.gov/Archives/edgar/data/1420800/000142080023000008/cfx-20221231.htm", "calculatedOtherExpenses": 124213000, "calculatedOperatingExpenses": 957953000, "calculatedNetInterest": -23852000, "calculatedOtherIncome": 110353000, "calculatedIncomeNonControlling": 0, "calculatedEbitda": 131140000}, {"date": "2021-12-31", "symbol": "ENOV", "reportedCurrency": "USD", "cik": "0001420800", "fillingDate": "2022-02-22", "acceptedDate": "2022-02-22 06:10:34", "calendarYear": "2021", "period": "FY", "revenue": 3854303000, "costOfRevenue": 2240645000, "grossProfit": 1613658000, "grossProfitRatio": 0.418664023, "researchAndDevelopmentExpenses": 49094000, "generalAndAdministrativeExpenses": 0, "sellingAndMarketingExpenses": 0, "sellingGeneralAndAdministrativeExpenses": 1329376000, "otherExpenses": 11208000, "operatingExpenses": 1329376000, "costAndExpenses": 3570021000, "interestIncome": 200000, "interestExpense": 72593000, "depreciationAndAmortization": 301766000, "ebitda": 558409000, "ebitdaratio": 0.1448793725, "operatingIncome": 256643000, "operatingIncomeRatio": 0.0665860987, "totalOtherIncomeExpensesNet": -91255000, "incomeBeforeTax": 165388000, "incomeBeforeTaxRatio": 0.0429099632, "incomeTaxExpense": 66695000, "netIncome": 98693000, "netIncomeRatio": 0.0256059267, "eps": 1.93, "epsdiluted": 1.93, "weightedAverageShsOut": 51141261, "weightedAverageShsOutDil": 51141261, "link": "https://www.sec.gov/Archives/edgar/data/1420800/000142080022000004/0001420800-22-000004-index.htm", "finalLink": "https://www.sec.gov/Archives/edgar/data/1420800/000142080022000004/cfx-20211231.htm", "calculatedOtherExpenses": -21455000, "calculatedOperatingExpenses": 1357015000, "calculatedNetInterest": -72393000, "calculatedOtherIncome": -18862000, "calculatedIncomeNonControlling": 0, "calculatedEbitda": 558409000}, {"date": "2020-12-31", "symbol": "ENOV", "reportedCurrency": "USD", "cik": "0001420800", "fillingDate": "2021-02-18", "acceptedDate": "2021-02-18 06:11:09", "calendarYear": "2020", "period": "FY", "revenue": 3070769000, "costOfRevenue": 1782664000, "grossProfit": 1288105000, "grossProfitRatio": 0.4194731027, "researchAndDevelopmentExpenses": 68600000, "generalAndAdministrativeExpenses": 0, "sellingAndMarketingExpenses": 0, "sellingGeneralAndAdministrativeExpenses": 1087401000, "otherExpenses": 0, "operatingExpenses": 1087401000, "costAndExpenses": 2870065000, "interestIncome": 3200000, "interestExpense": 104262000, "depreciationAndAmortization": 284642000, "ebitda": 446933000, "ebitdaratio": 0.1455443246, "operatingIncome": 162291000, "operatingIncomeRatio": 0.0528502795, "totalOtherIncomeExpensesNet": -104262000, "incomeBeforeTax": 58029000, "incomeBeforeTaxRatio": 0.0188972209, "incomeTaxExpense": -6053000, "netIncome": 64082000, "netIncomeRatio": 0.0208683883, "eps": 1.41, "epsdiluted": 1.38, "weightedAverageShsOut": 45588707, "weightedAverageShsOutDil": 46303475, "link": "https://www.sec.gov/Archives/edgar/data/1420800/000142080021000009/0001420800-21-000009-index.htm", "finalLink": "https://www.sec.gov/Archives/edgar/data/1420800/000142080021000009/cfx-20201231.htm", "calculatedOtherExpenses": -30187000, "calculatedOperatingExpenses": 1125814000, "calculatedNetInterest": -101062000, "calculatedOtherIncome": -3200000, "calculatedIncomeNonControlling": 0, "calculatedEbitda": 446933000}, {"date": "2019-12-31", "symbol": "ENOV", "reportedCurrency": "USD", "cik": "0001420800", "fillingDate": "2020-02-24", "acceptedDate": "2020-02-21 18:17:39", "calendarYear": "2019", "period": "FY", "revenue": 3327458000, "costOfRevenue": 1926402000, "grossProfit": 1401056000, "grossProfitRatio": 0.4210589585, "researchAndDevelopmentExpenses": 61800000, "generalAndAdministrativeExpenses": 0, "sellingAndMarketingExpenses": 0, "sellingGeneralAndAdministrativeExpenses": 1132149000, "otherExpenses": -33616000, "operatingExpenses": 1132149000, "costAndExpenses": 3058551000, "interestIncome": 3200000, "interestExpense": 119503000, "depreciationAndAmortization": 267705000, "ebitda": 471317000, "ebitdaratio": 0.1416447631, "operatingIncome": 203612000, "operatingIncomeRatio": 0.0611914561, "totalOtherIncomeExpensesNet": -153119000, "incomeBeforeTax": 50493000, "incomeBeforeTaxRatio": 0.0151746468, "incomeTaxExpense": 31630000, "netIncome": 18863000, "netIncomeRatio": 0.005668892, "eps": 0.42, "epsdiluted": 0.41, "weightedAverageShsOut": 45238981, "weightedAverageShsOutDil": 45555628, "link": "https://www.sec.gov/Archives/edgar/data/1420800/000142080020000005/0001420800-20-000005-index.htm", "finalLink": "https://www.sec.gov/Archives/edgar/data/1420800/000142080020000005/cfx10-kx201910k.htm", "calculatedOtherExpenses": 3495000, "calculatedOperatingExpenses": 1197444000, "calculatedNetInterest": -116303000, "calculatedOtherIncome": -36816000, "calculatedIncomeNonControlling": 0, "calculatedEbitda": 471317000}, {"date": "2018-12-31", "symbol": "ENOV", "reportedCurrency": "USD", "cik": "0001420800", "fillingDate": "2019-02-21", "acceptedDate": "2019-02-21 17:08:38", "calendarYear": "2018", "period": "FY", "revenue": 3666812000, "costOfRevenue": 2533973000, "grossProfit": 1132839000, "grossProfitRatio": 0.3089438455, "researchAndDevelopmentExpenses": 0, "generalAndAdministrativeExpenses": 0, "sellingAndMarketingExpenses": 0, "sellingGeneralAndAdministrativeExpenses": 818210000, "otherExpenses": 39000, "operatingExpenses": 818210000, "costAndExpenses": 3352183000, "interestIncome": 0, "interestExpense": 44052000, "depreciationAndAmortization": 141877000, "ebitda": 456545000, "ebitdaratio": 0.1245073377, "operatingIncome": 236943000, "operatingIncomeRatio": 0.0646182569, "totalOtherIncomeExpensesNet": -87775000, "incomeBeforeTax": 182802000, "incomeBeforeTaxRatio": 0.0498531149, "incomeTaxExpense": -21000, "netIncome": 140196000, "netIncomeRatio": 0.0382337573, "eps": 3.5, "epsdiluted": 3.48, "weightedAverageShsOut": 40096098, "weightedAverageShsOutDil": 40286167, "link": "https://www.sec.gov/Archives/edgar/data/1420800/000142080019000002/0001420800-19-000002-index.htm", "finalLink": "https://www.sec.gov/Archives/edgar/data/1420800/000142080019000002/cfx10-kx201810k.htm", "calculatedOtherExpenses": 77686000, "calculatedOperatingExpenses": 895896000, "calculatedNetInterest": -44052000, "calculatedOtherIncome": -10089000, "calculatedIncomeNonControlling": 42627000, "calculatedEbitda": 378820000}, {"date": "2017-12-31", "symbol": "ENOV", "reportedCurrency": "USD", "cik": "0001420800", "fillingDate": "2018-02-16", "acceptedDate": "2018-02-16 06:13:15", "calendarYear": "2017", "period": "FY", "revenue": 3300184000, "costOfRevenue": 2270709000, "grossProfit": 1029475000, "grossProfitRatio": 0.3119447279, "researchAndDevelopmentExpenses": 0, "generalAndAdministrativeExpenses": 0, "sellingAndMarketingExpenses": 0, "sellingGeneralAndAdministrativeExpenses": 732340000, "otherExpenses": -46933000, "operatingExpenses": 732340000, "costAndExpenses": 3003049000, "interestIncome": 0, "interestExpense": 41137000, "depreciationAndAmortization": 134754000, "ebitda": 384956000, "ebitdaratio": 0.1166468294, "operatingIncome": 29151000, "operatingIncomeRatio": 0.0088331438, "totalOtherIncomeExpensesNet": -267984000, "incomeBeforeTax": -11986000, "incomeBeforeTaxRatio": -0.0036319187, "incomeTaxExpense": 42554000, "netIncome": 151090000, "netIncomeRatio": 0.0457822958, "eps": 3.69, "epsdiluted": 3.66, "weightedAverageShsOut": 40945759, "weightedAverageShsOutDil": 41331958, "link": "https://www.sec.gov/Archives/edgar/data/1420800/000142080018000004/0001420800-18-000004-index.htm", "finalLink": "https://www.sec.gov/Archives/edgar/data/1420800/000142080018000004/cfx10-kx201710k.htm", "calculatedOtherExpenses": 267984000, "calculatedOperatingExpenses": 1000324000, "calculatedNetInterest": -41137000, "calculatedOtherIncome": 0, "calculatedIncomeNonControlling": -205630000, "calculatedEbitda": 163905000}, {"date": "2016-12-31", "symbol": "ENOV", "reportedCurrency": "USD", "cik": "0001420800", "fillingDate": "2017-02-14", "acceptedDate": "2017-02-14 06:17:45", "calendarYear": "2016", "period": "FY", "revenue": 3647047000, "costOfRevenue": 2501396000, "grossProfit": 1145651000, "grossProfitRatio": 0.3141311313, "researchAndDevelopmentExpenses": 0, "generalAndAdministrativeExpenses": 0, "sellingAndMarketingExpenses": 0, "sellingGeneralAndAdministrativeExpenses": 825240000, "otherExpenses": -8226000, "operatingExpenses": 825240000, "costAndExpenses": 3326636000, "interestIncome": 0, "interestExpense": 30016000, "depreciationAndAmortization": 143258000, "ebitda": 455443000, "ebitdaratio": 0.1248799371, "operatingIncome": 238015000, "operatingIncomeRatio": 0.065262389, "totalOtherIncomeExpensesNet": -82396000, "incomeBeforeTax": 207999000, "incomeBeforeTaxRatio": 0.0570321688, "incomeTaxExpense": 62808000, "netIncome": 128111000, "netIncomeRatio": 0.0351273236, "eps": 3.12, "epsdiluted": 3.12, "weightedAverageShsOut": 41061177, "weightedAverageShsOutDil": 41066292, "link": "https://www.sec.gov/Archives/edgar/data/1420800/000142080017000004/0001420800-17-000004-index.htm", "finalLink": "https://www.sec.gov/Archives/edgar/data/1420800/000142080017000004/cfx10-kx2016.htm", "calculatedOtherExpenses": 82396000, "calculatedOperatingExpenses": 907636000, "calculatedNetInterest": -30016000, "calculatedOtherIncome": 0, "calculatedIncomeNonControlling": 17080000, "calculatedEbitda": 381273000}, {"date": "2015-12-31", "symbol": "ENOV", "reportedCurrency": "USD", "cik": "0001420800", "fillingDate": "2016-02-16", "acceptedDate": "2016-02-16 16:24:07", "calendarYear": "2015", "period": "FY", "revenue": 3967053000, "costOfRevenue": 2715279000, "grossProfit": 1251774000, "grossProfitRatio": 0.3155425451, "researchAndDevelopmentExpenses": 0, "generalAndAdministrativeExpenses": 0, "sellingAndMarketingExpenses": 0, "sellingGeneralAndAdministrativeExpenses": 905952000, "otherExpenses": 0, "operatingExpenses": 905952000, "costAndExpenses": 3621231000, "interestIncome": 0, "interestExpense": 47743000, "depreciationAndAmortization": 154542000, "ebitda": 500364000, "ebitdaratio": 0.1261299005, "operatingIncome": 284645000, "operatingIncomeRatio": 0.0717522554, "totalOtherIncomeExpensesNet": -61177000, "incomeBeforeTax": 236902000, "incomeBeforeTaxRatio": 0.0597173771, "incomeTaxExpense": 49724000, "netIncome": 167739000, "netIncomeRatio": 0.0422830247, "eps": 4.05, "epsdiluted": 4.02, "weightedAverageShsOut": 41416996, "weightedAverageShsOutDil": 41623174, "link": "https://www.sec.gov/Archives/edgar/data/1420800/000142080016000047/0001420800-16-000047-index.htm", "finalLink": "https://www.sec.gov/Archives/edgar/data/1420800/000142080016000047/cfx10-kx2015.htm", "calculatedOtherExpenses": 61177000, "calculatedOperatingExpenses": 967129000, "calculatedNetInterest": -47743000, "calculatedOtherIncome": 0, "calculatedIncomeNonControlling": 19439000, "calculatedEbitda": 439187000}, {"date": "2014-12-31", "symbol": "ENOV", "reportedCurrency": "USD", "cik": "0001420800", "fillingDate": "2015-02-17", "acceptedDate": "2015-02-17 06:24:02", "calendarYear": "2014", "period": "FY", "revenue": 4624476000, "costOfRevenue": 3145631000, "grossProfit": 1478845000, "grossProfitRatio": 0.3197865012, "researchAndDevelopmentExpenses": 0, "generalAndAdministrativeExpenses": 0, "sellingAndMarketingExpenses": 0, "sellingGeneralAndAdministrativeExpenses": 1011171000, "otherExpenses": 0, "operatingExpenses": 1011171000, "costAndExpenses": 4156802000, "interestIncome": 0, "interestExpense": 51305000, "depreciationAndAmortization": 174724000, "ebitda": 642398000, "ebitdaratio": 0.1389126033, "operatingIncome": 409553000, "operatingIncomeRatio": 0.0885620338, "totalOtherIncomeExpensesNet": -58121000, "incomeBeforeTax": 358248000, "incomeBeforeTaxRatio": 0.0774678039, "incomeTaxExpense": -62025000, "netIncome": 392098000, "netIncomeRatio": 0.0847875521, "eps": 9.18, "epsdiluted": 9.06, "weightedAverageShsOut": 40325123, "weightedAverageShsOutDil": 41344625, "link": "https://www.sec.gov/Archives/edgar/data/1420800/000142080015000004/0001420800-15-000004-index.htm", "finalLink": "https://www.sec.gov/Archives/edgar/data/1420800/000142080015000004/cfx10-kx2014.htm", "calculatedOtherExpenses": 58121000, "calculatedOperatingExpenses": 1069292000, "calculatedNetInterest": -51305000, "calculatedOtherIncome": 0, "calculatedIncomeNonControlling": 28175000, "calculatedEbitda": 584277000}, {"date": "2013-12-31", "symbol": "ENOV", "reportedCurrency": "USD", "cik": "0001420800", "fillingDate": "2014-02-12", "acceptedDate": "2014-02-12 06:02:12", "calendarYear": "2013", "period": "FY", "revenue": 4207209000, "costOfRevenue": 2900987000, "grossProfit": 1306222000, "grossProfitRatio": 0.3104723345, "researchAndDevelopmentExpenses": 0, "generalAndAdministrativeExpenses": 0, "sellingAndMarketingExpenses": 0, "sellingGeneralAndAdministrativeExpenses": 860994000, "otherExpenses": 0, "operatingExpenses": 860994000, "costAndExpenses": 3761981000, "interestIncome": 0, "interestExpense": 103597000, "depreciationAndAmortization": 119258000, "ebitda": 564486000, "ebitdaratio": 0.1341711334, "operatingIncome": 406392000, "operatingIncomeRatio": 0.096594203, "totalOtherIncomeExpensesNet": -38836000, "incomeBeforeTax": 302795000, "incomeBeforeTaxRatio": 0.0719705154, "incomeTaxExpense": 93652000, "netIncome": 178628000, "netIncomeRatio": 0.0424576008, "eps": 4.68, "epsdiluted": 4.62, "weightedAverageShsOut": 33439826, "weightedAverageShsOutDil": 33810223, "link": "https://www.sec.gov/Archives/edgar/data/1420800/000142080014000006/0001420800-14-000006-index.htm", "finalLink": "https://www.sec.gov/Archives/edgar/data/1420800/000142080014000006/cfx10-kx2013.htm", "calculatedOtherExpenses": 38836000, "calculatedOperatingExpenses": 899830000, "calculatedNetInterest": -103597000, "calculatedOtherIncome": 0, "calculatedIncomeNonControlling": 30515000, "calculatedEbitda": 525650000}, {"date": "2012-12-31", "symbol": "ENOV", "reportedCurrency": "USD", "cik": "0001420800", "fillingDate": "2013-02-19", "acceptedDate": "2013-02-19 07:26:18", "calendarYear": "2012", "period": "FY", "revenue": 3913856000, "costOfRevenue": 2761731000, "grossProfit": 1152125000, "grossProfitRatio": 0.29437082, "researchAndDevelopmentExpenses": 0, "generalAndAdministrativeExpenses": 0, "sellingAndMarketingExpenses": 0, "sellingGeneralAndAdministrativeExpenses": 895452000, "otherExpenses": 0, "operatingExpenses": 895452000, "costAndExpenses": 3657183000, "interestIncome": 0, "interestExpense": 91570000, "depreciationAndAmortization": 200400000, "ebitda": 256673000, "ebitdaratio": 0.0655805937, "operatingIncome": 140009000, "operatingIncomeRatio": 0.0357726498, "totalOtherIncomeExpensesNet": -116664000, "incomeBeforeTax": 48439000, "incomeBeforeTaxRatio": 0.0123762857, "incomeTaxExpense": 90703000, "netIncome": -64402000, "netIncomeRatio": -0.0164548721, "eps": -2.13, "epsdiluted": -2.13, "weightedAverageShsOut": 30200332, "weightedAverageShsOutDil": 30200332, "link": "https://www.sec.gov/Archives/edgar/data/1420800/000114420413009826/0001144204-13-009826-index.htm", "finalLink": "https://www.sec.gov/Archives/edgar/data/1420800/000114420413009826/v329292_10k.htm", "calculatedOtherExpenses": 116664000, "calculatedOperatingExpenses": 1012116000, "calculatedNetInterest": -91570000, "calculatedOtherIncome": 0, "calculatedIncomeNonControlling": 22138000, "calculatedEbitda": 340409000}, {"date": "2011-12-31", "symbol": "ENOV", "reportedCurrency": "USD", "cik": "0001420800", "fillingDate": "2012-02-23", "acceptedDate": "2012-02-23 16:21:01", "calendarYear": "2011", "period": "FY", "revenue": 693392000, "costOfRevenue": 453293000, "grossProfit": 240099000, "grossProfitRatio": 0.3462673351, "researchAndDevelopmentExpenses": 5707000, "generalAndAdministrativeExpenses": 0, "sellingAndMarketingExpenses": 0, "sellingGeneralAndAdministrativeExpenses": 144817000, "otherExpenses": 0, "operatingExpenses": 150524000, "costAndExpenses": 603817000, "interestIncome": 0, "interestExpense": 5919000, "depreciationAndAmortization": 22598000, "ebitda": 89575000, "ebitdaratio": 0.1291837806, "operatingIncome": 25906000, "operatingIncomeRatio": 0.0373612617, "totalOtherIncomeExpensesNet": -63669000, "incomeBeforeTax": 19987000, "incomeBeforeTaxRatio": 0.0288249648, "incomeTaxExpense": 15432000, "netIncome": 4555000, "netIncomeRatio": 0.0065691557, "eps": 0.3, "epsdiluted": 0.3, "weightedAverageShsOut": 14756021, "weightedAverageShsOutDil": 14756021, "link": "https://www.sec.gov/Archives/edgar/data/1420800/000114420412010610/0001144204-12-010610-index.htm", "finalLink": "https://www.sec.gov/Archives/edgar/data/1420800/000114420412010610/v243651_10k.htm", "calculatedOtherExpenses": 63669000, "calculatedOperatingExpenses": 214193000, "calculatedNetInterest": -5919000, "calculatedOtherIncome": 0, "calculatedIncomeNonControlling": 0, "calculatedEbitda": 48504000}, {"date": "2010-12-31", "symbol": "ENOV", "reportedCurrency": "USD", "cik": "0001420800", "fillingDate": "2011-02-25", "acceptedDate": "2011-02-25 06:22:18", "calendarYear": "2010", "period": "FY", "revenue": 541987000, "costOfRevenue": 350579000, "grossProfit": 191408000, "grossProfitRatio": 0.3531597621, "researchAndDevelopmentExpenses": 6205000, "generalAndAdministrativeExpenses": 0, "sellingAndMarketingExpenses": 0, "sellingGeneralAndAdministrativeExpenses": 119426000, "otherExpenses": 0, "operatingExpenses": 125631000, "costAndExpenses": 476210000, "interestIncome": 0, "interestExpense": 6684000, "depreciationAndAmortization": 16130000, "ebitda": 81907000, "ebitdaratio": 0.1511235509, "operatingIncome": 34372000, "operatingIncomeRatio": 0.0634184953, "totalOtherIncomeExpensesNet": -31405000, "incomeBeforeTax": 27688000, "incomeBeforeTaxRatio": 0.0510860962, "incomeTaxExpense": 11473000, "netIncome": 16215000, "netIncomeRatio": 0.0299176918, "eps": 1.11, "epsdiluted": 1.11, "weightedAverageShsOut": 14608094, "weightedAverageShsOutDil": 14608094, "link": "https://www.sec.gov/Archives/edgar/data/1420800/000114420411010880/0001144204-11-010880-index.htm", "finalLink": "https://www.sec.gov/Archives/edgar/data/1420800/000114420411010880/v212310_10k.htm", "calculatedOtherExpenses": 31405000, "calculatedOperatingExpenses": 157036000, "calculatedNetInterest": -6684000, "calculatedOtherIncome": 0, "calculatedIncomeNonControlling": 0, "calculatedEbitda": 50502000}, {"date": "2009-12-31", "symbol": "ENOV", "reportedCurrency": "USD", "cik": "0001420800", "fillingDate": "2010-02-25", "acceptedDate": "2010-02-25 17:13:31", "calendarYear": "2009", "period": "FY", "revenue": 525024000, "costOfRevenue": 339237000, "grossProfit": 185787000, "grossProfitRatio": 0.3538638234, "researchAndDevelopmentExpenses": 5930000, "generalAndAdministrativeExpenses": 0, "sellingAndMarketingExpenses": 0, "sellingGeneralAndAdministrativeExpenses": 113674000, "otherExpenses": 0, "operatingExpenses": 117411000, "costAndExpenses": 456648000, "interestIncome": 0, "interestExpense": 7212000, "depreciationAndAmortization": 15074000, "ebitda": 83450000, "ebitdaratio": 0.1589451149, "operatingIncome": 38459000, "operatingIncomeRatio": 0.0732518894, "totalOtherIncomeExpensesNet": -29917000, "incomeBeforeTax": 31247000, "incomeBeforeTaxRatio": 0.0595153745, "incomeTaxExpense": 9525000, "netIncome": 21722000, "netIncomeRatio": 0.0413733467, "eps": 1.5, "epsdiluted": 1.5, "weightedAverageShsOut": 14481319, "weightedAverageShsOutDil": 14481319, "link": "https://www.sec.gov/Archives/edgar/data/1420800/000114420410009950/0001144204-10-009950-index.htm", "finalLink": "https://www.sec.gov/Archives/edgar/data/1420800/000114420410009950/v175374_10k.htm", "calculatedOtherExpenses": 27724000, "calculatedOperatingExpenses": 147328000, "calculatedNetInterest": -7212000, "calculatedOtherIncome": 0, "calculatedIncomeNonControlling": 0, "calculatedEbitda": 53533000}, {"date": "2008-12-31", "symbol": "ENOV", "reportedCurrency": "USD", "cik": "0001420800", "fillingDate": "2009-03-06", "acceptedDate": "2009-03-05 17:47:10", "calendarYear": "2008", "period": "FY", "revenue": 604854000, "costOfRevenue": 387667000, "grossProfit": 217187000, "grossProfitRatio": 0.3590734293, "researchAndDevelopmentExpenses": 5856000, "generalAndAdministrativeExpenses": 0, "sellingAndMarketingExpenses": 0, "sellingGeneralAndAdministrativeExpenses": 125234000, "otherExpenses": 0, "operatingExpenses": 200498000, "costAndExpenses": 588165000, "interestIncome": 0, "interestExpense": 11822000, "depreciationAndAmortization": 14788000, "ebitda": 31477000, "ebitdaratio": 0.0520406577, "operatingIncome": 16689000, "operatingIncomeRatio": 0.0275917825, "totalOtherIncomeExpensesNet": -69408000, "incomeBeforeTax": 4867000, "incomeBeforeTaxRatio": 0.0080465699, "incomeTaxExpense": 5438000, "netIncome": -571000, "netIncomeRatio": -0.0009440295, "eps": -0.051, "epsdiluted": -0.051, "weightedAverageShsOut": 11200451, "weightedAverageShsOutDil": 11200451, "link": "https://www.sec.gov/Archives/edgar/data/1420800/000119312509046352/0001193125-09-046352-index.htm", "finalLink": "https://www.sec.gov/Archives/edgar/data/1420800/000119312509046352/d10k.htm", "calculatedOtherExpenses": 69408000, "calculatedOperatingExpenses": 200498000, "calculatedNetInterest": -11822000, "calculatedOtherIncome": 0, "calculatedIncomeNonControlling": 0, "calculatedEbitda": 31477000}, {"date": "2007-12-31", "symbol": "ENOV", "reportedCurrency": "USD", "cik": "0001420800", "fillingDate": "2007-12-31", "acceptedDate": "2007-12-30 19:00:00", "calendarYear": "2007", "period": "FY", "revenue": 506305000, "costOfRevenue": 330714000, "grossProfit": 175591000, "grossProfitRatio": 0.3468087418, "researchAndDevelopmentExpenses": 4162000, "generalAndAdministrativeExpenses": 0, "sellingAndMarketingExpenses": 0, "sellingGeneralAndAdministrativeExpenses": 98500000, "otherExpenses": -50346000, "operatingExpenses": 52316000, "costAndExpenses": 383030000, "interestIncome": 0, "interestExpense": 0, "depreciationAndAmortization": 16883000, "ebitda": 89812000, "ebitdaratio": 0.1773871481, "operatingIncome": 123275000, "operatingIncomeRatio": 0.2434797207, "totalOtherIncomeExpensesNet": 50346000, "incomeBeforeTax": 104029000, "incomeBeforeTaxRatio": 0.2054670604, "incomeTaxExpense": 39147000, "netIncome": 64882000, "netIncomeRatio": 0.1281480531, "eps": 5.37, "epsdiluted": 5.37, "weightedAverageShsOut": 7295302, "weightedAverageShsOutDil": 7295302, "link": "", "finalLink": "", "calculatedOtherExpenses": -50346000, "calculatedOperatingExpenses": 52316000, "calculatedNetInterest": 0, "calculatedOtherIncome": -19246000, "calculatedIncomeNonControlling": 0, "calculatedEbitda": 140158000}, {"date": "2006-12-31", "symbol": "ENOV", "reportedCurrency": "USD", "cik": "0001420800", "fillingDate": "2006-12-31", "acceptedDate": "2006-12-30 19:00:00", "calendarYear": "2006", "period": "FY", "revenue": 393604000, "costOfRevenue": 256806000, "grossProfit": 136798000, "grossProfitRatio": 0.3475523623, "researchAndDevelopmentExpenses": 3336000, "generalAndAdministrativeExpenses": 0, "sellingAndMarketingExpenses": 0, "sellingGeneralAndAdministrativeExpenses": 113919000, "otherExpenses": 0, "operatingExpenses": 117255000, "costAndExpenses": 374061000, "interestIncome": 0, "interestExpense": 0, "depreciationAndAmortization": 13136000, "ebitda": 32679000, "ebitdaratio": 0.0830250709, "operatingIncome": 19543000, "operatingIncomeRatio": 0.0496514263, "totalOtherIncomeExpensesNet": -14186000, "incomeBeforeTax": 5357000, "incomeBeforeTaxRatio": 0.0136101259, "incomeTaxExpense": 3866000, "netIncome": 94000, "netIncomeRatio": 0.0002388187, "eps": 0.03, "epsdiluted": 0.03, "weightedAverageShsOut": 7295302, "weightedAverageShsOutDil": 7295302, "link": "", "finalLink": "", "calculatedOtherExpenses": 0, "calculatedOperatingExpenses": 117255000, "calculatedNetInterest": 0, "calculatedOtherIncome": -14186000, "calculatedIncomeNonControlling": 1397000, "calculatedEbitda": 32679000}, {"date": "2005-12-31", "symbol": "ENOV", "reportedCurrency": "USD", "cik": "0001420800", "fillingDate": "2005-12-31", "acceptedDate": "2005-12-30 19:00:00", "calendarYear": "2005", "period": "FY", "revenue": 345478000, "costOfRevenue": 222353000, "grossProfit": 123125000, "grossProfitRatio": 0.3563902767, "researchAndDevelopmentExpenses": 2855000, "generalAndAdministrativeExpenses": 0, "sellingAndMarketingExpenses": 0, "sellingGeneralAndAdministrativeExpenses": 92706000, "otherExpenses": 0, "operatingExpenses": 95561000, "costAndExpenses": 317914000, "interestIncome": 0, "interestExpense": 0, "depreciationAndAmortization": 12914000, "ebitda": 40478000, "ebitdaratio": 0.117165203, "operatingIncome": 27564000, "operatingIncomeRatio": 0.0797851093, "totalOtherIncomeExpensesNet": -9026000, "incomeBeforeTax": 18538000, "incomeBeforeTaxRatio": 0.0536589884, "incomeTaxExpense": 6907000, "netIncome": 12247000, "netIncomeRatio": 0.0354494353, "eps": -0.18, "epsdiluted": -0.18, "weightedAverageShsOut": 7295302, "weightedAverageShsOutDil": 7295302, "link": "", "finalLink": "", "calculatedOtherExpenses": 0, "calculatedOperatingExpenses": 95561000, "calculatedNetInterest": 0, "calculatedOtherIncome": -9026000, "calculatedIncomeNonControlling": -616000, "calculatedEbitda": 40478000}, {"date": "2004-12-31", "symbol": "ENOV", "reportedCurrency": "USD", "cik": "0001420800", "fillingDate": "2004-12-31", "acceptedDate": "2004-12-30 19:00:00", "calendarYear": "2004", "period": "FY", "revenue": 309653000, "costOfRevenue": 197907000, "grossProfit": 111746000, "grossProfitRatio": 0.3608749148, "researchAndDevelopmentExpenses": 3175000, "generalAndAdministrativeExpenses": 0, "sellingAndMarketingExpenses": 0, "sellingGeneralAndAdministrativeExpenses": 77434000, "otherExpenses": 29412000, "operatingExpenses": 110021000, "costAndExpenses": 307928000, "interestIncome": 0, "interestExpense": 6918000, "depreciationAndAmortization": 0, "ebitda": 1725000, "ebitdaratio": 0.0055707518, "operatingIncome": 1725000, "operatingIncomeRatio": 0.0055707518, "totalOtherIncomeExpensesNet": -6918000, "incomeBeforeTax": -5193000, "incomeBeforeTaxRatio": -0.0167703849, "incomeTaxExpense": -6010000, "netIncome": 57306000, "netIncomeRatio": 0.1850652182, "eps": -1.86, "epsdiluted": -1.86, "weightedAverageShsOut": 7295302, "weightedAverageShsOutDil": 7295302, "link": "", "finalLink": "", "calculatedOtherExpenses": 29412000, "calculatedOperatingExpenses": 110021000, "calculatedNetInterest": -6918000, "calculatedOtherIncome": 0, "calculatedIncomeNonControlling": -56489000, "calculatedEbitda": 1725000}]}