{"originalCurrency": "USD", "convertedCurrency": "USD", "report": [{"date": "2023-12-31", "symbol": "ENPH", "reportedCurrency": "USD", "cik": "0001463101", "fillingDate": "2024-02-09", "acceptedDate": "2024-02-09 16:31:29", "calendarYear": "2023", "period": "FY", "revenue": 2290786000, "costOfRevenue": 1232398000, "grossProfit": 1058388000, "grossProfitRatio": 0.4620195863, "researchAndDevelopmentExpenses": 227336000, "generalAndAdministrativeExpenses": 137835000, "sellingAndMarketingExpenses": 231792000, "sellingGeneralAndAdministrativeExpenses": 369627000, "otherExpenses": 6509000, "operatingExpenses": 596963000, "costAndExpenses": 1829361000, "interestIncome": 69728000, "interestExpense": 8839000, "depreciationAndAmortization": 74708000, "ebitda": 612370000, "ebitdaratio": 0.2673187282, "operatingIncome": 445741000, "operatingIncomeRatio": 0.1945799389, "totalOtherIncomeExpensesNet": -9175000, "incomeBeforeTax": 513139000, "incomeBeforeTaxRatio": 0.2240012817, "incomeTaxExpense": 74203000, "netIncome": 438936000, "netIncomeRatio": 0.1916093428, "eps": 3.22, "epsdiluted": 3.08, "weightedAverageShsOut": 136376000, "weightedAverageShsOutDil": 143290000, "link": "https://www.sec.gov/Archives/edgar/data/1463101/000146310124000024/0001463101-24-000024-index.htm", "finalLink": "https://www.sec.gov/Archives/edgar/data/1463101/000146310124000024/enph-20231231.htm", "calculatedOtherExpenses": 15684000, "calculatedOperatingExpenses": 612647000, "calculatedNetInterest": 60889000, "calculatedOtherIncome": 6509000, "calculatedIncomeNonControlling": 0, "calculatedEbitda": 520449000}, {"date": "2022-12-31", "symbol": "ENPH", "reportedCurrency": "USD", "cik": "0001463101", "fillingDate": "2023-02-13", "acceptedDate": "2023-02-10 20:05:59", "calendarYear": "2022", "period": "FY", "revenue": 2330853000, "costOfRevenue": 1356258000, "grossProfit": 974595000, "grossProfitRatio": 0.4181280415, "researchAndDevelopmentExpenses": 168846000, "generalAndAdministrativeExpenses": 140002000, "sellingAndMarketingExpenses": 215102000, "sellingGeneralAndAdministrativeExpenses": 355104000, "otherExpenses": -431000, "operatingExpenses": 523950000, "costAndExpenses": 1880208000, "interestIncome": 13656000, "interestExpense": 9438000, "depreciationAndAmortization": 74815000, "ebitda": 523076000, "ebitdaratio": 0.2244139806, "operatingIncome": 448261000, "operatingIncomeRatio": 0.1923162894, "totalOtherIncomeExpensesNet": 3787000, "incomeBeforeTax": 452048000, "incomeBeforeTaxRatio": 0.1939410164, "incomeTaxExpense": 54686000, "netIncome": 397362000, "netIncomeRatio": 0.1704792194, "eps": 2.94, "epsdiluted": 2.77, "weightedAverageShsOut": 135349000, "weightedAverageShsOutDil": 144390000, "link": "https://www.sec.gov/Archives/edgar/data/1463101/000146310123000025/0001463101-23-000025-index.htm", "finalLink": "https://www.sec.gov/Archives/edgar/data/1463101/000146310123000025/enph-20221231.htm", "calculatedOtherExpenses": 2384000, "calculatedOperatingExpenses": 526334000, "calculatedNetInterest": 4218000, "calculatedOtherIncome": -431000, "calculatedIncomeNonControlling": 0, "calculatedEbitda": 523076000}, {"date": "2021-12-31", "symbol": "ENPH", "reportedCurrency": "USD", "cik": "0001463101", "fillingDate": "2022-02-11", "acceptedDate": "2022-02-11 16:32:09", "calendarYear": "2021", "period": "FY", "revenue": 1382049000, "costOfRevenue": 827627000, "grossProfit": 554422000, "grossProfitRatio": 0.4011594379, "researchAndDevelopmentExpenses": 105526000, "generalAndAdministrativeExpenses": 104090000, "sellingAndMarketingExpenses": 128974000, "sellingGeneralAndAdministrativeExpenses": 233064000, "otherExpenses": 6050000, "operatingExpenses": 338590000, "costAndExpenses": 1166217000, "interestIncome": 695000, "interestExpense": 45152000, "depreciationAndAmortization": 33134000, "ebitda": 248966000, "ebitdaratio": 0.1801426722, "operatingIncome": 215832000, "operatingIncomeRatio": 0.1561681243, "totalOtherIncomeExpensesNet": -94904000, "incomeBeforeTax": 120928000, "incomeBeforeTaxRatio": 0.0874990684, "incomeTaxExpense": -24521000, "netIncome": 145449000, "netIncomeRatio": 0.1052415652, "eps": 1.09, "epsdiluted": 1.02, "weightedAverageShsOut": 134025000, "weightedAverageShsOutDil": 142878000, "link": "https://www.sec.gov/Archives/edgar/data/1463101/000146310122000016/0001463101-22-000016-index.htm", "finalLink": "https://www.sec.gov/Archives/edgar/data/1463101/000146310122000016/enph-20211231.htm", "calculatedOtherExpenses": 0, "calculatedOperatingExpenses": 338590000, "calculatedNetInterest": -44457000, "calculatedOtherIncome": -50447000, "calculatedIncomeNonControlling": 0, "calculatedEbitda": 248966000}, {"date": "2020-12-31", "symbol": "ENPH", "reportedCurrency": "USD", "cik": "0001463101", "fillingDate": "2021-02-16", "acceptedDate": "2021-02-12 17:59:37", "calendarYear": "2020", "period": "FY", "revenue": 774425000, "costOfRevenue": 428444000, "grossProfit": 345981000, "grossProfitRatio": 0.4467585628, "researchAndDevelopmentExpenses": 55921000, "generalAndAdministrativeExpenses": 50694000, "sellingAndMarketingExpenses": 52927000, "sellingGeneralAndAdministrativeExpenses": 103621000, "otherExpenses": -3836000, "operatingExpenses": 159542000, "costAndExpenses": 587986000, "interestIncome": 2156000, "interestExpense": 21001000, "depreciationAndAmortization": 15545000, "ebitda": 201984000, "ebitdaratio": 0.2608180263, "operatingIncome": 186439000, "operatingIncomeRatio": 0.2407450689, "totalOtherIncomeExpensesNet": -67029000, "incomeBeforeTax": 119410000, "incomeBeforeTaxRatio": 0.1541918197, "incomeTaxExpense": -14585000, "netIncome": 133995000, "netIncomeRatio": 0.1730251477, "eps": 1.07, "epsdiluted": 0.95, "weightedAverageShsOut": 125561000, "weightedAverageShsOutDil": 141918000, "link": "https://www.sec.gov/Archives/edgar/data/1463101/000146310121000016/0001463101-21-000016-index.htm", "finalLink": "https://www.sec.gov/Archives/edgar/data/1463101/000146310121000016/enph-20201231.htm", "calculatedOtherExpenses": 0, "calculatedOperatingExpenses": 159542000, "calculatedNetInterest": -18845000, "calculatedOtherIncome": -48184000, "calculatedIncomeNonControlling": 0, "calculatedEbitda": 201984000}, {"date": "2019-12-31", "symbol": "ENPH", "reportedCurrency": "USD", "cik": "0001463101", "fillingDate": "2020-02-21", "acceptedDate": "2020-02-21 17:26:14", "calendarYear": "2019", "period": "FY", "revenue": 624333000, "costOfRevenue": 403088000, "grossProfit": 221245000, "grossProfitRatio": 0.3543701839, "researchAndDevelopmentExpenses": 40381000, "generalAndAdministrativeExpenses": 38808000, "sellingAndMarketingExpenses": 36728000, "sellingGeneralAndAdministrativeExpenses": 75536000, "otherExpenses": -5437000, "operatingExpenses": 115917000, "costAndExpenses": 519005000, "interestIncome": 2513000, "interestExpense": 9691000, "depreciationAndAmortization": 19231000, "ebitda": 121960000, "ebitdaratio": 0.1953444716, "operatingIncome": 102729000, "operatingIncomeRatio": 0.1645419992, "totalOtherIncomeExpensesNet": -12615000, "incomeBeforeTax": 90114000, "incomeBeforeTaxRatio": 0.1443364358, "incomeTaxExpense": -71034000, "netIncome": 161148000, "netIncomeRatio": 0.2581122574, "eps": 1.38, "epsdiluted": 1.23, "weightedAverageShsOut": 116713000, "weightedAverageShsOutDil": 131644000, "link": "https://www.sec.gov/Archives/edgar/data/1463101/000146310120000021/0001463101-20-000021-index.htm", "finalLink": "https://www.sec.gov/Archives/edgar/data/1463101/000146310120000021/a2019q410-kdoc.htm", "calculatedOtherExpenses": 2599000, "calculatedOperatingExpenses": 118516000, "calculatedNetInterest": -7178000, "calculatedOtherIncome": -5437000, "calculatedIncomeNonControlling": 0, "calculatedEbitda": 121960000}, {"date": "2018-12-31", "symbol": "ENPH", "reportedCurrency": "USD", "cik": "0001463101", "fillingDate": "2019-03-15", "acceptedDate": "2019-03-15 13:07:20", "calendarYear": "2018", "period": "FY", "revenue": 316159000, "costOfRevenue": 221714000, "grossProfit": 94445000, "grossProfitRatio": 0.2987262738, "researchAndDevelopmentExpenses": 32587000, "generalAndAdministrativeExpenses": 29086000, "sellingAndMarketingExpenses": 27047000, "sellingGeneralAndAdministrativeExpenses": 56133000, "otherExpenses": -2190000, "operatingExpenses": 88720000, "costAndExpenses": 310434000, "interestIncome": 0, "interestExpense": 9635000, "depreciationAndAmortization": 9667000, "ebitda": 15392000, "ebitdaratio": 0.0486843645, "operatingIncome": 1596000, "operatingIncomeRatio": 0.0050480929, "totalOtherIncomeExpensesNet": -6319000, "incomeBeforeTax": -10229000, "incomeBeforeTaxRatio": -0.0323539738, "incomeTaxExpense": 1398000, "netIncome": -11627000, "netIncomeRatio": -0.0367757995, "eps": -0.12, "epsdiluted": -0.12, "weightedAverageShsOut": 96891666, "weightedAverageShsOutDil": 99619000, "link": "https://www.sec.gov/Archives/edgar/data/1463101/000146310119000033/0001463101-19-000033-index.htm", "finalLink": "https://www.sec.gov/Archives/edgar/data/1463101/000146310119000033/a2018form10-k.htm", "calculatedOtherExpenses": 4129000, "calculatedOperatingExpenses": 92849000, "calculatedNetInterest": -9635000, "calculatedOtherIncome": -2190000, "calculatedIncomeNonControlling": 0, "calculatedEbitda": 11263000}, {"date": "2017-12-31", "symbol": "ENPH", "reportedCurrency": "USD", "cik": "0001463101", "fillingDate": "2018-04-02", "acceptedDate": "2018-04-02 16:37:17", "calendarYear": "2017", "period": "FY", "revenue": 286166000, "costOfRevenue": 230123000, "grossProfit": 56043000, "grossProfitRatio": 0.1958408756, "researchAndDevelopmentExpenses": 33157000, "generalAndAdministrativeExpenses": 22221000, "sellingAndMarketingExpenses": 23126000, "sellingGeneralAndAdministrativeExpenses": 45347000, "otherExpenses": 1973000, "operatingExpenses": 78504000, "costAndExpenses": 308627000, "interestIncome": 0, "interestExpense": 7936000, "depreciationAndAmortization": 9004000, "ebitda": -11484000, "ebitdaratio": -0.0401305536, "operatingIncome": -39378000, "operatingIncomeRatio": -0.1376054458, "totalOtherIncomeExpensesNet": -14944000, "incomeBeforeTax": -45341000, "incomeBeforeTaxRatio": -0.1584430016, "incomeTaxExpense": -149000, "netIncome": -45192000, "netIncomeRatio": -0.1579223248, "eps": -0.54, "epsdiluted": -0.54, "weightedAverageShsOut": 82939000, "weightedAverageShsOutDil": 82939000, "link": "https://www.sec.gov/Archives/edgar/data/1463101/000146310118000030/0001463101-18-000030-index.htm", "finalLink": "https://www.sec.gov/Archives/edgar/data/1463101/000146310118000030/a10-k12312017.htm", "calculatedOtherExpenses": 16917000, "calculatedOperatingExpenses": 95421000, "calculatedNetInterest": -7936000, "calculatedOtherIncome": 1973000, "calculatedIncomeNonControlling": 0, "calculatedEbitda": -30374000}, {"date": "2016-12-31", "symbol": "ENPH", "reportedCurrency": "USD", "cik": "0001463101", "fillingDate": "2017-03-16", "acceptedDate": "2017-03-16 13:08:16", "calendarYear": "2016", "period": "FY", "revenue": 322591000, "costOfRevenue": 264583000, "grossProfit": 58008000, "grossProfitRatio": 0.1798190278, "researchAndDevelopmentExpenses": 50703000, "generalAndAdministrativeExpenses": 27418000, "sellingAndMarketingExpenses": 38810000, "sellingGeneralAndAdministrativeExpenses": 66228000, "otherExpenses": -514000, "operatingExpenses": 116931000, "costAndExpenses": 381514000, "interestIncome": 0, "interestExpense": 2773000, "depreciationAndAmortization": 10638000, "ebitda": -48799000, "ebitdaratio": -0.1512720442, "operatingIncome": -62700000, "operatingIncomeRatio": -0.1943637609, "totalOtherIncomeExpensesNet": -4291000, "incomeBeforeTax": -65987000, "incomeBeforeTaxRatio": -0.2045531338, "incomeTaxExpense": 1475000, "netIncome": -67462000, "netIncomeRatio": -0.2091254871, "eps": -1.34, "epsdiluted": -1.34, "weightedAverageShsOut": 50519000, "weightedAverageShsOutDil": 50519000, "link": "https://www.sec.gov/Archives/edgar/data/1463101/000146310117000024/0001463101-17-000024-index.htm", "finalLink": "https://www.sec.gov/Archives/edgar/data/1463101/000146310117000024/a10-k12312016.htm", "calculatedOtherExpenses": 3777000, "calculatedOperatingExpenses": 120708000, "calculatedNetInterest": -2773000, "calculatedOtherIncome": -514000, "calculatedIncomeNonControlling": 0, "calculatedEbitda": -52062000}, {"date": "2015-12-31", "symbol": "ENPH", "reportedCurrency": "USD", "cik": "0001463101", "fillingDate": "2016-03-01", "acceptedDate": "2016-03-01 08:23:43", "calendarYear": "2015", "period": "FY", "revenue": 357249000, "costOfRevenue": 249032000, "grossProfit": 108217000, "grossProfitRatio": 0.3029175729, "researchAndDevelopmentExpenses": 50819000, "generalAndAdministrativeExpenses": 30830000, "sellingAndMarketingExpenses": 45877000, "sellingGeneralAndAdministrativeExpenses": 76707000, "otherExpenses": -893000, "operatingExpenses": 127526000, "costAndExpenses": 376558000, "interestIncome": 0, "interestExpense": 501000, "depreciationAndAmortization": 10539000, "ebitda": -8770000, "ebitdaratio": -0.0245487041, "operatingIncome": -19309000, "operatingIncomeRatio": -0.0540491366, "totalOtherIncomeExpensesNet": -893000, "incomeBeforeTax": -20703000, "incomeBeforeTaxRatio": -0.0579511769, "incomeTaxExpense": 1379000, "netIncome": -22082000, "netIncomeRatio": -0.0618112297, "eps": -0.49, "epsdiluted": -0.49, "weightedAverageShsOut": 44632000, "weightedAverageShsOutDil": 44632000, "link": "https://www.sec.gov/Archives/edgar/data/1463101/000146310116000040/0001463101-16-000040-index.htm", "finalLink": "https://www.sec.gov/Archives/edgar/data/1463101/000146310116000040/a10-k12312015.htm", "calculatedOtherExpenses": 0, "calculatedOperatingExpenses": 127526000, "calculatedNetInterest": -501000, "calculatedOtherIncome": -893000, "calculatedIncomeNonControlling": 0, "calculatedEbitda": -8770000}, {"date": "2014-12-31", "symbol": "ENPH", "reportedCurrency": "USD", "cik": "0001463101", "fillingDate": "2015-03-04", "acceptedDate": "2015-03-03 17:57:42", "calendarYear": "2014", "period": "FY", "revenue": 343904000, "costOfRevenue": 230861000, "grossProfit": 113043000, "grossProfitRatio": 0.3287051037, "researchAndDevelopmentExpenses": 45386000, "generalAndAdministrativeExpenses": 31083000, "sellingAndMarketingExpenses": 41003000, "sellingGeneralAndAdministrativeExpenses": 72086000, "otherExpenses": -994000, "operatingExpenses": 117472000, "costAndExpenses": 348333000, "interestIncome": 0, "interestExpense": 1863000, "depreciationAndAmortization": 8259000, "ebitda": 3830000, "ebitdaratio": 0.0111368289, "operatingIncome": -4429000, "operatingIncomeRatio": -0.012878594, "totalOtherIncomeExpensesNet": -994000, "incomeBeforeTax": -7286000, "incomeBeforeTaxRatio": -0.021186145, "incomeTaxExpense": 766000, "netIncome": -8052000, "netIncomeRatio": -0.0234135107, "eps": -0.19, "epsdiluted": -0.19, "weightedAverageShsOut": 42903000, "weightedAverageShsOutDil": 42903000, "link": "https://www.sec.gov/Archives/edgar/data/1463101/000146310115000017/0001463101-15-000017-index.htm", "finalLink": "https://www.sec.gov/Archives/edgar/data/1463101/000146310115000017/enph-20141231x10k.htm", "calculatedOtherExpenses": 0, "calculatedOperatingExpenses": 117472000, "calculatedNetInterest": -1863000, "calculatedOtherIncome": -994000, "calculatedIncomeNonControlling": 0, "calculatedEbitda": 3830000}, {"date": "2013-12-31", "symbol": "ENPH", "reportedCurrency": "USD", "cik": "0001463101", "fillingDate": "2014-03-04", "acceptedDate": "2014-03-04 16:05:46", "calendarYear": "2013", "period": "FY", "revenue": 232846000, "costOfRevenue": 165430000, "grossProfit": 67416000, "grossProfitRatio": 0.2895304192, "researchAndDevelopmentExpenses": 34524000, "generalAndAdministrativeExpenses": 23970000, "sellingAndMarketingExpenses": 31080000, "sellingGeneralAndAdministrativeExpenses": 55050000, "otherExpenses": -837000, "operatingExpenses": 89574000, "costAndExpenses": 255004000, "interestIncome": 0, "interestExpense": 2055000, "depreciationAndAmortization": 6981000, "ebitda": -16014000, "ebitdaratio": -0.0687750702, "operatingIncome": -22158000, "operatingIncomeRatio": -0.095161609, "totalOtherIncomeExpensesNet": -837000, "incomeBeforeTax": -25050000, "incomeBeforeTaxRatio": -0.1075818352, "incomeTaxExpense": 863000, "netIncome": -25913000, "netIncomeRatio": -0.1112881475, "eps": -0.62, "epsdiluted": -0.62, "weightedAverageShsOut": 41647000, "weightedAverageShsOutDil": 41647000, "link": "https://www.sec.gov/Archives/edgar/data/1463101/000146310114000007/0001463101-14-000007-index.htm", "finalLink": "https://www.sec.gov/Archives/edgar/data/1463101/000146310114000007/enph-20131231x10k.htm", "calculatedOtherExpenses": 0, "calculatedOperatingExpenses": 89574000, "calculatedNetInterest": -2055000, "calculatedOtherIncome": -837000, "calculatedIncomeNonControlling": 0, "calculatedEbitda": -15177000}, {"date": "2012-12-31", "symbol": "ENPH", "reportedCurrency": "USD", "cik": "0001463101", "fillingDate": "2013-03-05", "acceptedDate": "2013-03-05 15:54:29", "calendarYear": "2012", "period": "FY", "revenue": 216678000, "costOfRevenue": 161390000, "grossProfit": 55288000, "grossProfitRatio": 0.2551620377, "researchAndDevelopmentExpenses": 35601000, "generalAndAdministrativeExpenses": 24875000, "sellingAndMarketingExpenses": 25973000, "sellingGeneralAndAdministrativeExpenses": 50848000, "otherExpenses": 13000, "operatingExpenses": 86449000, "costAndExpenses": 247839000, "interestIncome": 17000, "interestExpense": 6436000, "depreciationAndAmortization": 5568000, "ebitda": -25563000, "ebitdaratio": -0.1179769058, "operatingIncome": -31161000, "operatingIncomeRatio": -0.1438124775, "totalOtherIncomeExpensesNet": 13000, "incomeBeforeTax": -37567000, "incomeBeforeTaxRatio": -0.1733770849, "incomeTaxExpense": 651000, "netIncome": -38218000, "netIncomeRatio": -0.1763815431, "eps": -1.24, "epsdiluted": -1.24, "weightedAverageShsOut": 30740000, "weightedAverageShsOutDil": 30740000, "link": "https://www.sec.gov/Archives/edgar/data/1463101/000144530513000492/0001445305-13-000492-index.htm", "finalLink": "https://www.sec.gov/Archives/edgar/data/1463101/000144530513000492/enph-20121231x10k.htm", "calculatedOtherExpenses": 0, "calculatedOperatingExpenses": 86449000, "calculatedNetInterest": -6419000, "calculatedOtherIncome": 13000, "calculatedIncomeNonControlling": 0, "calculatedEbitda": -25593000}, {"date": "2011-12-31", "symbol": "ENPH", "reportedCurrency": "USD", "cik": "0001463101", "fillingDate": "2011-12-31", "acceptedDate": "2011-12-31 00:00:00", "calendarYear": "2011", "period": "FY", "revenue": 149523000, "costOfRevenue": 120454000, "grossProfit": 29069000, "grossProfitRatio": 0.1944115621, "researchAndDevelopmentExpenses": 25099000, "generalAndAdministrativeExpenses": 15228000, "sellingAndMarketingExpenses": 17454000, "sellingGeneralAndAdministrativeExpenses": 32682000, "otherExpenses": 0, "operatingExpenses": 57781000, "costAndExpenses": 178235000, "interestIncome": 4000, "interestExpense": 3006000, "depreciationAndAmortization": 3032000, "ebitda": -25104000, "ebitdaratio": -0.1678939026, "operatingIncome": -28712000, "operatingIncomeRatio": -0.1920239696, "totalOtherIncomeExpensesNet": -576000, "incomeBeforeTax": -32290000, "incomeBeforeTaxRatio": -0.2159533985, "incomeTaxExpense": 32290000, "netIncome": -32290000, "netIncomeRatio": -0.2159533985, "eps": -0.82, "epsdiluted": -0.82, "weightedAverageShsOut": 39290870, "weightedAverageShsOutDil": 39290870, "link": null, "finalLink": null, "calculatedOtherExpenses": 0, "calculatedOperatingExpenses": 57781000, "calculatedNetInterest": -3002000, "calculatedOtherIncome": -576000, "calculatedIncomeNonControlling": -32290000, "calculatedEbitda": -25680000}, {"date": "2010-12-31", "symbol": "ENPH", "reportedCurrency": "USD", "cik": "0001463101", "fillingDate": "2010-12-31", "acceptedDate": "2010-12-31 00:00:00", "calendarYear": "2010", "period": "FY", "revenue": 61661000, "costOfRevenue": 55159000, "grossProfit": 6502000, "grossProfitRatio": 0.1054475276, "researchAndDevelopmentExpenses": 14296000, "generalAndAdministrativeExpenses": 6365000, "sellingAndMarketingExpenses": 6558000, "sellingGeneralAndAdministrativeExpenses": 12923000, "otherExpenses": 0, "operatingExpenses": 27219000, "costAndExpenses": 82378000, "interestIncome": 39000, "interestExpense": 914000, "depreciationAndAmortization": 1550000, "ebitda": -18982000, "ebitdaratio": -0.3078445046, "operatingIncome": -20717000, "operatingIncomeRatio": -0.3359822254, "totalOtherIncomeExpensesNet": -185000, "incomeBeforeTax": -21777000, "incomeBeforeTaxRatio": -0.3531729943, "incomeTaxExpense": 21777000, "netIncome": -21777000, "netIncomeRatio": -0.3531729943, "eps": -19.27, "epsdiluted": -19.27, "weightedAverageShsOut": 1130000, "weightedAverageShsOutDil": 1130000, "link": null, "finalLink": null, "calculatedOtherExpenses": 0, "calculatedOperatingExpenses": 27219000, "calculatedNetInterest": -875000, "calculatedOtherIncome": -185000, "calculatedIncomeNonControlling": -21777000, "calculatedEbitda": -19167000}, {"date": "2009-12-31", "symbol": "ENPH", "reportedCurrency": "USD", "cik": "0001463101", "fillingDate": "2009-12-31", "acceptedDate": "2009-12-31 00:00:00", "calendarYear": "2009", "period": "FY", "revenue": 20194000, "costOfRevenue": 23223000, "grossProfit": -3029000, "grossProfitRatio": -0.149995048, "researchAndDevelopmentExpenses": 8411000, "generalAndAdministrativeExpenses": 2603000, "sellingAndMarketingExpenses": 2651000, "sellingGeneralAndAdministrativeExpenses": 5254000, "otherExpenses": 0, "operatingExpenses": 13665000, "costAndExpenses": 36888000, "interestIncome": 125000, "interestExpense": 356000, "depreciationAndAmortization": 803000, "ebitda": -15891000, "ebitdaratio": -0.786916906, "operatingIncome": -16694000, "operatingIncomeRatio": -0.8266811924, "totalOtherIncomeExpensesNet": 16694000, "incomeBeforeTax": -16925000, "incomeBeforeTaxRatio": -0.8381202337, "incomeTaxExpense": 16925000, "netIncome": -16925000, "netIncomeRatio": -0.8381202337, "eps": -14.98, "epsdiluted": -14.98, "weightedAverageShsOut": 1130000, "weightedAverageShsOutDil": 1130000, "link": null, "finalLink": null, "calculatedOtherExpenses": 0, "calculatedOperatingExpenses": 13665000, "calculatedNetInterest": -231000, "calculatedOtherIncome": 0, "calculatedIncomeNonControlling": -16925000, "calculatedEbitda": -15891000}]}