{"originalCurrency": "USD", "convertedCurrency": "USD", "report": [{"date": "2023-03-31", "symbol": "ENS", "reportedCurrency": "USD", "cik": "0001289308", "fillingDate": "2023-05-24", "acceptedDate": "2023-05-24 16:16:38", "calendarYear": "2023", "period": "FY", "revenue": 3708579000, "costOfRevenue": 2868441000, "grossProfit": 840138000, "grossProfitRatio": 0.2265390598, "researchAndDevelopmentExpenses": 0, "generalAndAdministrativeExpenses": 0, "sellingAndMarketingExpenses": 0, "sellingGeneralAndAdministrativeExpenses": 544763000, "otherExpenses": 544858000, "operatingExpenses": 544858000, "costAndExpenses": 3413299000, "interestIncome": 1700000, "interestExpense": 59529000, "depreciationAndAmortization": 100550000, "ebitda": 378911000, "ebitdaratio": 0.1021714786, "operatingIncome": 278361000, "operatingIncomeRatio": 0.075058668, "totalOtherIncomeExpensesNet": -67722000, "incomeBeforeTax": 210639000, "incomeBeforeTaxRatio": 0.0567977654, "incomeTaxExpense": 34829000, "netIncome": 175810000, "netIncomeRatio": 0.0474062977, "eps": 4.31, "epsdiluted": 4.25, "weightedAverageShsOut": 40809235, "weightedAverageShsOutDil": 41326755, "link": "https://www.sec.gov/Archives/edgar/data/1289308/000128930823000023/0001289308-23-000023-index.htm", "finalLink": "https://www.sec.gov/Archives/edgar/data/1289308/000128930823000023/ens-20230331.htm", "calculatedOtherExpenses": 17014000, "calculatedOperatingExpenses": 561777000, "calculatedNetInterest": -57829000, "calculatedOtherIncome": -9893000, "calculatedIncomeNonControlling": 0, "calculatedEbitda": 378911000}, {"date": "2022-03-31", "symbol": "ENS", "reportedCurrency": "USD", "cik": "0001289308", "fillingDate": "2022-05-25", "acceptedDate": "2022-05-25 16:17:24", "calendarYear": "2022", "period": "FY", "revenue": 3357300000, "costOfRevenue": 2607300000, "grossProfit": 750000000, "grossProfitRatio": 0.2233937986, "researchAndDevelopmentExpenses": 0, "generalAndAdministrativeExpenses": 0, "sellingAndMarketingExpenses": 0, "sellingGeneralAndAdministrativeExpenses": 520577000, "otherExpenses": 520800000, "operatingExpenses": 520800000, "costAndExpenses": 3128100000, "interestIncome": 37777000, "interestExpense": 37777000, "depreciationAndAmortization": 141878000, "ebitda": 348078000, "ebitdaratio": 0.1036779555, "operatingIncome": 206200000, "operatingIncomeRatio": 0.0614184017, "totalOtherIncomeExpensesNet": -32300000, "incomeBeforeTax": 173900000, "incomeBeforeTaxRatio": 0.0517975754, "incomeTaxExpense": 30000000, "netIncome": 143911000, "netIncomeRatio": 0.0428650999, "eps": 3.42, "epsdiluted": 3.36, "weightedAverageShsOut": 42106337, "weightedAverageShsOutDil": 42783373, "link": "https://www.sec.gov/Archives/edgar/data/1289308/000128930822000036/0001289308-22-000036-index.htm", "finalLink": "https://www.sec.gov/Archives/edgar/data/1289308/000128930822000036/ens-20220331.htm", "calculatedOtherExpenses": 23223000, "calculatedOperatingExpenses": 543800000, "calculatedNetInterest": 0, "calculatedOtherIncome": -32300000, "calculatedIncomeNonControlling": -11000, "calculatedEbitda": 348078000}, {"date": "2021-03-31", "symbol": "ENS", "reportedCurrency": "USD", "cik": "0001289308", "fillingDate": "2021-05-26", "acceptedDate": "2021-05-26 16:20:17", "calendarYear": "2021", "period": "FY", "revenue": 2977900000, "costOfRevenue": 2238800000, "grossProfit": 739100000, "grossProfitRatio": 0.2481950368, "researchAndDevelopmentExpenses": 0, "generalAndAdministrativeExpenses": 0, "sellingAndMarketingExpenses": 0, "sellingGeneralAndAdministrativeExpenses": 482185000, "otherExpenses": 482300000, "operatingExpenses": 482300000, "costAndExpenses": 2238800000, "interestIncome": 2300000, "interestExpense": 38436000, "depreciationAndAmortization": 94082000, "ebitda": 310482000, "ebitdaratio": 0.1042620639, "operatingIncome": 216400000, "operatingIncomeRatio": 0.0726686591, "totalOtherIncomeExpensesNet": -46300000, "incomeBeforeTax": 170100000, "incomeBeforeTaxRatio": 0.0571207898, "incomeTaxExpense": 26800000, "netIncome": 143374000, "netIncomeRatio": 0.0481460089, "eps": 3.37, "epsdiluted": 3.32, "weightedAverageShsOut": 42548449, "weightedAverageShsOutDil": 43224403, "link": "https://www.sec.gov/Archives/edgar/data/1289308/000128930821000027/0001289308-21-000027-index.htm", "finalLink": "https://www.sec.gov/Archives/edgar/data/1289308/000128930821000027/ens-20210331.htm", "calculatedOtherExpenses": 40515000, "calculatedOperatingExpenses": 522700000, "calculatedNetInterest": -36136000, "calculatedOtherIncome": -10164000, "calculatedIncomeNonControlling": -74000, "calculatedEbitda": 310482000}, {"date": "2020-03-31", "symbol": "ENS", "reportedCurrency": "USD", "cik": "0001289308", "fillingDate": "2020-06-01", "acceptedDate": "2020-06-01 16:45:36", "calendarYear": "2020", "period": "FY", "revenue": 3087800000, "costOfRevenue": 2303002000, "grossProfit": 784798000, "grossProfitRatio": 0.2541608912, "researchAndDevelopmentExpenses": 0, "generalAndAdministrativeExpenses": 0, "sellingAndMarketingExpenses": 0, "sellingGeneralAndAdministrativeExpenses": 529182000, "otherExpenses": 529643000, "operatingExpenses": 529643000, "costAndExpenses": 2832645000, "interestIncome": 2200000, "interestExpense": 43673000, "depreciationAndAmortization": 87344000, "ebitda": 190200000, "ebitdaratio": 0.0615972537, "operatingIncome": 102856000, "operatingIncomeRatio": 0.0333104476, "totalOtherIncomeExpensesNet": 44144000, "incomeBeforeTax": 147000000, "incomeBeforeTaxRatio": 0.0476067103, "incomeTaxExpense": 9900000, "netIncome": 137116000, "netIncomeRatio": 0.0444057258, "eps": 3.23, "epsdiluted": 3.2, "weightedAverageShsOut": 42411834, "weightedAverageShsOutDil": 42896775, "link": "https://www.sec.gov/Archives/edgar/data/1289308/000128930820000029/0001289308-20-000029-index.htm", "finalLink": "https://www.sec.gov/Archives/edgar/data/1289308/000128930820000029/ens-10k3312020.htm", "calculatedOtherExpenses": 152760000, "calculatedOperatingExpenses": 681942000, "calculatedNetInterest": -41473000, "calculatedOtherIncome": 85617000, "calculatedIncomeNonControlling": -16000, "calculatedEbitda": 190200000}, {"date": "2019-03-31", "symbol": "ENS", "reportedCurrency": "USD", "cik": "0001289308", "fillingDate": "2019-05-29", "acceptedDate": "2019-05-29 17:12:05", "calendarYear": "2019", "period": "FY", "revenue": 2808000000, "costOfRevenue": 2114991000, "grossProfit": 693009000, "grossProfitRatio": 0.2467980769, "researchAndDevelopmentExpenses": 0, "generalAndAdministrativeExpenses": 0, "sellingAndMarketingExpenses": 0, "sellingGeneralAndAdministrativeExpenses": 428532000, "otherExpenses": -2430000, "operatingExpenses": 441400000, "costAndExpenses": 441400000, "interestIncome": 2100000, "interestExpense": 30868000, "depreciationAndAmortization": 63348000, "ebitda": 212500000, "ebitdaratio": 0.0756766382, "operatingIncome": 212500000, "operatingIncomeRatio": 0.0756766382, "totalOtherIncomeExpensesNet": -38532000, "incomeBeforeTax": 182100000, "incomeBeforeTaxRatio": 0.0648504274, "incomeTaxExpense": 21600000, "netIncome": 160200000, "netIncomeRatio": 0.0570512821, "eps": 3.78, "epsdiluted": 3.72, "weightedAverageShsOut": 42335023, "weightedAverageShsOutDil": 43008952, "link": "https://www.sec.gov/Archives/edgar/data/1289308/000128930819000028/0001289308-19-000028-index.htm", "finalLink": "https://www.sec.gov/Archives/edgar/data/1289308/000128930819000028/ens-10k3312019.htm", "calculatedOtherExpenses": 51977000, "calculatedOperatingExpenses": 480509000, "calculatedNetInterest": -28768000, "calculatedOtherIncome": -1632000, "calculatedIncomeNonControlling": 300000, "calculatedEbitda": 275848000}, {"date": "2018-03-31", "symbol": "ENS", "reportedCurrency": "USD", "cik": "0001289308", "fillingDate": "2018-05-30", "acceptedDate": "2018-05-30 16:18:22", "calendarYear": "2018", "period": "FY", "revenue": 2581800000, "costOfRevenue": 1924951000, "grossProfit": 656849000, "grossProfitRatio": 0.2544151367, "researchAndDevelopmentExpenses": 0, "generalAndAdministrativeExpenses": 0, "sellingAndMarketingExpenses": 0, "sellingGeneralAndAdministrativeExpenses": 382077000, "otherExpenses": -556000, "operatingExpenses": 382100000, "costAndExpenses": 382100000, "interestIncome": 0, "interestExpense": 25001000, "depreciationAndAmortization": 54317000, "ebitda": 269300000, "ebitdaratio": 0.1043070726, "operatingIncome": 269300000, "operatingIncomeRatio": 0.1043070726, "totalOtherIncomeExpensesNet": -11536000, "incomeBeforeTax": 238300000, "incomeBeforeTaxRatio": 0.0922999458, "incomeTaxExpense": 118500000, "netIncome": 119600000, "netIncomeRatio": 0.0463242699, "eps": 2.81, "epsdiluted": 2.77, "weightedAverageShsOut": 42612036, "weightedAverageShsOutDil": 43119856, "link": "https://www.sec.gov/Archives/edgar/data/1289308/000128930818000017/0001289308-18-000017-index.htm", "finalLink": "https://www.sec.gov/Archives/edgar/data/1289308/000128930818000017/ens-10k3312018.htm", "calculatedOtherExpenses": 5472000, "calculatedOperatingExpenses": 387549000, "calculatedNetInterest": -25001000, "calculatedOtherIncome": -5999000, "calculatedIncomeNonControlling": 200000, "calculatedEbitda": 323617000}, {"date": "2017-03-31", "symbol": "ENS", "reportedCurrency": "USD", "cik": "0001289308", "fillingDate": "2017-05-30", "acceptedDate": "2017-05-30 16:33:56", "calendarYear": "2017", "period": "FY", "revenue": 2367100000, "costOfRevenue": 1716524000, "grossProfit": 650576000, "grossProfitRatio": 0.2748409446, "researchAndDevelopmentExpenses": 0, "generalAndAdministrativeExpenses": 0, "sellingAndMarketingExpenses": 0, "sellingGeneralAndAdministrativeExpenses": 360463000, "otherExpenses": -1631000, "operatingExpenses": 369900000, "costAndExpenses": 369900000, "interestIncome": 0, "interestExpense": 22197000, "depreciationAndAmortization": 53945000, "ebitda": 235900000, "ebitdaratio": 0.0996578091, "operatingIncome": 235900000, "operatingIncomeRatio": 0.0996578091, "totalOtherIncomeExpensesNet": -45870000, "incomeBeforeTax": 212700000, "incomeBeforeTaxRatio": 0.0898567868, "incomeTaxExpense": 54472000, "netIncome": 160200000, "netIncomeRatio": 0.0676777491, "eps": 3.69, "epsdiluted": 3.64, "weightedAverageShsOut": 43389333, "weightedAverageShsOutDil": 44012543, "link": "https://www.sec.gov/Archives/edgar/data/1289308/000128930817000019/0001289308-17-000019-index.htm", "finalLink": "https://www.sec.gov/Archives/edgar/data/1289308/000128930817000019/ens-10k3312017.htm", "calculatedOtherExpenses": 54213000, "calculatedOperatingExpenses": 414676000, "calculatedNetInterest": -22197000, "calculatedOtherIncome": -1003000, "calculatedIncomeNonControlling": -1972000, "calculatedEbitda": 289845000}, {"date": "2016-03-31", "symbol": "ENS", "reportedCurrency": "USD", "cik": "0001289308", "fillingDate": "2016-05-31", "acceptedDate": "2016-05-31 16:45:19", "calendarYear": "2016", "period": "FY", "revenue": 2316200000, "costOfRevenue": 1704472000, "grossProfit": 611728000, "grossProfitRatio": 0.2641084535, "researchAndDevelopmentExpenses": 0, "generalAndAdministrativeExpenses": 0, "sellingAndMarketingExpenses": 0, "sellingGeneralAndAdministrativeExpenses": 352767000, "otherExpenses": -294000, "operatingExpenses": 352700000, "costAndExpenses": 352700000, "interestIncome": 0, "interestExpense": 22343000, "depreciationAndAmortization": 55994000, "ebitda": 210000000, "ebitdaratio": 0.0906657456, "operatingIncome": 210000000, "operatingIncomeRatio": 0.0906657456, "totalOtherIncomeExpensesNet": -54730000, "incomeBeforeTax": 182000000, "incomeBeforeTaxRatio": 0.0785769795, "incomeTaxExpense": 50113000, "netIncome": 136200000, "netIncomeRatio": 0.0588032122, "eps": 3.08, "epsdiluted": 2.99, "weightedAverageShsOut": 44276713, "weightedAverageShsOutDil": 45474130, "link": "https://www.sec.gov/Archives/edgar/data/1289308/000128930816000060/0001289308-16-000060-index.htm", "finalLink": "https://www.sec.gov/Archives/edgar/data/1289308/000128930816000060/ens-10k3312016.htm", "calculatedOtherExpenses": 48961000, "calculatedOperatingExpenses": 401728000, "calculatedNetInterest": -22343000, "calculatedOtherIncome": -5657000, "calculatedIncomeNonControlling": -4313000, "calculatedEbitda": 265994000}, {"date": "2015-03-31", "symbol": "ENS", "reportedCurrency": "USD", "cik": "0001289308", "fillingDate": "2015-05-27", "acceptedDate": "2015-05-27 16:04:31", "calendarYear": "2015", "period": "FY", "revenue": 2505500000, "costOfRevenue": 1864601000, "grossProfit": 640899000, "grossProfitRatio": 0.2557968469, "researchAndDevelopmentExpenses": 0, "generalAndAdministrativeExpenses": 0, "sellingAndMarketingExpenses": 0, "sellingGeneralAndAdministrativeExpenses": 358381000, "otherExpenses": -1409000, "operatingExpenses": 358400000, "costAndExpenses": 358400000, "interestIncome": 0, "interestExpense": 19644000, "depreciationAndAmortization": 57040000, "ebitda": 263400000, "ebitdaratio": 0.1051287168, "operatingIncome": 263400000, "operatingIncomeRatio": 0.1051287168, "totalOtherIncomeExpensesNet": -13547000, "incomeBeforeTax": 249300000, "incomeBeforeTaxRatio": 0.0995010976, "incomeTaxExpense": 67814000, "netIncome": 181200000, "netIncomeRatio": 0.072320894, "eps": 3.97, "epsdiluted": 3.77, "weightedAverageShsOut": 45606317, "weightedAverageShsOutDil": 48052729, "link": "https://www.sec.gov/Archives/edgar/data/1289308/000128930815000029/0001289308-15-000029-index.htm", "finalLink": "https://www.sec.gov/Archives/edgar/data/1289308/000128930815000029/ens-10k3312015.htm", "calculatedOtherExpenses": 19118000, "calculatedOperatingExpenses": 377499000, "calculatedNetInterest": -19644000, "calculatedOtherIncome": 5544000, "calculatedIncomeNonControlling": 286000, "calculatedEbitda": 320440000}, {"date": "2014-03-31", "symbol": "ENS", "reportedCurrency": "USD", "cik": "0001289308", "fillingDate": "2014-05-28", "acceptedDate": "2014-05-28 16:49:55", "calendarYear": "2014", "period": "FY", "revenue": 2474433000, "costOfRevenue": 1844813000, "grossProfit": 629620000, "grossProfitRatio": 0.2544502114, "researchAndDevelopmentExpenses": 0, "generalAndAdministrativeExpenses": 0, "sellingAndMarketingExpenses": 0, "sellingGeneralAndAdministrativeExpenses": 344421000, "otherExpenses": -2813000, "operatingExpenses": 344421000, "costAndExpenses": 2189234000, "interestIncome": 0, "interestExpense": 17105000, "depreciationAndAmortization": 53972000, "ebitda": 336358000, "ebitdaratio": 0.1359333633, "operatingIncome": 194510000, "operatingIncomeRatio": 0.0786079073, "totalOtherIncomeExpensesNet": -104347000, "incomeBeforeTax": 163747000, "incomeBeforeTaxRatio": 0.0661755643, "incomeTaxExpense": 16980000, "netIncome": 150328000, "netIncomeRatio": 0.0607525037, "eps": 3.17, "epsdiluted": 3.02, "weightedAverageShsOut": 47473690, "weightedAverageShsOutDil": 49788155, "link": "https://www.sec.gov/Archives/edgar/data/1289308/000128930814000019/0001289308-14-000019-index.htm", "finalLink": "https://www.sec.gov/Archives/edgar/data/1289308/000128930814000019/ens-10k3302014.htm", "calculatedOtherExpenses": 90689000, "calculatedOperatingExpenses": 435110000, "calculatedNetInterest": -17105000, "calculatedOtherIncome": -13658000, "calculatedIncomeNonControlling": -3561000, "calculatedEbitda": 248482000}, {"date": "2013-03-31", "symbol": "ENS", "reportedCurrency": "USD", "cik": "0001289308", "fillingDate": "2013-05-28", "acceptedDate": "2013-05-28 16:05:56", "calendarYear": "2013", "period": "FY", "revenue": 2277559000, "costOfRevenue": 1708203000, "grossProfit": 569356000, "grossProfitRatio": 0.2499851815, "researchAndDevelopmentExpenses": 0, "generalAndAdministrativeExpenses": 0, "sellingAndMarketingExpenses": 0, "sellingGeneralAndAdministrativeExpenses": 312324000, "otherExpenses": 971000, "operatingExpenses": 312324000, "costAndExpenses": 2020527000, "interestIncome": 0, "interestExpense": 18719000, "depreciationAndAmortization": 50502000, "ebitda": 308505000, "ebitdaratio": 0.1354542297, "operatingIncome": 249868000, "operatingIncomeRatio": 0.1097086837, "totalOtherIncomeExpensesNet": -8080000, "incomeBeforeTax": 230233000, "incomeBeforeTaxRatio": 0.1010876118, "incomeTaxExpense": 65275000, "netIncome": 166508000, "netIncomeRatio": 0.0731080951, "eps": 3.47, "epsdiluted": 3.42, "weightedAverageShsOut": 48022005, "weightedAverageShsOutDil": 48635449, "link": "https://www.sec.gov/Archives/edgar/data/1289308/000119312513237411/0001193125-13-237411-index.htm", "finalLink": "https://www.sec.gov/Archives/edgar/data/1289308/000119312513237411/d485118d10k.htm", "calculatedOtherExpenses": 7164000, "calculatedOperatingExpenses": 319488000, "calculatedNetInterest": -18719000, "calculatedOtherIncome": -916000, "calculatedIncomeNonControlling": -1550000, "calculatedEbitda": 300370000}, {"date": "2012-03-31", "symbol": "ENS", "reportedCurrency": "USD", "cik": "0001289308", "fillingDate": "2012-05-25", "acceptedDate": "2012-05-25 16:03:51", "calendarYear": "2012", "period": "FY", "revenue": 2283369000, "costOfRevenue": 1770664000, "grossProfit": 512705000, "grossProfitRatio": 0.2245388284, "researchAndDevelopmentExpenses": 0, "generalAndAdministrativeExpenses": 0, "sellingAndMarketingExpenses": 0, "sellingGeneralAndAdministrativeExpenses": 0, "otherExpenses": -1585000, "operatingExpenses": 297806000, "costAndExpenses": 2068470000, "interestIncome": 0, "interestExpense": 16484000, "depreciationAndAmortization": 50360000, "ebitda": 263674000, "ebitdaratio": 0.1154758605, "operatingIncome": 210811000, "operatingIncomeRatio": 0.0923245433, "totalOtherIncomeExpensesNet": -7156000, "incomeBeforeTax": 191259000, "incomeBeforeTaxRatio": 0.0837617573, "incomeTaxExpense": 47292000, "netIncome": 144003000, "netIncomeRatio": 0.0630660222, "eps": 2.95, "epsdiluted": 2.93, "weightedAverageShsOut": 48748205, "weightedAverageShsOutDil": 49216035, "link": "https://www.sec.gov/Archives/edgar/data/1289308/000119312512249202/0001193125-12-249202-index.htm", "finalLink": "https://www.sec.gov/Archives/edgar/data/1289308/000119312512249202/d313624d10k.htm", "calculatedOtherExpenses": 301894000, "calculatedOperatingExpenses": 301894000, "calculatedNetInterest": -16484000, "calculatedOtherIncome": -3068000, "calculatedIncomeNonControlling": -36000, "calculatedEbitda": 261171000}, {"date": "2011-03-31", "symbol": "ENS", "reportedCurrency": "USD", "cik": "0001289308", "fillingDate": "2011-05-31", "acceptedDate": "2011-05-31 16:00:33", "calendarYear": "2011", "period": "FY", "revenue": 1964462000, "costOfRevenue": 1514618000, "grossProfit": 449844000, "grossProfitRatio": 0.22899094, "researchAndDevelopmentExpenses": 0, "generalAndAdministrativeExpenses": 0, "sellingAndMarketingExpenses": 0, "sellingGeneralAndAdministrativeExpenses": 259217000, "otherExpenses": 0, "operatingExpenses": 259217000, "costAndExpenses": 1773835000, "interestIncome": 0, "interestExpense": 22038000, "depreciationAndAmortization": 44393000, "ebitda": 235020000, "ebitdaratio": 0.1196358087, "operatingIncome": 183814000, "operatingIncomeRatio": 0.0935696389, "totalOtherIncomeExpensesNet": -17145000, "incomeBeforeTax": 151444000, "incomeBeforeTaxRatio": 0.077091845, "incomeTaxExpense": 38018000, "netIncome": 113426000, "netIncomeRatio": 0.0577389636, "eps": 2.3, "epsdiluted": 2.27, "weightedAverageShsOut": 49376132, "weightedAverageShsOutDil": 50044246, "link": "https://www.sec.gov/Archives/edgar/data/1289308/000119312511154707/0001193125-11-154707-index.htm", "finalLink": "https://www.sec.gov/Archives/edgar/data/1289308/000119312511154707/d10k.htm", "calculatedOtherExpenses": 6813000, "calculatedOperatingExpenses": 266030000, "calculatedNetInterest": -22038000, "calculatedOtherIncome": -10332000, "calculatedIncomeNonControlling": 0, "calculatedEbitda": 228207000}, {"date": "2010-03-31", "symbol": "ENS", "reportedCurrency": "USD", "cik": "0001289308", "fillingDate": "2010-06-01", "acceptedDate": "2010-06-01 16:05:58", "calendarYear": "2010", "period": "FY", "revenue": 1579385000, "costOfRevenue": 1218481000, "grossProfit": 360904000, "grossProfitRatio": 0.2285091982, "researchAndDevelopmentExpenses": 0, "generalAndAdministrativeExpenses": 0, "sellingAndMarketingExpenses": 0, "sellingGeneralAndAdministrativeExpenses": 235597000, "otherExpenses": -2919000, "operatingExpenses": 232678000, "costAndExpenses": 1451159000, "interestIncome": 0, "interestExpense": 22658000, "depreciationAndAmortization": 44851000, "ebitda": 164309000, "ebitdaratio": 0.104033532, "operatingIncome": 114297000, "operatingIncomeRatio": 0.072368042, "totalOtherIncomeExpensesNet": -9545000, "incomeBeforeTax": 87255000, "incomeBeforeTaxRatio": 0.0552461876, "incomeTaxExpense": 24951000, "netIncome": 62304000, "netIncomeRatio": 0.0394482663, "eps": 1.29, "epsdiluted": 1.28, "weightedAverageShsOut": 48122207, "weightedAverageShsOutDil": 48834095, "link": "https://www.sec.gov/Archives/edgar/data/1289308/000095013010002518/0000950130-10-002518-index.htm", "finalLink": "https://www.sec.gov/Archives/edgar/data/1289308/000095013010002518/d10k.htm", "calculatedOtherExpenses": 11010000, "calculatedOperatingExpenses": 246607000, "calculatedNetInterest": -22658000, "calculatedOtherIncome": -4384000, "calculatedIncomeNonControlling": 0, "calculatedEbitda": 159148000}, {"date": "2009-03-31", "symbol": "ENS", "reportedCurrency": "USD", "cik": "0001289308", "fillingDate": "2009-06-01", "acceptedDate": "2009-06-01 16:07:51", "calendarYear": "2009", "period": "FY", "revenue": 1972867000, "costOfRevenue": 1559433000, "grossProfit": 413434000, "grossProfitRatio": 0.2095599957, "researchAndDevelopmentExpenses": 0, "generalAndAdministrativeExpenses": 0, "sellingAndMarketingExpenses": 0, "sellingGeneralAndAdministrativeExpenses": 256507000, "otherExpenses": -11308000, "operatingExpenses": 245199000, "costAndExpenses": 1804632000, "interestIncome": 0, "interestExpense": 22646000, "depreciationAndAmortization": 49095000, "ebitda": 217330000, "ebitdaratio": 0.1101594786, "operatingIncome": 142445000, "operatingIncomeRatio": 0.0722020288, "totalOtherIncomeExpensesNet": -22402000, "incomeBeforeTax": 123187000, "incomeBeforeTaxRatio": 0.0624406004, "incomeTaxExpense": 38600000, "netIncome": 84587000, "netIncomeRatio": 0.0428751659, "eps": 1.68, "epsdiluted": 1.66, "weightedAverageShsOut": 48824434, "weightedAverageShsOutDil": 49420303, "link": "https://www.sec.gov/Archives/edgar/data/1289308/000119312509122444/0001193125-09-122444-index.htm", "finalLink": "https://www.sec.gov/Archives/edgar/data/1289308/000119312509122444/d10k.htm", "calculatedOtherExpenses": 14482000, "calculatedOperatingExpenses": 270989000, "calculatedNetInterest": -22646000, "calculatedOtherIncome": 3388000, "calculatedIncomeNonControlling": 0, "calculatedEbitda": 191540000}, {"date": "2008-03-31", "symbol": "ENS", "reportedCurrency": "USD", "cik": "0001289308", "fillingDate": "2008-06-11", "acceptedDate": "2008-06-11 16:30:00", "calendarYear": "2008", "period": "FY", "revenue": 2026640000, "costOfRevenue": 1644753000, "grossProfit": 381887000, "grossProfitRatio": 0.1884335649, "researchAndDevelopmentExpenses": 0, "generalAndAdministrativeExpenses": 0, "sellingAndMarketingExpenses": 0, "sellingGeneralAndAdministrativeExpenses": 249350000, "otherExpenses": 249350000, "operatingExpenses": 249350000, "costAndExpenses": 1894103000, "interestIncome": 0, "interestExpense": 63835000, "depreciationAndAmortization": 49215000, "ebitda": 199245000, "ebitdaratio": 0.0983129712, "operatingIncome": 119346000, "operatingIncomeRatio": 0.0588886038, "totalOtherIncomeExpensesNet": -17493000, "incomeBeforeTax": 86195000, "incomeBeforeTaxRatio": 0.0425309872, "incomeTaxExpense": 26499000, "netIncome": 59696000, "netIncomeRatio": 0.0294556507, "eps": 1.25, "epsdiluted": 1.22, "weightedAverageShsOut": 47645225, "weightedAverageShsOutDil": 48644450, "link": "https://www.sec.gov/Archives/edgar/data/1289308/000119312508132036/0001193125-08-132036-index.htm", "finalLink": "https://www.sec.gov/Archives/edgar/data/1289308/000119312508132036/d10k.htm", "calculatedOtherExpenses": 13191000, "calculatedOperatingExpenses": 262541000, "calculatedNetInterest": -63835000, "calculatedOtherIncome": 30684000, "calculatedIncomeNonControlling": 0, "calculatedEbitda": 168561000}, {"date": "2007-03-31", "symbol": "ENS", "reportedCurrency": "USD", "cik": "0001289308", "fillingDate": "2007-06-13", "acceptedDate": "2007-06-13 16:28:16", "calendarYear": "2007", "period": "FY", "revenue": 1504474000, "costOfRevenue": 1193266000, "grossProfit": 311208000, "grossProfitRatio": 0.2068550204, "researchAndDevelopmentExpenses": 0, "generalAndAdministrativeExpenses": 0, "sellingAndMarketingExpenses": 0, "sellingGeneralAndAdministrativeExpenses": 221102000, "otherExpenses": -3753000, "operatingExpenses": 217349000, "costAndExpenses": 1410615000, "interestIncome": 0, "interestExpense": 29955000, "depreciationAndAmortization": 47358000, "ebitda": 140415000, "ebitdaratio": 0.0933316229, "operatingIncome": 93859000, "operatingIncomeRatio": 0.0623865883, "totalOtherIncomeExpensesNet": 802000, "incomeBeforeTax": 63102000, "incomeBeforeTaxRatio": 0.0419428983, "incomeTaxExpense": 17892000, "netIncome": 45210000, "netIncomeRatio": 0.0300503698, "eps": 0.97, "epsdiluted": 0.95, "weightedAverageShsOut": 46539638, "weightedAverageShsOutDil": 47546240, "link": "https://www.sec.gov/Archives/edgar/data/1289308/000119312507134886/0001193125-07-134886-index.htm", "finalLink": "https://www.sec.gov/Archives/edgar/data/1289308/000119312507134886/d10k.htm", "calculatedOtherExpenses": -3753000, "calculatedOperatingExpenses": 217349000, "calculatedNetInterest": -29955000, "calculatedOtherIncome": -802000, "calculatedIncomeNonControlling": 0, "calculatedEbitda": 141217000}, {"date": "2006-03-31", "symbol": "ENS", "reportedCurrency": "USD", "cik": "0001289308", "fillingDate": "2006-06-14", "acceptedDate": "2006-06-14 16:44:22", "calendarYear": "2006", "period": "FY", "revenue": 1283265000, "costOfRevenue": 1006467000, "grossProfit": 276798000, "grossProfitRatio": 0.2156982385, "researchAndDevelopmentExpenses": 0, "generalAndAdministrativeExpenses": 0, "sellingAndMarketingExpenses": 0, "sellingGeneralAndAdministrativeExpenses": 199900000, "otherExpenses": 199900000, "operatingExpenses": 199900000, "costAndExpenses": 1206367000, "interestIncome": 0, "interestExpense": 39290000, "depreciationAndAmortization": 43270000, "ebitda": 127363000, "ebitdaratio": 0.0992491808, "operatingIncome": 68345000, "operatingIncomeRatio": 0.05325868, "totalOtherIncomeExpensesNet": -7195000, "incomeBeforeTax": 44803000, "incomeBeforeTaxRatio": 0.0349132876, "incomeTaxExpense": 14077000, "netIncome": 30726000, "netIncomeRatio": 0.0239436126, "eps": 0.66, "epsdiluted": 0.66, "weightedAverageShsOut": 46226582, "weightedAverageShsOutDil": 46788363, "link": "https://www.sec.gov/Archives/edgar/data/1289308/000119312506129843/0001193125-06-129843-index.htm", "finalLink": "https://www.sec.gov/Archives/edgar/data/1289308/000119312506129843/d10k.htm", "calculatedOtherExpenses": 8553000, "calculatedOperatingExpenses": 208453000, "calculatedNetInterest": -39290000, "calculatedOtherIncome": 15748000, "calculatedIncomeNonControlling": 0, "calculatedEbitda": 111615000}, {"date": "2005-03-31", "symbol": "ENS", "reportedCurrency": "USD", "cik": "0001289308", "fillingDate": "2005-06-20", "acceptedDate": "2005-06-20 17:00:28", "calendarYear": "2005", "period": "FY", "revenue": 1083862000, "costOfRevenue": 828447000, "grossProfit": 255415000, "grossProfitRatio": 0.2356526938, "researchAndDevelopmentExpenses": 0, "generalAndAdministrativeExpenses": 0, "sellingAndMarketingExpenses": 0, "sellingGeneralAndAdministrativeExpenses": 179015000, "otherExpenses": 179015000, "operatingExpenses": 179015000, "costAndExpenses": 1007462000, "interestIncome": 0, "interestExpense": 30041000, "depreciationAndAmortization": 41541000, "ebitda": 121324000, "ebitdaratio": 0.1119367595, "operatingIncome": 76400000, "operatingIncomeRatio": 0.0704886784, "totalOtherIncomeExpensesNet": -3383000, "incomeBeforeTax": 49742000, "incomeBeforeTaxRatio": 0.0458932964, "incomeTaxExpense": 17359000, "netIncome": 32383000, "netIncomeRatio": 0.0298774198, "eps": 0.67, "epsdiluted": 0.65, "weightedAverageShsOut": 36416358, "weightedAverageShsOutDil": 37046697, "link": "https://www.sec.gov/Archives/edgar/data/1289308/000119312505127952/0001193125-05-127952-index.htm", "finalLink": "https://www.sec.gov/Archives/edgar/data/1289308/000119312505127952/d10k.htm", "calculatedOtherExpenses": 0, "calculatedOperatingExpenses": 179015000, "calculatedNetInterest": -30041000, "calculatedOtherIncome": 3383000, "calculatedIncomeNonControlling": 0, "calculatedEbitda": 117941000}, {"date": "2004-03-31", "symbol": "ENS", "reportedCurrency": "USD", "cik": "0001289308", "fillingDate": "2004-03-31", "acceptedDate": "2004-03-31 00:00:00", "calendarYear": "2004", "period": "FY", "revenue": 969079000, "costOfRevenue": 722825000, "grossProfit": 246254000, "grossProfitRatio": 0.2541113779, "researchAndDevelopmentExpenses": 0, "generalAndAdministrativeExpenses": 0, "sellingAndMarketingExpenses": 0, "sellingGeneralAndAdministrativeExpenses": 170412000, "otherExpenses": 21198000, "operatingExpenses": 191610000, "costAndExpenses": 914435000, "interestIncome": 0, "interestExpense": 94506000, "depreciationAndAmortization": 39047000, "ebitda": 141346000, "ebitdaratio": 0.1458560138, "operatingIncome": 54644000, "operatingIncomeRatio": 0.0563875597, "totalOtherIncomeExpensesNet": -47655000, "incomeBeforeTax": 7793000, "incomeBeforeTaxRatio": 0.008041656, "incomeTaxExpense": 2957000, "netIncome": 4836000, "netIncomeRatio": 0.0049903052, "eps": -1.8, "epsdiluted": -1.8, "weightedAverageShsOut": 11014421, "weightedAverageShsOutDil": 11014421, "link": null, "finalLink": null, "calculatedOtherExpenses": 21198000, "calculatedOperatingExpenses": 191610000, "calculatedNetInterest": -94506000, "calculatedOtherIncome": 47655000, "calculatedIncomeNonControlling": 0, "calculatedEbitda": 93691000}, {"date": "2003-03-31", "symbol": "ENS", "reportedCurrency": "USD", "cik": "0001289308", "fillingDate": "2003-03-31", "acceptedDate": "2003-03-31 00:00:00", "calendarYear": "2003", "period": "FY", "revenue": 859643000, "costOfRevenue": 653998000, "grossProfit": 205645000, "grossProfitRatio": 0.2392213977, "researchAndDevelopmentExpenses": 0, "generalAndAdministrativeExpenses": 0, "sellingAndMarketingExpenses": 0, "sellingGeneralAndAdministrativeExpenses": 150618000, "otherExpenses": 51000, "operatingExpenses": 150669000, "costAndExpenses": 804667000, "interestIncome": 0, "interestExpense": 19027000, "depreciationAndAmortization": 38002000, "ebitda": 92236000, "ebitdaratio": 0.107295703, "operatingIncome": 54976000, "operatingIncomeRatio": 0.063952129, "totalOtherIncomeExpensesNet": 742000, "incomeBeforeTax": 35207000, "incomeBeforeTaxRatio": 0.0409553733, "incomeTaxExpense": 12355000, "netIncome": 22852000, "netIncomeRatio": 0.0265831281, "eps": -0.11, "epsdiluted": -0.11, "weightedAverageShsOut": 11014421, "weightedAverageShsOutDil": 11014421, "link": null, "finalLink": null, "calculatedOtherExpenses": 51000, "calculatedOperatingExpenses": 150669000, "calculatedNetInterest": -19027000, "calculatedOtherIncome": -742000, "calculatedIncomeNonControlling": 0, "calculatedEbitda": 92978000}, {"date": "2002-03-31", "symbol": "ENS", "reportedCurrency": "USD", "cik": "0001289308", "fillingDate": "2002-03-31", "acceptedDate": "2002-03-31 00:00:00", "calendarYear": "2002", "period": "FY", "revenue": 339340000, "costOfRevenue": 271596000, "grossProfit": 67744000, "grossProfitRatio": 0.1996345848, "researchAndDevelopmentExpenses": 0, "generalAndAdministrativeExpenses": 0, "sellingAndMarketingExpenses": 0, "sellingGeneralAndAdministrativeExpenses": 0, "otherExpenses": 53514000, "operatingExpenses": 53514000, "costAndExpenses": 325110000, "interestIncome": 0, "interestExpense": 15038000, "depreciationAndAmortization": 61601000, "ebitda": 12486000, "ebitdaratio": 0.0367949549, "operatingIncome": -49115000, "operatingIncomeRatio": -0.1447368421, "totalOtherIncomeExpensesNet": 1744000, "incomeBeforeTax": -64153000, "incomeBeforeTaxRatio": -0.189052278, "incomeTaxExpense": -7133000, "netIncome": -41982000, "netIncomeRatio": -0.1237166264, "eps": -3.81, "epsdiluted": -3.81, "weightedAverageShsOut": 11014421, "weightedAverageShsOutDil": 11014421, "link": null, "finalLink": null, "calculatedOtherExpenses": 116859000, "calculatedOperatingExpenses": 116859000, "calculatedNetInterest": -15038000, "calculatedOtherIncome": 0, "calculatedIncomeNonControlling": -15038000, "calculatedEbitda": 12486000}]}