{"originalCurrency": "USD", "convertedCurrency": "USD", "report": [{"date": "2023-12-31", "symbol": "ENSG", "reportedCurrency": "USD", "cik": "0001125376", "fillingDate": "2024-02-01", "acceptedDate": "2024-02-01 16:05:04", "calendarYear": "2023", "period": "FY", "revenue": 3729355000, "costOfRevenue": 3138596000, "grossProfit": 590759000, "grossProfitRatio": 0.1584078212, "researchAndDevelopmentExpenses": 0, "generalAndAdministrativeExpenses": 263005000, "sellingAndMarketingExpenses": 0, "sellingGeneralAndAdministrativeExpenses": 263005000, "otherExpenses": 25482000, "operatingExpenses": 335392000, "costAndExpenses": 3473988000, "interestIncome": 0, "interestExpense": 8087000, "depreciationAndAmortization": 72387000, "ebitda": 353236000, "ebitdaratio": 0.0947177193, "operatingIncome": 255367000, "operatingIncomeRatio": 0.0684748435, "totalOtherIncomeExpensesNet": 25482000, "incomeBeforeTax": 272762000, "incomeBeforeTaxRatio": 0.0731391889, "incomeTaxExpense": 62912000, "netIncome": 209399000, "netIncomeRatio": 0.0561488515, "eps": 3.76, "epsdiluted": 3.65, "weightedAverageShsOut": 55708000, "weightedAverageShsOutDil": 57323000, "link": "https://www.sec.gov/Archives/edgar/data/1125376/000112537624000018/0001125376-24-000018-index.htm", "finalLink": "https://www.sec.gov/Archives/edgar/data/1125376/000112537624000018/ensg-20231231.htm", "calculatedOtherExpenses": 72387000, "calculatedOperatingExpenses": 335392000, "calculatedNetInterest": -8087000, "calculatedOtherIncome": 25482000, "calculatedIncomeNonControlling": 451000, "calculatedEbitda": 327754000}, {"date": "2022-12-31", "symbol": "ENSG", "reportedCurrency": "USD", "cik": "0001125376", "fillingDate": "2023-02-02", "acceptedDate": "2023-02-02 16:01:05", "calendarYear": "2022", "period": "FY", "revenue": 3025468000, "costOfRevenue": 2507483000, "grossProfit": 517985000, "grossProfitRatio": 0.171208223, "researchAndDevelopmentExpenses": 0, "generalAndAdministrativeExpenses": 158805000, "sellingAndMarketingExpenses": 0, "sellingGeneralAndAdministrativeExpenses": 158805000, "otherExpenses": 62355000, "operatingExpenses": 221160000, "costAndExpenses": 2728643000, "interestIncome": 8931000, "interestExpense": 8931000, "depreciationAndAmortization": 63550000, "ebitda": 360375000, "ebitdaratio": 0.1191138032, "operatingIncome": 296825000, "operatingIncomeRatio": 0.0981087885, "totalOtherIncomeExpensesNet": -7736000, "incomeBeforeTax": 289089000, "incomeBeforeTaxRatio": 0.0955518287, "incomeTaxExpense": 64437000, "netIncome": 224681000, "netIncomeRatio": 0.0742632214, "eps": 4.09, "epsdiluted": 3.95, "weightedAverageShsOut": 54887000, "weightedAverageShsOutDil": 56871000, "link": "https://www.sec.gov/Archives/edgar/data/1125376/000112537623000018/0001125376-23-000018-index.htm", "finalLink": "https://www.sec.gov/Archives/edgar/data/1125376/000112537623000018/ensg-20221231.htm", "calculatedOtherExpenses": 62355000, "calculatedOperatingExpenses": 221160000, "calculatedNetInterest": 0, "calculatedOtherIncome": -7736000, "calculatedIncomeNonControlling": -29000, "calculatedEbitda": 360375000}, {"date": "2021-12-31", "symbol": "ENSG", "reportedCurrency": "USD", "cik": "0001125376", "fillingDate": "2022-02-09", "acceptedDate": "2022-02-09 16:14:43", "calendarYear": "2021", "period": "FY", "revenue": 2627461000, "costOfRevenue": 2159250000, "grossProfit": 468211000, "grossProfitRatio": 0.1781990294, "researchAndDevelopmentExpenses": 0, "generalAndAdministrativeExpenses": 151761000, "sellingAndMarketingExpenses": 0, "sellingGeneralAndAdministrativeExpenses": 151761000, "otherExpenses": 55985000, "operatingExpenses": 207746000, "costAndExpenses": 2366996000, "interestIncome": 4388000, "interestExpense": 6849000, "depreciationAndAmortization": 60373000, "ebitda": 320838000, "ebitdaratio": 0.1221095194, "operatingIncome": 260465000, "operatingIncomeRatio": 0.0991318235, "totalOtherIncomeExpensesNet": -2461000, "incomeBeforeTax": 258004000, "incomeBeforeTaxRatio": 0.0981951778, "incomeTaxExpense": 60279000, "netIncome": 194652000, "netIncomeRatio": 0.0740836876, "eps": 3.57, "epsdiluted": 3.42, "weightedAverageShsOut": 54486000, "weightedAverageShsOutDil": 56925000, "link": "https://www.sec.gov/Archives/edgar/data/1125376/000112537622000019/0001125376-22-000019-index.htm", "finalLink": "https://www.sec.gov/Archives/edgar/data/1125376/000112537622000019/ensg-20211231.htm", "calculatedOtherExpenses": 55985000, "calculatedOperatingExpenses": 207746000, "calculatedNetInterest": -2461000, "calculatedOtherIncome": 0, "calculatedIncomeNonControlling": 3073000, "calculatedEbitda": 320838000}, {"date": "2020-12-31", "symbol": "ENSG", "reportedCurrency": "USD", "cik": "0001125376", "fillingDate": "2021-02-03", "acceptedDate": "2021-02-03 16:05:21", "calendarYear": "2020", "period": "FY", "revenue": 2402596000, "costOfRevenue": 1995127000, "grossProfit": 407469000, "grossProfitRatio": 0.1695953044, "researchAndDevelopmentExpenses": 0, "generalAndAdministrativeExpenses": 129743000, "sellingAndMarketingExpenses": 0, "sellingGeneralAndAdministrativeExpenses": 129743000, "otherExpenses": 54571000, "operatingExpenses": 184314000, "costAndExpenses": 2179441000, "interestIncome": 3813000, "interestExpense": 9362000, "depreciationAndAmortization": 58384000, "ebitda": 281539000, "ebitdaratio": 0.1171811657, "operatingIncome": 223155000, "operatingIncomeRatio": 0.092880784, "totalOtherIncomeExpensesNet": -5549000, "incomeBeforeTax": 217606000, "incomeBeforeTaxRatio": 0.0905711988, "incomeTaxExpense": 46242000, "netIncome": 170478000, "netIncomeRatio": 0.0709557495, "eps": 3.19, "epsdiluted": 3.06, "weightedAverageShsOut": 53434000, "weightedAverageShsOutDil": 55787000, "link": "https://www.sec.gov/Archives/edgar/data/1125376/000112537621000020/0001125376-21-000020-index.htm", "finalLink": "https://www.sec.gov/Archives/edgar/data/1125376/000112537621000020/ensg-20201231.htm", "calculatedOtherExpenses": 54571000, "calculatedOperatingExpenses": 184314000, "calculatedNetInterest": -5549000, "calculatedOtherIncome": 0, "calculatedIncomeNonControlling": 886000, "calculatedEbitda": 281539000}, {"date": "2019-12-31", "symbol": "ENSG", "reportedCurrency": "USD", "cik": "0001125376", "fillingDate": "2020-02-05", "acceptedDate": "2020-02-05 16:16:59", "calendarYear": "2019", "period": "FY", "revenue": 2036524000, "costOfRevenue": 1745417000, "grossProfit": 291107000, "grossProfitRatio": 0.1429430736, "researchAndDevelopmentExpenses": 0, "generalAndAdministrativeExpenses": 110873000, "sellingAndMarketingExpenses": 0, "sellingGeneralAndAdministrativeExpenses": 110873000, "otherExpenses": 51054000, "operatingExpenses": 161927000, "costAndExpenses": 1907344000, "interestIncome": 2649000, "interestExpense": 15662000, "depreciationAndAmortization": 53703000, "ebitda": 182883000, "ebitdaratio": 0.0898015442, "operatingIncome": 129180000, "operatingIncomeRatio": 0.0634316119, "totalOtherIncomeExpensesNet": -13013000, "incomeBeforeTax": 116167000, "incomeBeforeTaxRatio": 0.0570418026, "incomeTaxExpense": 23954000, "netIncome": 110534000, "netIncomeRatio": 0.0542758151, "eps": 2.07, "epsdiluted": 1.97, "weightedAverageShsOut": 53452000, "weightedAverageShsOutDil": 55981000, "link": "https://www.sec.gov/Archives/edgar/data/1125376/000112537620000018/0001125376-20-000018-index.htm", "finalLink": "https://www.sec.gov/Archives/edgar/data/1125376/000112537620000018/ensg1231201910k.htm", "calculatedOtherExpenses": 51054000, "calculatedOperatingExpenses": 161927000, "calculatedNetInterest": -13013000, "calculatedOtherIncome": 0, "calculatedIncomeNonControlling": -18321000, "calculatedEbitda": 182883000}, {"date": "2018-12-31", "symbol": "ENSG", "reportedCurrency": "USD", "cik": "0001125376", "fillingDate": "2019-02-06", "acceptedDate": "2019-02-06 16:07:11", "calendarYear": "2018", "period": "FY", "revenue": 2073469000, "costOfRevenue": 1798994000, "grossProfit": 274475000, "grossProfitRatio": 0.1323747787, "researchAndDevelopmentExpenses": 0, "generalAndAdministrativeExpenses": 100307000, "sellingAndMarketingExpenses": 0, "sellingGeneralAndAdministrativeExpenses": 100307000, "otherExpenses": 47344000, "operatingExpenses": 147651000, "costAndExpenses": 1946645000, "interestIncome": 2063000, "interestExpense": 15182000, "depreciationAndAmortization": 47344000, "ebitda": 176231000, "ebitdaratio": 0.0849933131, "operatingIncome": 128488000, "operatingIncomeRatio": 0.0619676494, "totalOtherIncomeExpensesNet": 1664000, "incomeBeforeTax": 115369000, "incomeBeforeTaxRatio": 0.0556405714, "incomeTaxExpense": 22841000, "netIncome": 92364000, "netIncomeRatio": 0.0445456383, "eps": 1.78, "epsdiluted": 1.7, "weightedAverageShsOut": 52016000, "weightedAverageShsOutDil": 54397000, "link": "https://www.sec.gov/Archives/edgar/data/1125376/000112537619000016/0001125376-19-000016-index.htm", "finalLink": "https://www.sec.gov/Archives/edgar/data/1125376/000112537619000016/ensg1231201810k.htm", "calculatedOtherExpenses": 45680000, "calculatedOperatingExpenses": 145987000, "calculatedNetInterest": -13119000, "calculatedOtherIncome": 0, "calculatedIncomeNonControlling": 164000, "calculatedEbitda": 175832000}, {"date": "2017-12-31", "symbol": "ENSG", "reportedCurrency": "USD", "cik": "0001125376", "fillingDate": "2018-02-08", "acceptedDate": "2018-02-08 16:36:40", "calendarYear": "2017", "period": "FY", "revenue": 1849317000, "costOfRevenue": 1629622000, "grossProfit": 219695000, "grossProfitRatio": 0.118797913, "researchAndDevelopmentExpenses": 0, "generalAndAdministrativeExpenses": 80617000, "sellingAndMarketingExpenses": 0, "sellingGeneralAndAdministrativeExpenses": 80617000, "otherExpenses": 44472000, "operatingExpenses": 125089000, "costAndExpenses": 1754711000, "interestIncome": 1609000, "interestExpense": 13616000, "depreciationAndAmortization": 44472000, "ebitda": 140687000, "ebitdaratio": 0.0760751131, "operatingIncome": 81285000, "operatingIncomeRatio": 0.0439540652, "totalOtherIncomeExpensesNet": -13321000, "incomeBeforeTax": 69278000, "incomeBeforeTaxRatio": 0.0374613979, "incomeTaxExpense": 28445000, "netIncome": 40475000, "netIncomeRatio": 0.0218864586, "eps": 0.79, "epsdiluted": 0.77, "weightedAverageShsOut": 50932000, "weightedAverageShsOutDil": 52829000, "link": "https://www.sec.gov/Archives/edgar/data/1125376/000112537618000028/0001125376-18-000028-index.htm", "finalLink": "https://www.sec.gov/Archives/edgar/data/1125376/000112537618000028/ensg1231201710k.htm", "calculatedOtherExpenses": 57793000, "calculatedOperatingExpenses": 138410000, "calculatedNetInterest": -12007000, "calculatedOtherIncome": 0, "calculatedIncomeNonControlling": 358000, "calculatedEbitda": 125757000}, {"date": "2016-12-31", "symbol": "ENSG", "reportedCurrency": "USD", "cik": "0001125376", "fillingDate": "2017-02-08", "acceptedDate": "2017-02-08 16:05:10", "calendarYear": "2016", "period": "FY", "revenue": 1654864000, "costOfRevenue": 1466395000, "grossProfit": 188469000, "grossProfitRatio": 0.1138879086, "researchAndDevelopmentExpenses": 0, "generalAndAdministrativeExpenses": 69165000, "sellingAndMarketingExpenses": 0, "sellingGeneralAndAdministrativeExpenses": 69165000, "otherExpenses": 38682000, "operatingExpenses": 107847000, "costAndExpenses": 1574242000, "interestIncome": 1107000, "interestExpense": 7136000, "depreciationAndAmortization": 38682000, "ebitda": 120411000, "ebitdaratio": 0.0727618705, "operatingIncome": 91847000, "operatingIncomeRatio": 0.0555012376, "totalOtherIncomeExpensesNet": 11225000, "incomeBeforeTax": 85818000, "incomeBeforeTaxRatio": 0.0518580379, "incomeTaxExpense": 32975000, "netIncome": 49990000, "netIncomeRatio": 0.0302079204, "eps": 0.99, "epsdiluted": 0.96, "weightedAverageShsOut": 50555000, "weightedAverageShsOutDil": 52133000, "link": "https://www.sec.gov/Archives/edgar/data/1125376/000112537617000013/0001125376-17-000013-index.htm", "finalLink": "https://www.sec.gov/Archives/edgar/data/1125376/000112537617000013/ensg1231201610k.htm", "calculatedOtherExpenses": 27457000, "calculatedOperatingExpenses": 96622000, "calculatedNetInterest": -6029000, "calculatedOtherIncome": 0, "calculatedIncomeNonControlling": 2853000, "calculatedEbitda": 130529000}, {"date": "2015-12-31", "symbol": "ENSG", "reportedCurrency": "USD", "cik": "0001125376", "fillingDate": "2016-02-10", "acceptedDate": "2016-02-10 16:07:06", "calendarYear": "2015", "period": "FY", "revenue": 1341826000, "costOfRevenue": 1156470000, "grossProfit": 185356000, "grossProfitRatio": 0.1381371355, "researchAndDevelopmentExpenses": 0, "generalAndAdministrativeExpenses": 64163000, "sellingAndMarketingExpenses": 0, "sellingGeneralAndAdministrativeExpenses": 64163000, "otherExpenses": 28111000, "operatingExpenses": 92274000, "costAndExpenses": 1248744000, "interestIncome": 845000, "interestExpense": 2828000, "depreciationAndAmortization": 28111000, "ebitda": 122038000, "ebitdaratio": 0.0909491991, "operatingIncome": 93082000, "operatingIncomeRatio": 0.06936965, "totalOtherIncomeExpensesNet": -1983000, "incomeBeforeTax": 91099000, "incomeBeforeTaxRatio": 0.0678918131, "incomeTaxExpense": 35182000, "netIncome": 55432000, "netIncomeRatio": 0.0413108704, "eps": 1.1, "epsdiluted": 1.06, "weightedAverageShsOut": 50316000, "weightedAverageShsOutDil": 52210000, "link": "https://www.sec.gov/Archives/edgar/data/1125376/000112537616000142/0001125376-16-000142-index.htm", "finalLink": "https://www.sec.gov/Archives/edgar/data/1125376/000112537616000142/ensg2015annualreport.htm", "calculatedOtherExpenses": 28111000, "calculatedOperatingExpenses": 92274000, "calculatedNetInterest": -1983000, "calculatedOtherIncome": 0, "calculatedIncomeNonControlling": 485000, "calculatedEbitda": 121193000}, {"date": "2014-12-31", "symbol": "ENSG", "reportedCurrency": "USD", "cik": "0001125376", "fillingDate": "2015-02-09", "acceptedDate": "2015-02-09 16:03:34", "calendarYear": "2014", "period": "FY", "revenue": 1027406000, "costOfRevenue": 871157000, "grossProfit": 156249000, "grossProfitRatio": 0.1520810663, "researchAndDevelopmentExpenses": 0, "generalAndAdministrativeExpenses": 56895000, "sellingAndMarketingExpenses": 0, "sellingGeneralAndAdministrativeExpenses": 56895000, "otherExpenses": 26430000, "operatingExpenses": 83325000, "costAndExpenses": 954482000, "interestIncome": 594000, "interestExpense": 12976000, "depreciationAndAmortization": 26430000, "ebitda": 99948000, "ebitdaratio": 0.0972818925, "operatingIncome": 72924000, "operatingIncomeRatio": 0.0709787562, "totalOtherIncomeExpensesNet": -12382000, "incomeBeforeTax": 60542000, "incomeBeforeTaxRatio": 0.0589270454, "incomeTaxExpense": 26801000, "netIncome": 35950000, "netIncomeRatio": 0.0349910357, "eps": 0.8, "epsdiluted": 0.78, "weightedAverageShsOut": 44682000, "weightedAverageShsOutDil": 46190000, "link": "https://www.sec.gov/Archives/edgar/data/1125376/000112537615000019/0001125376-15-000019-index.htm", "finalLink": "https://www.sec.gov/Archives/edgar/data/1125376/000112537615000019/ensg12311410k.htm", "calculatedOtherExpenses": 26430000, "calculatedOperatingExpenses": 83325000, "calculatedNetInterest": -12382000, "calculatedOtherIncome": 0, "calculatedIncomeNonControlling": -2209000, "calculatedEbitda": 99354000}, {"date": "2013-12-31", "symbol": "ENSG", "reportedCurrency": "USD", "cik": "0001125376", "fillingDate": "2014-02-13", "acceptedDate": "2014-02-13 17:26:18", "calendarYear": "2013", "period": "FY", "revenue": 904556000, "costOfRevenue": 739602000, "grossProfit": 164954000, "grossProfitRatio": 0.18235908, "researchAndDevelopmentExpenses": 0, "generalAndAdministrativeExpenses": 40103000, "sellingAndMarketingExpenses": 0, "sellingGeneralAndAdministrativeExpenses": 40103000, "otherExpenses": 33909000, "operatingExpenses": 74012000, "costAndExpenses": 813614000, "interestIncome": 506000, "interestExpense": 12787000, "depreciationAndAmortization": 33942000, "ebitda": 125390000, "ebitdaratio": 0.1386204945, "operatingIncome": 57942000, "operatingIncomeRatio": 0.0640557356, "totalOtherIncomeExpensesNet": -33000000, "incomeBeforeTax": 45661000, "incomeBeforeTaxRatio": 0.050478909, "incomeTaxExpense": 20003000, "netIncome": 24040000, "netIncomeRatio": 0.0265765746, "eps": 0.55, "epsdiluted": 0.54, "weightedAverageShsOut": 43800000, "weightedAverageShsOutDil": 44728000, "link": "https://www.sec.gov/Archives/edgar/data/1125376/000112537614000008/0001125376-14-000008-index.htm", "finalLink": "https://www.sec.gov/Archives/edgar/data/1125376/000112537614000008/ensg12311310k.htm", "calculatedOtherExpenses": 66909000, "calculatedOperatingExpenses": 107012000, "calculatedNetInterest": -12281000, "calculatedOtherIncome": 0, "calculatedIncomeNonControlling": 1618000, "calculatedEbitda": 91884000}, {"date": "2012-12-31", "symbol": "ENSG", "reportedCurrency": "USD", "cik": "0001125376", "fillingDate": "2013-02-13", "acceptedDate": "2013-02-13 16:04:20", "calendarYear": "2012", "period": "FY", "revenue": 824719000, "costOfRevenue": 673389000, "grossProfit": 151330000, "grossProfitRatio": 0.1834928018, "researchAndDevelopmentExpenses": 0, "generalAndAdministrativeExpenses": 31819000, "sellingAndMarketingExpenses": 0, "sellingGeneralAndAdministrativeExpenses": 31819000, "otherExpenses": 28464000, "operatingExpenses": 60283000, "costAndExpenses": 733672000, "interestIncome": 255000, "interestExpense": 12229000, "depreciationAndAmortization": 28464000, "ebitda": 119766000, "ebitdaratio": 0.145220372, "operatingIncome": 76047000, "operatingIncomeRatio": 0.092209589, "totalOtherIncomeExpensesNet": -15000000, "incomeBeforeTax": 64073000, "incomeBeforeTaxRatio": 0.0776907043, "incomeTaxExpense": 24265000, "netIncome": 40591000, "netIncomeRatio": 0.0492179761, "eps": 0.95, "epsdiluted": 0.93, "weightedAverageShsOut": 42858000, "weightedAverageShsOutDil": 43884000, "link": "https://www.sec.gov/Archives/edgar/data/1125376/000112537613000022/0001125376-13-000022-index.htm", "finalLink": "https://www.sec.gov/Archives/edgar/data/1125376/000112537613000022/ensg12311210k.htm", "calculatedOtherExpenses": 43464000, "calculatedOperatingExpenses": 75283000, "calculatedNetInterest": -11974000, "calculatedOtherIncome": 0, "calculatedIncomeNonControlling": -783000, "calculatedEbitda": 104511000}, {"date": "2011-12-31", "symbol": "ENSG", "reportedCurrency": "USD", "cik": "0001125376", "fillingDate": "2012-02-16", "acceptedDate": "2012-02-15 17:47:37", "calendarYear": "2011", "period": "FY", "revenue": 758277000, "costOfRevenue": 614529000, "grossProfit": 143748000, "grossProfitRatio": 0.1895718847, "researchAndDevelopmentExpenses": 0, "generalAndAdministrativeExpenses": 29766000, "sellingAndMarketingExpenses": 0, "sellingGeneralAndAdministrativeExpenses": 29766000, "otherExpenses": 23286000, "operatingExpenses": 53052000, "costAndExpenses": 667581000, "interestIncome": 249000, "interestExpense": 13778000, "depreciationAndAmortization": 24003000, "ebitda": 114948000, "ebitdaratio": 0.1515910413, "operatingIncome": 90696000, "operatingIncomeRatio": 0.119608006, "totalOtherIncomeExpensesNet": -13529000, "incomeBeforeTax": 77167000, "incomeBeforeTaxRatio": 0.1017662411, "incomeTaxExpense": 29492000, "netIncome": 47675000, "netIncomeRatio": 0.0628728024, "eps": 1.14, "epsdiluted": 1.11, "weightedAverageShsOut": 41934000, "weightedAverageShsOutDil": 43166000, "link": "https://www.sec.gov/Archives/edgar/data/1125376/000112537612000007/0001125376-12-000007-index.htm", "finalLink": "https://www.sec.gov/Archives/edgar/data/1125376/000112537612000007/ensg12311110k.htm", "calculatedOtherExpenses": 23286000, "calculatedOperatingExpenses": 53052000, "calculatedNetInterest": -13529000, "calculatedOtherIncome": 0, "calculatedIncomeNonControlling": 0, "calculatedEbitda": 114699000}, {"date": "2010-12-31", "symbol": "ENSG", "reportedCurrency": "USD", "cik": "0001125376", "fillingDate": "2011-02-16", "acceptedDate": "2011-02-16 17:28:16", "calendarYear": "2010", "period": "FY", "revenue": 649532000, "costOfRevenue": 531146000, "grossProfit": 118386000, "grossProfitRatio": 0.1822635374, "researchAndDevelopmentExpenses": 0, "generalAndAdministrativeExpenses": 26099000, "sellingAndMarketingExpenses": 0, "sellingGeneralAndAdministrativeExpenses": 26099000, "otherExpenses": 16633000, "operatingExpenses": 42732000, "costAndExpenses": 573878000, "interestIncome": 248000, "interestExpense": 9123000, "depreciationAndAmortization": 16633000, "ebitda": 92535000, "ebitdaratio": 0.1424641126, "operatingIncome": 75654000, "operatingIncomeRatio": 0.116474631, "totalOtherIncomeExpensesNet": -8875000, "incomeBeforeTax": 66779000, "incomeBeforeTaxRatio": 0.102810947, "incomeTaxExpense": 26253000, "netIncome": 40526000, "netIncomeRatio": 0.062392615, "eps": 0.98, "epsdiluted": 0.96, "weightedAverageShsOut": 41488000, "weightedAverageShsOutDil": 42318000, "link": "https://www.sec.gov/Archives/edgar/data/1125376/000144530511000273/0001445305-11-000273-index.htm", "finalLink": "https://www.sec.gov/Archives/edgar/data/1125376/000144530511000273/ensg12311010k.htm", "calculatedOtherExpenses": 16633000, "calculatedOperatingExpenses": 42732000, "calculatedNetInterest": -8875000, "calculatedOtherIncome": 0, "calculatedIncomeNonControlling": 0, "calculatedEbitda": 92287000}, {"date": "2009-12-31", "symbol": "ENSG", "reportedCurrency": "USD", "cik": "0001125376", "fillingDate": "2010-02-17", "acceptedDate": "2010-02-17 17:19:44", "calendarYear": "2009", "period": "FY", "revenue": 542002000, "costOfRevenue": 449021000, "grossProfit": 92981000, "grossProfitRatio": 0.1715510275, "researchAndDevelopmentExpenses": 0, "generalAndAdministrativeExpenses": 20767000, "sellingAndMarketingExpenses": 0, "sellingGeneralAndAdministrativeExpenses": 20767000, "otherExpenses": 13276000, "operatingExpenses": 34043000, "costAndExpenses": 483064000, "interestIncome": 279000, "interestExpense": 5691000, "depreciationAndAmortization": 13276000, "ebitda": 72493000, "ebitdaratio": 0.133750429, "operatingIncome": 58938000, "operatingIncomeRatio": 0.1087412962, "totalOtherIncomeExpensesNet": -5412000, "incomeBeforeTax": 53526000, "incomeBeforeTaxRatio": 0.0987560932, "incomeTaxExpense": 21040000, "netIncome": 32486000, "netIncomeRatio": 0.0599370482, "eps": 0.79, "epsdiluted": 0.78, "weightedAverageShsOut": 41206000, "weightedAverageShsOutDil": 41850000, "link": "https://www.sec.gov/Archives/edgar/data/1125376/000095012310013769/0000950123-10-013769-index.htm", "finalLink": "https://www.sec.gov/Archives/edgar/data/1125376/000095012310013769/a55233e10vk.htm", "calculatedOtherExpenses": 13276000, "calculatedOperatingExpenses": 34043000, "calculatedNetInterest": -5412000, "calculatedOtherIncome": 0, "calculatedIncomeNonControlling": 0, "calculatedEbitda": 72214000}, {"date": "2008-12-31", "symbol": "ENSG", "reportedCurrency": "USD", "cik": "0001125376", "fillingDate": "2009-02-18", "acceptedDate": "2009-02-18 16:36:58", "calendarYear": "2008", "period": "FY", "revenue": 469372000, "costOfRevenue": 391674000, "grossProfit": 77698000, "grossProfitRatio": 0.165536078, "researchAndDevelopmentExpenses": 0, "generalAndAdministrativeExpenses": 20017000, "sellingAndMarketingExpenses": 0, "sellingGeneralAndAdministrativeExpenses": 20017000, "otherExpenses": 9026000, "operatingExpenses": 29043000, "costAndExpenses": 420717000, "interestIncome": 1374000, "interestExpense": 4784000, "depreciationAndAmortization": 9136000, "ebitda": 59165000, "ebitdaratio": 0.1260514049, "operatingIncome": 48655000, "operatingIncomeRatio": 0.1036597837, "totalOtherIncomeExpensesNet": -3410000, "incomeBeforeTax": 45245000, "incomeBeforeTaxRatio": 0.0963947573, "incomeTaxExpense": 17736000, "netIncome": 27509000, "netIncomeRatio": 0.0586080976, "eps": 0.67, "epsdiluted": 0.67, "weightedAverageShsOut": 41040000, "weightedAverageShsOutDil": 41430000, "link": "https://www.sec.gov/Archives/edgar/data/1125376/000089256909000090/0000892569-09-000090-index.htm", "finalLink": "https://www.sec.gov/Archives/edgar/data/1125376/000089256909000090/a51496e10vk.htm", "calculatedOtherExpenses": 9026000, "calculatedOperatingExpenses": 29043000, "calculatedNetInterest": -3410000, "calculatedOtherIncome": 0, "calculatedIncomeNonControlling": 0, "calculatedEbitda": 57791000}, {"date": "2007-12-31", "symbol": "ENSG", "reportedCurrency": "USD", "cik": "0001125376", "fillingDate": "2008-03-06", "acceptedDate": "2008-03-06 17:11:57", "calendarYear": "2007", "period": "FY", "revenue": 411318000, "costOfRevenue": 351689000, "grossProfit": 59629000, "grossProfitRatio": 0.1449705581, "researchAndDevelopmentExpenses": 0, "generalAndAdministrativeExpenses": 15945000, "sellingAndMarketingExpenses": 0, "sellingGeneralAndAdministrativeExpenses": 15945000, "otherExpenses": 6966000, "operatingExpenses": 22911000, "costAndExpenses": 374600000, "interestIncome": 1558000, "interestExpense": -4844000, "depreciationAndAmortization": 6978000, "ebitda": 43696000, "ebitdaratio": 0.106234106, "operatingIncome": 36718000, "operatingIncomeRatio": 0.08926913, "totalOtherIncomeExpensesNet": -3286000, "incomeBeforeTax": 33432000, "incomeBeforeTaxRatio": 0.0812801774, "incomeTaxExpense": 12905000, "netIncome": 20527000, "netIncomeRatio": 0.049905426, "eps": 0.7, "epsdiluted": 0.59, "weightedAverageShsOut": 28994000, "weightedAverageShsOutDil": 34940000, "link": "https://www.sec.gov/Archives/edgar/data/1125376/000089256908000267/0000892569-08-000267-index.htm", "finalLink": "https://www.sec.gov/Archives/edgar/data/1125376/000089256908000267/a38242e10vk.htm", "calculatedOtherExpenses": 6966000, "calculatedOperatingExpenses": 22911000, "calculatedNetInterest": 6402000, "calculatedOtherIncome": -9688000, "calculatedIncomeNonControlling": 0, "calculatedEbitda": 43696000}, {"date": "2006-12-31", "symbol": "ENSG", "reportedCurrency": "USD", "cik": "0001125376", "fillingDate": "2006-12-31", "acceptedDate": "2006-12-30 19:00:00", "calendarYear": "2006", "period": "FY", "revenue": 358574000, "costOfRevenue": 301251000, "grossProfit": 57323000, "grossProfitRatio": 0.1598637938, "researchAndDevelopmentExpenses": 0, "generalAndAdministrativeExpenses": 0, "sellingAndMarketingExpenses": 0, "sellingGeneralAndAdministrativeExpenses": 14210000, "otherExpenses": 4221000, "operatingExpenses": 18431000, "costAndExpenses": 319682000, "interestIncome": 0, "interestExpense": 0, "depreciationAndAmortization": 4221000, "ebitda": 43113000, "ebitdaratio": 0.1202345959, "operatingIncome": 38892000, "operatingIncomeRatio": 0.1084629672, "totalOtherIncomeExpensesNet": -2218000, "incomeBeforeTax": 36674000, "incomeBeforeTaxRatio": 0.1022773542, "incomeTaxExpense": 14125000, "netIncome": 22549000, "netIncomeRatio": 0.0628852064, "eps": 0.83, "epsdiluted": 0.67, "weightedAverageShsOut": 26731364, "weightedAverageShsOutDil": 33646484, "link": "", "finalLink": "", "calculatedOtherExpenses": 4221000, "calculatedOperatingExpenses": 18431000, "calculatedNetInterest": 0, "calculatedOtherIncome": -2218000, "calculatedIncomeNonControlling": 0, "calculatedEbitda": 43113000}, {"date": "2005-12-31", "symbol": "ENSG", "reportedCurrency": "USD", "cik": "0001125376", "fillingDate": "2005-12-31", "acceptedDate": "2005-12-30 19:00:00", "calendarYear": "2005", "period": "FY", "revenue": 300850000, "costOfRevenue": 255497000, "grossProfit": 45353000, "grossProfitRatio": 0.150749543, "researchAndDevelopmentExpenses": 0, "generalAndAdministrativeExpenses": 0, "sellingAndMarketingExpenses": 0, "sellingGeneralAndAdministrativeExpenses": 10909000, "otherExpenses": 2458000, "operatingExpenses": 13367000, "costAndExpenses": 268864000, "interestIncome": 0, "interestExpense": 0, "depreciationAndAmortization": 2458000, "ebitda": 34444000, "ebitdaratio": 0.114488948, "operatingIncome": 31986000, "operatingIncomeRatio": 0.1063187635, "totalOtherIncomeExpensesNet": -1544000, "incomeBeforeTax": 30442000, "incomeBeforeTaxRatio": 0.1011866379, "incomeTaxExpense": 12054000, "netIncome": 18388000, "netIncomeRatio": 0.0611201595, "eps": 0.68, "epsdiluted": 0.53, "weightedAverageShsOut": 26936120, "weightedAverageShsOutDil": 35010080, "link": "", "finalLink": "", "calculatedOtherExpenses": 2458000, "calculatedOperatingExpenses": 13367000, "calculatedNetInterest": 0, "calculatedOtherIncome": -1544000, "calculatedIncomeNonControlling": 0, "calculatedEbitda": 34444000}, {"date": "2004-12-31", "symbol": "ENSG", "reportedCurrency": "USD", "cik": "0001125376", "fillingDate": "2004-12-31", "acceptedDate": "2004-12-30 19:00:00", "calendarYear": "2004", "period": "FY", "revenue": 244536000, "costOfRevenue": 0, "grossProfit": 244536000, "grossProfitRatio": 1, "researchAndDevelopmentExpenses": 0, "generalAndAdministrativeExpenses": 0, "sellingAndMarketingExpenses": 0, "sellingGeneralAndAdministrativeExpenses": 0, "otherExpenses": 0, "operatingExpenses": 0, "costAndExpenses": 0, "interestIncome": 0, "interestExpense": 0, "depreciationAndAmortization": 0, "ebitda": 244536000, "ebitdaratio": 1, "operatingIncome": 244536000, "operatingIncomeRatio": 1, "totalOtherIncomeExpensesNet": 0, "incomeBeforeTax": 0, "incomeBeforeTaxRatio": 0, "incomeTaxExpense": -11103000, "netIncome": 11103000, "netIncomeRatio": 0.0454043576, "eps": 0.42, "epsdiluted": 0.32, "weightedAverageShsOut": 26569804, "weightedAverageShsOutDil": 35038064, "link": "", "finalLink": "", "calculatedOtherExpenses": 0, "calculatedOperatingExpenses": 0, "calculatedNetInterest": 0, "calculatedOtherIncome": -244536000, "calculatedIncomeNonControlling": 0, "calculatedEbitda": 244536000}, {"date": "2003-12-31", "symbol": "ENSG", "reportedCurrency": "USD", "cik": "0001125376", "fillingDate": "2003-12-31", "acceptedDate": "2003-12-30 19:00:00", "calendarYear": "2003", "period": "FY", "revenue": 158007000, "costOfRevenue": 128522000, "grossProfit": 29485000, "grossProfitRatio": 0.1866056567, "researchAndDevelopmentExpenses": 0, "generalAndAdministrativeExpenses": 0, "sellingAndMarketingExpenses": 0, "sellingGeneralAndAdministrativeExpenses": 6246000, "otherExpenses": 11193000, "operatingExpenses": 17439000, "costAndExpenses": 145961000, "interestIncome": 0, "interestExpense": 0, "depreciationAndAmortization": 1229000, "ebitda": 13275000, "ebitdaratio": 0.0840152651, "operatingIncome": 12046000, "operatingIncomeRatio": 0.0762371287, "totalOtherIncomeExpensesNet": -1264000, "incomeBeforeTax": 10782000, "incomeBeforeTaxRatio": 0.0682374831, "incomeTaxExpense": 4284000, "netIncome": 6498000, "netIncomeRatio": 0.0411247603, "eps": 0.25, "epsdiluted": 0.19, "weightedAverageShsOut": 25810000, "weightedAverageShsOutDil": 33970000, "link": "", "finalLink": "", "calculatedOtherExpenses": 11193000, "calculatedOperatingExpenses": 17439000, "calculatedNetInterest": 0, "calculatedOtherIncome": -1264000, "calculatedIncomeNonControlling": 0, "calculatedEbitda": 13275000}, {"date": "2002-12-31", "symbol": "ENSG", "reportedCurrency": "USD", "cik": "0001125376", "fillingDate": "2002-12-31", "acceptedDate": "2002-12-30 19:00:00", "calendarYear": "2002", "period": "FY", "revenue": 102103000, "costOfRevenue": 84380000, "grossProfit": 17723000, "grossProfitRatio": 0.1735796206, "researchAndDevelopmentExpenses": 0, "generalAndAdministrativeExpenses": 0, "sellingAndMarketingExpenses": 0, "sellingGeneralAndAdministrativeExpenses": 4115000, "otherExpenses": 7692000, "operatingExpenses": 11807000, "costAndExpenses": 96187000, "interestIncome": 0, "interestExpense": 0, "depreciationAndAmortization": 915000, "ebitda": 6831000, "ebitdaratio": 0.0669030293, "operatingIncome": 5916000, "operatingIncomeRatio": 0.0579414905, "totalOtherIncomeExpensesNet": -1096000, "incomeBeforeTax": 4820000, "incomeBeforeTaxRatio": 0.0472072319, "incomeTaxExpense": 1256000, "netIncome": 3564000, "netIncomeRatio": 0.0349059283, "eps": 0.14, "epsdiluted": 0.11, "weightedAverageShsOut": 25403148, "weightedAverageShsOutDil": 33143372, "link": "", "finalLink": "", "calculatedOtherExpenses": 7692000, "calculatedOperatingExpenses": 11807000, "calculatedNetInterest": 0, "calculatedOtherIncome": -1096000, "calculatedIncomeNonControlling": 0, "calculatedEbitda": 6831000}]}