{"originalCurrency": "USD", "convertedCurrency": "USD", "report": [{"date": "2023-12-31", "symbol": "ENTG", "reportedCurrency": "USD", "cik": "0001101302", "fillingDate": "2024-02-15", "acceptedDate": "2024-02-14 21:58:44", "calendarYear": "2023", "period": "FY", "revenue": 3523926000, "costOfRevenue": 2026321000, "grossProfit": 1497605000, "grossProfitRatio": 0.4249819661, "researchAndDevelopmentExpenses": 277313000, "generalAndAdministrativeExpenses": 521908000, "sellingAndMarketingExpenses": 0, "sellingGeneralAndAdministrativeExpenses": 521908000, "otherExpenses": -629000, "operatingExpenses": 1013698000, "costAndExpenses": 3040019000, "interestIncome": 11257000, "interestExpense": 312378000, "depreciationAndAmortization": 387160000, "ebitda": 881695000, "ebitdaratio": 0.250202473, "operatingIncome": 499158000, "operatingIncomeRatio": 0.1416482639, "totalOtherIncomeExpensesNet": -10116000, "incomeBeforeTax": 172670000, "incomeBeforeTaxRatio": 0.0489993263, "incomeTaxExpense": -8413000, "netIncome": 180669000, "netIncomeRatio": 0.0512692378, "eps": 1.21, "epsdiluted": 1.2, "weightedAverageShsOut": 149900000, "weightedAverageShsOutDil": 150945000, "link": "https://www.sec.gov/Archives/edgar/data/1101302/000110130224000009/0001101302-24-000009-index.htm", "finalLink": "https://www.sec.gov/Archives/edgar/data/1101302/000110130224000009/entg-20231231.htm", "calculatedOtherExpenses": 199226000, "calculatedOperatingExpenses": 998447000, "calculatedNetInterest": -301121000, "calculatedOtherIncome": -25367000, "calculatedIncomeNonControlling": 414000, "calculatedEbitda": 886318000}, {"date": "2022-12-31", "symbol": "ENTG", "reportedCurrency": "USD", "cik": "0001101302", "fillingDate": "2023-02-23", "acceptedDate": "2023-02-22 18:45:52", "calendarYear": "2022", "period": "FY", "revenue": 3282033000, "costOfRevenue": 1885620000, "grossProfit": 1396413000, "grossProfitRatio": 0.4254719559, "researchAndDevelopmentExpenses": 228994000, "generalAndAdministrativeExpenses": 543485000, "sellingAndMarketingExpenses": 0, "sellingGeneralAndAdministrativeExpenses": 543485000, "otherExpenses": 143953000, "operatingExpenses": 916432000, "costAndExpenses": 2802052000, "interestIncome": 3694000, "interestExpense": 208975000, "depreciationAndAmortization": 255398000, "ebitda": 735379000, "ebitdaratio": 0.2240620372, "operatingIncome": 479981000, "operatingIncomeRatio": 0.1462450256, "totalOtherIncomeExpensesNet": -232901000, "incomeBeforeTax": 247080000, "incomeBeforeTaxRatio": 0.0752826068, "incomeTaxExpense": 38160000, "netIncome": 208920000, "netIncomeRatio": 0.0636556671, "eps": 1.47, "epsdiluted": 1.46, "weightedAverageShsOut": 142294000, "weightedAverageShsOutDil": 143146000, "link": "https://www.sec.gov/Archives/edgar/data/1101302/000110130223000021/0001101302-23-000021-index.htm", "finalLink": "https://www.sec.gov/Archives/edgar/data/1101302/000110130223000021/entg-20221231.htm", "calculatedOtherExpenses": 143953000, "calculatedOperatingExpenses": 916432000, "calculatedNetInterest": -205281000, "calculatedOtherIncome": -27620000, "calculatedIncomeNonControlling": 0, "calculatedEbitda": 735379000}, {"date": "2021-12-31", "symbol": "ENTG", "reportedCurrency": "USD", "cik": "0001101302", "fillingDate": "2022-02-04", "acceptedDate": "2022-02-04 17:03:05", "calendarYear": "2021", "period": "FY", "revenue": 2298893000, "costOfRevenue": 1239229000, "grossProfit": 1059664000, "grossProfitRatio": 0.4609453333, "researchAndDevelopmentExpenses": 167632000, "generalAndAdministrativeExpenses": 292408000, "sellingAndMarketingExpenses": 0, "sellingGeneralAndAdministrativeExpenses": 292408000, "otherExpenses": 47856000, "operatingExpenses": 507896000, "costAndExpenses": 1747125000, "interestIncome": 243000, "interestExpense": 40997000, "depreciationAndAmortization": 106472000, "ebitda": 658240000, "ebitdaratio": 0.2863291158, "operatingIncome": 551768000, "operatingIncomeRatio": 0.2400146505, "totalOtherIncomeExpensesNet": -72692000, "incomeBeforeTax": 479076000, "incomeBeforeTaxRatio": 0.2083942141, "incomeTaxExpense": 69950000, "netIncome": 409126000, "netIncomeRatio": 0.1779665256, "eps": 3.02, "epsdiluted": 3, "weightedAverageShsOut": 135411000, "weightedAverageShsOutDil": 136574000, "link": "https://www.sec.gov/Archives/edgar/data/1101302/000110130222000010/0001101302-22-000010-index.htm", "finalLink": "https://www.sec.gov/Archives/edgar/data/1101302/000110130222000010/entg-20211231.htm", "calculatedOtherExpenses": 47856000, "calculatedOperatingExpenses": 507896000, "calculatedNetInterest": -40754000, "calculatedOtherIncome": -31938000, "calculatedIncomeNonControlling": 0, "calculatedEbitda": 658240000}, {"date": "2020-12-31", "symbol": "ENTG", "reportedCurrency": "USD", "cik": "0001101302", "fillingDate": "2021-02-05", "acceptedDate": "2021-02-05 12:55:20", "calendarYear": "2020", "period": "FY", "revenue": 1859313000, "costOfRevenue": 1009591000, "grossProfit": 849722000, "grossProfitRatio": 0.4570085833, "researchAndDevelopmentExpenses": 136057000, "generalAndAdministrativeExpenses": 265128000, "sellingAndMarketingExpenses": 0, "sellingGeneralAndAdministrativeExpenses": 265128000, "otherExpenses": 53092000, "operatingExpenses": 454277000, "costAndExpenses": 1463868000, "interestIncome": 786000, "interestExpense": 47814000, "depreciationAndAmortization": 143178000, "ebitda": 538623000, "ebitdaratio": 0.2896892562, "operatingIncome": 395445000, "operatingIncomeRatio": 0.2126833944, "totalOtherIncomeExpensesNet": -41158000, "incomeBeforeTax": 354287000, "incomeBeforeTaxRatio": 0.1905472613, "incomeTaxExpense": 59318000, "netIncome": 294969000, "netIncomeRatio": 0.1586440798, "eps": 2.19, "epsdiluted": 2.16, "weightedAverageShsOut": 134837000, "weightedAverageShsOutDil": 136266000, "link": "https://www.sec.gov/Archives/edgar/data/1101302/000110130221000011/0001101302-21-000011-index.htm", "finalLink": "https://www.sec.gov/Archives/edgar/data/1101302/000110130221000011/entg-20201231.htm", "calculatedOtherExpenses": 53092000, "calculatedOperatingExpenses": 454277000, "calculatedNetInterest": -47028000, "calculatedOtherIncome": 5870000, "calculatedIncomeNonControlling": 0, "calculatedEbitda": 538623000}, {"date": "2019-12-31", "symbol": "ENTG", "reportedCurrency": "USD", "cik": "0001101302", "fillingDate": "2020-02-07", "acceptedDate": "2020-02-07 10:15:35", "calendarYear": "2019", "period": "FY", "revenue": 1591066000, "costOfRevenue": 879413000, "grossProfit": 711653000, "grossProfitRatio": 0.4472806282, "researchAndDevelopmentExpenses": 121140000, "generalAndAdministrativeExpenses": 0, "sellingAndMarketingExpenses": 0, "sellingGeneralAndAdministrativeExpenses": 284807000, "otherExpenses": 66428000, "operatingExpenses": 472375000, "costAndExpenses": 1351788000, "interestIncome": 4652000, "interestExpense": 42310000, "depreciationAndAmortization": 141403000, "ebitda": 501762000, "ebitdaratio": 0.3153621534, "operatingIncome": 360359000, "operatingIncomeRatio": 0.2264890331, "totalOtherIncomeExpensesNet": -42310000, "incomeBeforeTax": 318049000, "incomeBeforeTaxRatio": 0.1998967988, "incomeTaxExpense": 63189000, "netIncome": 254860000, "netIncomeRatio": 0.1601819158, "eps": 1.89, "epsdiluted": 1.87, "weightedAverageShsOut": 135137000, "weightedAverageShsOutDil": 136568000, "link": "https://www.sec.gov/Archives/edgar/data/1101302/000110130220000013/0001101302-20-000013-index.htm", "finalLink": "https://www.sec.gov/Archives/edgar/data/1101302/000110130220000013/entg-12312019x10k.htm", "calculatedOtherExpenses": -54653000, "calculatedOperatingExpenses": 351294000, "calculatedNetInterest": -37658000, "calculatedOtherIncome": -4652000, "calculatedIncomeNonControlling": 0, "calculatedEbitda": 501762000}, {"date": "2018-12-31", "symbol": "ENTG", "reportedCurrency": "USD", "cik": "0001101302", "fillingDate": "2019-02-11", "acceptedDate": "2019-02-11 13:11:48", "calendarYear": "2018", "period": "FY", "revenue": 1550497000, "costOfRevenue": 830666000, "grossProfit": 719831000, "grossProfitRatio": 0.4642582346, "researchAndDevelopmentExpenses": 118456000, "generalAndAdministrativeExpenses": 0, "sellingAndMarketingExpenses": 0, "sellingGeneralAndAdministrativeExpenses": 246534000, "otherExpenses": -8002000, "operatingExpenses": 427142000, "costAndExpenses": 1257808000, "interestIncome": 3839000, "interestExpense": 30255000, "depreciationAndAmortization": 127268000, "ebitda": 411955000, "ebitdaratio": 0.2656922264, "operatingIncome": 292689000, "operatingIncomeRatio": 0.1887710844, "totalOtherIncomeExpensesNet": -8002000, "incomeBeforeTax": 254432000, "incomeBeforeTaxRatio": 0.1640970605, "incomeTaxExpense": 13677000, "netIncome": 240755000, "netIncomeRatio": 0.1552760179, "eps": 1.71, "epsdiluted": 1.69, "weightedAverageShsOut": 141026000, "weightedAverageShsOutDil": 142610000, "link": "https://www.sec.gov/Archives/edgar/data/1101302/000110130219000010/0001101302-19-000010-index.htm", "finalLink": "https://www.sec.gov/Archives/edgar/data/1101302/000110130219000010/entg-12312018x10k.htm", "calculatedOtherExpenses": 62152000, "calculatedOperatingExpenses": 427142000, "calculatedNetInterest": -26416000, "calculatedOtherIncome": -11841000, "calculatedIncomeNonControlling": 0, "calculatedEbitda": 419957000}, {"date": "2017-12-31", "symbol": "ENTG", "reportedCurrency": "USD", "cik": "0001101302", "fillingDate": "2018-02-15", "acceptedDate": "2018-02-14 18:19:14", "calendarYear": "2017", "period": "FY", "revenue": 1342532000, "costOfRevenue": 733547000, "grossProfit": 608985000, "grossProfitRatio": 0.4536092994, "researchAndDevelopmentExpenses": 106951000, "generalAndAdministrativeExpenses": 0, "sellingAndMarketingExpenses": 0, "sellingGeneralAndAdministrativeExpenses": 216194000, "otherExpenses": -25458000, "operatingExpenses": 367168000, "costAndExpenses": 1100715000, "interestIncome": 715000, "interestExpense": 31628000, "depreciationAndAmortization": 102231000, "ebitda": 318590000, "ebitdaratio": 0.2373053305, "operatingIncome": 241817000, "operatingIncomeRatio": 0.1801201014, "totalOtherIncomeExpensesNet": -25458000, "incomeBeforeTax": 184731000, "incomeBeforeTaxRatio": 0.1375989548, "incomeTaxExpense": 99665000, "netIncome": 85066000, "netIncomeRatio": 0.0633623631, "eps": 0.6, "epsdiluted": 0.59, "weightedAverageShsOut": 141553000, "weightedAverageShsOutDil": 143518000, "link": "https://www.sec.gov/Archives/edgar/data/1101302/000110130218000008/0001101302-18-000008-index.htm", "finalLink": "https://www.sec.gov/Archives/edgar/data/1101302/000110130218000008/entg-12312017x10k.htm", "calculatedOtherExpenses": 44023000, "calculatedOperatingExpenses": 367168000, "calculatedNetInterest": -30913000, "calculatedOtherIncome": -26173000, "calculatedIncomeNonControlling": 0, "calculatedEbitda": 344048000}, {"date": "2016-12-31", "symbol": "ENTG", "reportedCurrency": "USD", "cik": "0001101302", "fillingDate": "2017-02-17", "acceptedDate": "2017-02-17 16:40:06", "calendarYear": "2016", "period": "FY", "revenue": 1175270000, "costOfRevenue": 666579000, "grossProfit": 508691000, "grossProfitRatio": 0.432829052, "researchAndDevelopmentExpenses": 106991000, "generalAndAdministrativeExpenses": 0, "sellingAndMarketingExpenses": 0, "sellingGeneralAndAdministrativeExpenses": 201901000, "otherExpenses": 991000, "operatingExpenses": 353155000, "costAndExpenses": 1019734000, "interestIncome": 318000, "interestExpense": 36528000, "depreciationAndAmortization": 99886000, "ebitda": 256413000, "ebitdaratio": 0.2181736963, "operatingIncome": 155536000, "operatingIncomeRatio": 0.1323406536, "totalOtherIncomeExpensesNet": 991000, "incomeBeforeTax": 119999000, "incomeBeforeTaxRatio": 0.1021033465, "incomeTaxExpense": 22852000, "netIncome": 97147000, "netIncomeRatio": 0.0826593038, "eps": 0.69, "epsdiluted": 0.68, "weightedAverageShsOut": 141093000, "weightedAverageShsOutDil": 142050000, "link": "https://www.sec.gov/Archives/edgar/data/1101302/000110130217000005/0001101302-17-000005-index.htm", "finalLink": "https://www.sec.gov/Archives/edgar/data/1101302/000110130217000005/entg-12312016x10k.htm", "calculatedOtherExpenses": 44263000, "calculatedOperatingExpenses": 353155000, "calculatedNetInterest": -36210000, "calculatedOtherIncome": 673000, "calculatedIncomeNonControlling": 0, "calculatedEbitda": 255422000}, {"date": "2015-12-31", "symbol": "ENTG", "reportedCurrency": "USD", "cik": "0001101302", "fillingDate": "2016-02-29", "acceptedDate": "2016-02-26 17:57:13", "calendarYear": "2015", "period": "FY", "revenue": 1081121000, "costOfRevenue": 610890000, "grossProfit": 470231000, "grossProfitRatio": 0.4349476146, "researchAndDevelopmentExpenses": 105900000, "generalAndAdministrativeExpenses": 0, "sellingAndMarketingExpenses": 0, "sellingGeneralAndAdministrativeExpenses": 198914000, "otherExpenses": 12355000, "operatingExpenses": 352163000, "costAndExpenses": 963053000, "interestIncome": 429000, "interestExpense": 38238000, "depreciationAndAmortization": 101654000, "ebitda": 232077000, "ebitdaratio": 0.2146632986, "operatingIncome": 118068000, "operatingIncomeRatio": 0.1092088675, "totalOtherIncomeExpensesNet": 12355000, "incomeBeforeTax": 92185000, "incomeBeforeTaxRatio": 0.0852679765, "incomeTaxExpense": 10202000, "netIncome": 80296000, "netIncomeRatio": 0.0742710575, "eps": 0.57, "epsdiluted": 0.57, "weightedAverageShsOut": 140353000, "weightedAverageShsOutDil": 141121000, "link": "https://www.sec.gov/Archives/edgar/data/1101302/000110130216000012/0001101302-16-000012-index.htm", "finalLink": "https://www.sec.gov/Archives/edgar/data/1101302/000110130216000012/entg-12312015x10k.htm", "calculatedOtherExpenses": 47349000, "calculatedOperatingExpenses": 352163000, "calculatedNetInterest": -37809000, "calculatedOtherIncome": 11926000, "calculatedIncomeNonControlling": 1687000, "calculatedEbitda": 219722000}, {"date": "2014-12-31", "symbol": "ENTG", "reportedCurrency": "USD", "cik": "0001101302", "fillingDate": "2015-02-26", "acceptedDate": "2015-02-26 17:11:33", "calendarYear": "2014", "period": "FY", "revenue": 962069000, "costOfRevenue": 585386000, "grossProfit": 376683000, "grossProfitRatio": 0.391534287, "researchAndDevelopmentExpenses": 87711000, "generalAndAdministrativeExpenses": 0, "sellingAndMarketingExpenses": 0, "sellingGeneralAndAdministrativeExpenses": 231833000, "otherExpenses": -2727000, "operatingExpenses": 356611000, "costAndExpenses": 941997000, "interestIncome": 1336000, "interestExpense": 32019000, "depreciationAndAmortization": 83704000, "ebitda": 101049000, "ebitdaratio": 0.105033007, "operatingIncome": 21354000, "operatingIncomeRatio": 0.0221959132, "totalOtherIncomeExpensesNet": -1445000, "incomeBeforeTax": -13392000, "incomeBeforeTaxRatio": -0.0139199995, "incomeTaxExpense": -21572000, "netIncome": 7887000, "netIncomeRatio": 0.0081979567, "eps": 0.06, "epsdiluted": 0.06, "weightedAverageShsOut": 139311000, "weightedAverageShsOutDil": 140062000, "link": "https://www.sec.gov/Archives/edgar/data/1101302/000110130215000002/0001101302-15-000002-index.htm", "finalLink": "https://www.sec.gov/Archives/edgar/data/1101302/000110130215000002/entg-12312014x10k.htm", "calculatedOtherExpenses": 35785000, "calculatedOperatingExpenses": 355329000, "calculatedNetInterest": -30683000, "calculatedOtherIncome": -4063000, "calculatedIncomeNonControlling": 293000, "calculatedEbitda": 105058000}, {"date": "2013-12-31", "symbol": "ENTG", "reportedCurrency": "USD", "cik": "0001101302", "fillingDate": "2014-02-20", "acceptedDate": "2014-02-20 17:21:49", "calendarYear": "2013", "period": "FY", "revenue": 693459000, "costOfRevenue": 399245000, "grossProfit": 294214000, "grossProfitRatio": 0.4242702164, "researchAndDevelopmentExpenses": 55320000, "generalAndAdministrativeExpenses": 0, "sellingAndMarketingExpenses": 0, "sellingGeneralAndAdministrativeExpenses": 137123000, "otherExpenses": 1958000, "operatingExpenses": 201790000, "costAndExpenses": 601035000, "interestIncome": 1958000, "interestExpense": 1958000, "depreciationAndAmortization": 38815000, "ebitda": 129426000, "ebitdaratio": 0.1866382872, "operatingIncome": 94237000, "operatingIncomeRatio": 0.1358941192, "totalOtherIncomeExpensesNet": 3771000, "incomeBeforeTax": 96195000, "incomeBeforeTaxRatio": 0.1387176459, "incomeTaxExpense": 21669000, "netIncome": 74526000, "netIncomeRatio": 0.1074699441, "eps": 0.54, "epsdiluted": 0.53, "weightedAverageShsOut": 138950000, "weightedAverageShsOutDil": 139618000, "link": "https://www.sec.gov/Archives/edgar/data/1101302/000110130214000002/0001101302-14-000002-index.htm", "finalLink": "https://www.sec.gov/Archives/edgar/data/1101302/000110130214000002/entg-12312013x10k.htm", "calculatedOtherExpenses": 7534000, "calculatedOperatingExpenses": 199977000, "calculatedNetInterest": 0, "calculatedOtherIncome": 1958000, "calculatedIncomeNonControlling": 0, "calculatedEbitda": 133052000}, {"date": "2012-12-31", "symbol": "ENTG", "reportedCurrency": "USD", "cik": "0001101302", "fillingDate": "2013-02-22", "acceptedDate": "2013-02-22 17:31:42", "calendarYear": "2012", "period": "FY", "revenue": 715903000, "costOfRevenue": 408520000, "grossProfit": 307383000, "grossProfitRatio": 0.429364034, "researchAndDevelopmentExpenses": 50940000, "generalAndAdministrativeExpenses": 0, "sellingAndMarketingExpenses": 0, "sellingGeneralAndAdministrativeExpenses": 147405000, "otherExpenses": 249000, "operatingExpenses": 207939000, "costAndExpenses": 616459000, "interestIncome": 249000, "interestExpense": -10000, "depreciationAndAmortization": 37607000, "ebitda": 137300000, "ebitdaratio": 0.1917857587, "operatingIncome": 99444000, "operatingIncomeRatio": 0.1389070866, "totalOtherIncomeExpensesNet": 249000, "incomeBeforeTax": 99703000, "incomeBeforeTaxRatio": 0.1392688674, "incomeTaxExpense": 30881000, "netIncome": 68825000, "netIncomeRatio": 0.0961373259, "eps": 0.5, "epsdiluted": 0.5, "weightedAverageShsOut": 137306000, "weightedAverageShsOutDil": 138412000, "link": "https://www.sec.gov/Archives/edgar/data/1101302/000119312513071771/0001193125-13-071771-index.htm", "finalLink": "https://www.sec.gov/Archives/edgar/data/1101302/000119312513071771/d447209d10k.htm", "calculatedOtherExpenses": 9594000, "calculatedOperatingExpenses": 207939000, "calculatedNetInterest": 259000, "calculatedOtherIncome": 0, "calculatedIncomeNonControlling": -3000, "calculatedEbitda": 137051000}, {"date": "2011-12-31", "symbol": "ENTG", "reportedCurrency": "USD", "cik": "0001101302", "fillingDate": "2012-02-24", "acceptedDate": "2012-02-24 17:13:03", "calendarYear": "2011", "period": "FY", "revenue": 749259000, "costOfRevenue": 423329000, "grossProfit": 325930000, "grossProfitRatio": 0.4350031164, "researchAndDevelopmentExpenses": 47980000, "generalAndAdministrativeExpenses": 0, "sellingAndMarketingExpenses": 0, "sellingGeneralAndAdministrativeExpenses": 140847000, "otherExpenses": 10225000, "operatingExpenses": 199052000, "costAndExpenses": 622381000, "interestIncome": 227000, "interestExpense": 886000, "depreciationAndAmortization": 37064000, "ebitda": 162197000, "ebitdaratio": 0.2164765455, "operatingIncome": 126878000, "operatingIncomeRatio": 0.1693379726, "totalOtherIncomeExpensesNet": 1745000, "incomeBeforeTax": 127964000, "incomeBeforeTaxRatio": 0.1707874046, "incomeTaxExpense": 3617000, "netIncome": 124446000, "netIncomeRatio": 0.166092099, "eps": 0.92, "epsdiluted": 0.91, "weightedAverageShsOut": 134685000, "weightedAverageShsOutDil": 136223000, "link": "https://www.sec.gov/Archives/edgar/data/1101302/000119312512078423/0001193125-12-078423-index.htm", "finalLink": "https://www.sec.gov/Archives/edgar/data/1101302/000119312512078423/d270721d10k.htm", "calculatedOtherExpenses": 10225000, "calculatedOperatingExpenses": 199052000, "calculatedNetInterest": -659000, "calculatedOtherIncome": 1745000, "calculatedIncomeNonControlling": -99000, "calculatedEbitda": 163942000}, {"date": "2010-12-31", "symbol": "ENTG", "reportedCurrency": "USD", "cik": "0001101302", "fillingDate": "2011-02-24", "acceptedDate": "2011-02-24 16:26:39", "calendarYear": "2010", "period": "FY", "revenue": 688416000, "costOfRevenue": 377773000, "grossProfit": 310643000, "grossProfitRatio": 0.4512431437, "researchAndDevelopmentExpenses": 43934000, "generalAndAdministrativeExpenses": 0, "sellingAndMarketingExpenses": 0, "sellingGeneralAndAdministrativeExpenses": 147051000, "otherExpenses": 13231000, "operatingExpenses": 204216000, "costAndExpenses": 581989000, "interestIncome": 82000, "interestExpense": 3516000, "depreciationAndAmortization": 41198000, "ebitda": 147625000, "ebitdaratio": 0.2144415586, "operatingIncome": 106427000, "operatingIncomeRatio": 0.1545969298, "totalOtherIncomeExpensesNet": -1430000, "incomeBeforeTax": 101481000, "incomeBeforeTaxRatio": 0.1474123205, "incomeTaxExpense": 15006000, "netIncome": 84356000, "netIncomeRatio": 0.1225363734, "eps": 0.64, "epsdiluted": 0.63, "weightedAverageShsOut": 131685000, "weightedAverageShsOutDil": 133174000, "link": "https://www.sec.gov/Archives/edgar/data/1101302/000119312511045376/0001193125-11-045376-index.htm", "finalLink": "https://www.sec.gov/Archives/edgar/data/1101302/000119312511045376/d10k.htm", "calculatedOtherExpenses": 13231000, "calculatedOperatingExpenses": 204216000, "calculatedNetInterest": -3434000, "calculatedOtherIncome": -1512000, "calculatedIncomeNonControlling": 2119000, "calculatedEbitda": 147625000}, {"date": "2009-12-31", "symbol": "ENTG", "reportedCurrency": "USD", "cik": "0001101302", "fillingDate": "2010-02-26", "acceptedDate": "2010-02-25 18:46:55", "calendarYear": "2009", "period": "FY", "revenue": 398644000, "costOfRevenue": 260832000, "grossProfit": 137812000, "grossProfitRatio": 0.3457019295, "researchAndDevelopmentExpenses": 35039000, "generalAndAdministrativeExpenses": 0, "sellingAndMarketingExpenses": 0, "sellingGeneralAndAdministrativeExpenses": 117001000, "otherExpenses": 19237000, "operatingExpenses": 171277000, "costAndExpenses": 432109000, "interestIncome": 225000, "interestExpense": 9215000, "depreciationAndAmortization": 50127000, "ebitda": 16662000, "ebitdaratio": 0.0417966908, "operatingIncome": -48928000, "operatingIncomeRatio": -0.1227360753, "totalOtherIncomeExpensesNet": -17208000, "incomeBeforeTax": -59888000, "incomeBeforeTaxRatio": -0.1502292772, "incomeTaxExpense": -2996000, "netIncome": -57721000, "netIncomeRatio": -0.1447933495, "eps": -0.49, "epsdiluted": -0.49, "weightedAverageShsOut": 117321000, "weightedAverageShsOutDil": 117321000, "link": "https://www.sec.gov/Archives/edgar/data/1101302/000119312510041108/0001193125-10-041108-index.htm", "finalLink": "https://www.sec.gov/Archives/edgar/data/1101302/000119312510041108/d10k.htm", "calculatedOtherExpenses": 34700000, "calculatedOperatingExpenses": 186740000, "calculatedNetInterest": -8990000, "calculatedOtherIncome": -1970000, "calculatedIncomeNonControlling": 829000, "calculatedEbitda": 1199000}, {"date": "2008-12-31", "symbol": "ENTG", "reportedCurrency": "USD", "cik": "0001101302", "fillingDate": "2009-03-02", "acceptedDate": "2009-03-02 17:12:23", "calendarYear": "2008", "period": "FY", "revenue": 554699000, "costOfRevenue": 343184000, "grossProfit": 211515000, "grossProfitRatio": 0.3813149113, "researchAndDevelopmentExpenses": 40086000, "generalAndAdministrativeExpenses": 0, "sellingAndMarketingExpenses": 0, "sellingGeneralAndAdministrativeExpenses": 147531000, "otherExpenses": 493384000, "operatingExpenses": 681001000, "costAndExpenses": 1024185000, "interestIncome": 0, "interestExpense": 1018000, "depreciationAndAmortization": 46343000, "ebitda": 76565000, "ebitdaratio": 0.1380298144, "operatingIncome": -479909000, "operatingIncomeRatio": -0.8651701193, "totalOtherIncomeExpensesNet": -499991000, "incomeBeforeTax": -496413000, "incomeBeforeTaxRatio": -0.8949231926, "incomeTaxExpense": 19201000, "netIncome": -517002000, "netIncomeRatio": -0.9320406202, "eps": -4.59, "epsdiluted": -4.59, "weightedAverageShsOut": 112653000, "weightedAverageShsOutDil": 112653000, "link": "https://www.sec.gov/Archives/edgar/data/1101302/000119312509042724/0001193125-09-042724-index.htm", "finalLink": "https://www.sec.gov/Archives/edgar/data/1101302/000119312509042724/d10k.htm", "calculatedOtherExpenses": 503807000, "calculatedOperatingExpenses": 691424000, "calculatedNetInterest": -1018000, "calculatedOtherIncome": -15486000, "calculatedIncomeNonControlling": 1388000, "calculatedEbitda": -433566000}, {"date": "2007-12-31", "symbol": "ENTG", "reportedCurrency": "USD", "cik": "0001101302", "fillingDate": "2008-03-03", "acceptedDate": "2008-03-03 17:19:41", "calendarYear": "2007", "period": "FY", "revenue": 626238000, "costOfRevenue": 360001000, "grossProfit": 266237000, "grossProfitRatio": 0.4251370885, "researchAndDevelopmentExpenses": 39727000, "generalAndAdministrativeExpenses": 0, "sellingAndMarketingExpenses": 0, "sellingGeneralAndAdministrativeExpenses": 182792000, "otherExpenses": 0, "operatingExpenses": 222519000, "costAndExpenses": 582520000, "interestIncome": 0, "interestExpense": 0, "depreciationAndAmortization": 43776000, "ebitda": 79838000, "ebitdaratio": 0.1274882712, "operatingIncome": 43718000, "operatingIncomeRatio": 0.0698105193, "totalOtherIncomeExpensesNet": 7749000, "incomeBeforeTax": 56619000, "incomeBeforeTaxRatio": 0.0904113133, "incomeTaxExpense": 10356000, "netIncome": 44359000, "netIncomeRatio": 0.0708340918, "eps": 0.36, "epsdiluted": 0.36, "weightedAverageShsOut": 122557000, "weightedAverageShsOutDil": 124940000, "link": "https://www.sec.gov/Archives/edgar/data/1101302/000119312508045236/0001193125-08-045236-index.htm", "finalLink": "https://www.sec.gov/Archives/edgar/data/1101302/000119312508045236/d10k.htm", "calculatedOtherExpenses": 0, "calculatedOperatingExpenses": 222519000, "calculatedNetInterest": 0, "calculatedOtherIncome": 12901000, "calculatedIncomeNonControlling": 1904000, "calculatedEbitda": 87494000}, {"date": "2006-12-31", "symbol": "ENTG", "reportedCurrency": "USD", "cik": "0001101302", "fillingDate": "2007-03-16", "acceptedDate": "2007-03-16 16:15:27", "calendarYear": "2006", "period": "FY", "revenue": 678706000, "costOfRevenue": 372557000, "grossProfit": 306149000, "grossProfitRatio": 0.4510774916, "researchAndDevelopmentExpenses": 38830000, "generalAndAdministrativeExpenses": 0, "sellingAndMarketingExpenses": 0, "sellingGeneralAndAdministrativeExpenses": 189772000, "otherExpenses": 0, "operatingExpenses": 228602000, "costAndExpenses": 601159000, "interestIncome": 0, "interestExpense": 0, "depreciationAndAmortization": 43661000, "ebitda": 119550000, "ebitdaratio": 0.1761440152, "operatingIncome": 77547000, "operatingIncomeRatio": 0.1142571305, "totalOtherIncomeExpensesNet": 2189000, "incomeBeforeTax": 88410000, "incomeBeforeTaxRatio": 0.1302625879, "incomeTaxExpense": 26505000, "netIncome": 63466000, "netIncomeRatio": 0.0935102975, "eps": 0.47, "epsdiluted": 0.46, "weightedAverageShsOut": 135116000, "weightedAverageShsOutDil": 138492000, "link": "https://www.sec.gov/Archives/edgar/data/1101302/000119312507057104/0001193125-07-057104-index.htm", "finalLink": "https://www.sec.gov/Archives/edgar/data/1101302/000119312507057104/d10k.htm", "calculatedOtherExpenses": 0, "calculatedOperatingExpenses": 228602000, "calculatedNetInterest": 0, "calculatedOtherIncome": 10863000, "calculatedIncomeNonControlling": -1561000, "calculatedEbitda": 121208000}, {"date": "2005-08-27", "symbol": "ENTG", "reportedCurrency": "USD", "cik": "0001101302", "fillingDate": "2005-11-23", "acceptedDate": "2005-11-22 20:53:30", "calendarYear": "2005", "period": "FY", "revenue": 367100000, "costOfRevenue": 227601000, "grossProfit": 139499000, "grossProfitRatio": 0.3800027241, "researchAndDevelopmentExpenses": 20400000, "generalAndAdministrativeExpenses": 0, "sellingAndMarketingExpenses": 0, "sellingGeneralAndAdministrativeExpenses": 115089000, "otherExpenses": 0, "operatingExpenses": 135489000, "costAndExpenses": 363090000, "interestIncome": 0, "interestExpense": 0, "depreciationAndAmortization": 25616000, "ebitda": 27507000, "ebitdaratio": 0.0749305366, "operatingIncome": 4010000, "operatingIncomeRatio": 0.0109234541, "totalOtherIncomeExpensesNet": 1872000, "incomeBeforeTax": 8667000, "incomeBeforeTaxRatio": 0.0236093707, "incomeTaxExpense": -973000, "netIncome": 9393000, "netIncomeRatio": 0.0255870335, "eps": 0.12, "epsdiluted": 0.12, "weightedAverageShsOut": 77137000, "weightedAverageShsOutDil": 79328000, "link": "https://www.sec.gov/Archives/edgar/data/1101302/000119312505231220/0001193125-05-231220-index.htm", "finalLink": "https://www.sec.gov/Archives/edgar/data/1101302/000119312505231220/d10k.htm", "calculatedOtherExpenses": 0, "calculatedOperatingExpenses": 135489000, "calculatedNetInterest": 0, "calculatedOtherIncome": 4657000, "calculatedIncomeNonControlling": 247000, "calculatedEbitda": 29626000}, {"date": "2004-08-28", "symbol": "ENTG", "reportedCurrency": "USD", "cik": "0001101302", "fillingDate": "2004-11-12", "acceptedDate": "2004-11-12 16:44:03", "calendarYear": "2004", "period": "FY", "revenue": 346764000, "costOfRevenue": 195937000, "grossProfit": 150827000, "grossProfitRatio": 0.4349557624, "researchAndDevelopmentExpenses": 20128000, "generalAndAdministrativeExpenses": 0, "sellingAndMarketingExpenses": 0, "sellingGeneralAndAdministrativeExpenses": 96176000, "otherExpenses": 0, "operatingExpenses": 116304000, "costAndExpenses": 312241000, "interestIncome": 0, "interestExpense": 0, "depreciationAndAmortization": 25492000, "ebitda": 58904000, "ebitdaratio": 0.169867691, "operatingIncome": 34523000, "operatingIncomeRatio": 0.0995576242, "totalOtherIncomeExpensesNet": 1098000, "incomeBeforeTax": 35917000, "incomeBeforeTaxRatio": 0.1035776494, "incomeTaxExpense": 11134000, "netIncome": 24770000, "netIncomeRatio": 0.0714318672, "eps": 0.34, "epsdiluted": 0.32, "weightedAverageShsOut": 72957000, "weightedAverageShsOutDil": 76689000, "link": "https://www.sec.gov/Archives/edgar/data/1101302/000119312504195435/0001193125-04-195435-index.htm", "finalLink": "https://www.sec.gov/Archives/edgar/data/1101302/000119312504195435/d10k.htm", "calculatedOtherExpenses": 0, "calculatedOperatingExpenses": 116304000, "calculatedNetInterest": 0, "calculatedOtherIncome": 1394000, "calculatedIncomeNonControlling": 13000, "calculatedEbitda": 60015000}, {"date": "2003-08-30", "symbol": "ENTG", "reportedCurrency": "USD", "cik": "0001101302", "fillingDate": "2003-11-26", "acceptedDate": "2003-11-26 16:59:20", "calendarYear": "2003", "period": "FY", "revenue": 248823000, "costOfRevenue": 150100000, "grossProfit": 98723000, "grossProfitRatio": 0.3967599458, "researchAndDevelopmentExpenses": 17803000, "generalAndAdministrativeExpenses": 0, "sellingAndMarketingExpenses": 0, "sellingGeneralAndAdministrativeExpenses": 80307000, "otherExpenses": 1598000, "operatingExpenses": 99708000, "costAndExpenses": 249808000, "interestIncome": 0, "interestExpense": 0, "depreciationAndAmortization": 27180000, "ebitda": 32216000, "ebitdaratio": 0.1294735615, "operatingIncome": -985000, "operatingIncomeRatio": -0.0039586373, "totalOtherIncomeExpensesNet": -6165000, "incomeBeforeTax": -4973000, "incomeBeforeTaxRatio": -0.0199860945, "incomeTaxExpense": -6248000, "netIncome": 1275000, "netIncomeRatio": 0.0051241244, "eps": 0.02, "epsdiluted": 0.02, "weightedAverageShsOut": 71636000, "weightedAverageShsOutDil": 75472000, "link": "https://www.sec.gov/Archives/edgar/data/1101302/000119312503087166/0001193125-03-087166-index.htm", "finalLink": "https://www.sec.gov/Archives/edgar/data/1101302/000119312503087166/d10k.htm", "calculatedOtherExpenses": 1598000, "calculatedOperatingExpenses": 99708000, "calculatedNetInterest": 0, "calculatedOtherIncome": -3988000, "calculatedIncomeNonControlling": 0, "calculatedEbitda": 26195000}, {"date": "2002-08-31", "symbol": "ENTG", "reportedCurrency": "USD", "cik": "0001101302", "fillingDate": "2002-11-27", "acceptedDate": "2002-11-27 14:53:11", "calendarYear": "2002", "period": "FY", "revenue": 219831000, "costOfRevenue": 131125000, "grossProfit": 88706000, "grossProfitRatio": 0.4035190669, "researchAndDevelopmentExpenses": 17408000, "generalAndAdministrativeExpenses": 0, "sellingAndMarketingExpenses": 0, "sellingGeneralAndAdministrativeExpenses": 73569000, "otherExpenses": 1563000, "operatingExpenses": 92540000, "costAndExpenses": 223665000, "interestIncome": 0, "interestExpense": 0, "depreciationAndAmortization": 28164000, "ebitda": 24920000, "ebitdaratio": 0.1133598082, "operatingIncome": -3834000, "operatingIncomeRatio": -0.0174406703, "totalOtherIncomeExpensesNet": -590000, "incomeBeforeTax": -597000, "incomeBeforeTaxRatio": -0.0027157225, "incomeTaxExpense": -3373000, "netIncome": 2776000, "netIncomeRatio": 0.0126278823, "eps": 0.039, "epsdiluted": 0.039, "weightedAverageShsOut": 70121000, "weightedAverageShsOutDil": 70121000, "link": "https://www.sec.gov/Archives/edgar/data/1101302/000104596902001995/0001045969-02-001995-index.htm", "finalLink": "https://www.sec.gov/Archives/edgar/data/1101302/000104596902001995/d10k.txt", "calculatedOtherExpenses": 1563000, "calculatedOperatingExpenses": 92540000, "calculatedNetInterest": 0, "calculatedOtherIncome": 3237000, "calculatedIncomeNonControlling": 0, "calculatedEbitda": 24330000}, {"date": "2001-08-25", "symbol": "ENTG", "reportedCurrency": "USD", "cik": "0001101302", "fillingDate": "2001-11-23", "acceptedDate": "2001-11-23 00:00:00", "calendarYear": "2001", "period": "FY", "revenue": 342444000, "costOfRevenue": 179774000, "grossProfit": 162670000, "grossProfitRatio": 0.4750265737, "researchAndDevelopmentExpenses": 16517000, "generalAndAdministrativeExpenses": 0, "sellingAndMarketingExpenses": 0, "sellingGeneralAndAdministrativeExpenses": 78510000, "otherExpenses": 13144000, "operatingExpenses": 108171000, "costAndExpenses": 287945000, "interestIncome": 0, "interestExpense": 0, "depreciationAndAmortization": 24260000, "ebitda": 90769000, "ebitdaratio": 0.2650623168, "operatingIncome": 54499000, "operatingIncomeRatio": 0.159147189, "totalOtherIncomeExpensesNet": -10522000, "incomeBeforeTax": 59955000, "incomeBeforeTaxRatio": 0.1750797211, "incomeTaxExpense": 21339000, "netIncome": 38616000, "netIncomeRatio": 0.1127658829, "eps": 0.55, "epsdiluted": 0.53, "weightedAverageShsOut": 68541000, "weightedAverageShsOutDil": 72860377, "link": "https://www.sec.gov/Archives/edgar/data/1101302/000104596901501476/0001045969-01-501476-index.htm", "finalLink": "https://www.sec.gov/Archives/edgar/data/1101302/000104596901501476/d10k.txt", "calculatedOtherExpenses": 13144000, "calculatedOperatingExpenses": 108171000, "calculatedNetInterest": 0, "calculatedOtherIncome": 5456000, "calculatedIncomeNonControlling": 0, "calculatedEbitda": 78759000}, {"date": "2000-08-26", "symbol": "ENTG", "reportedCurrency": "USD", "cik": "0001101302", "fillingDate": "2000-11-22", "acceptedDate": "2000-11-22 00:00:00", "calendarYear": "2000", "period": "FY", "revenue": 343465000, "costOfRevenue": 151514000, "grossProfit": 191951000, "grossProfitRatio": 0.55886626, "researchAndDevelopmentExpenses": 15041000, "generalAndAdministrativeExpenses": 0, "sellingAndMarketingExpenses": 0, "sellingGeneralAndAdministrativeExpenses": 73293000, "otherExpenses": 27246000, "operatingExpenses": 115580000, "costAndExpenses": 267094000, "interestIncome": 0, "interestExpense": 0, "depreciationAndAmortization": 27246000, "ebitda": 96978000, "ebitdaratio": 0.2823519136, "operatingIncome": 76371000, "operatingIncomeRatio": 0.2223545339, "totalOtherIncomeExpensesNet": 6639000, "incomeBeforeTax": 80099000, "incomeBeforeTaxRatio": 0.2332086239, "incomeTaxExpense": 28375000, "netIncome": 50575000, "netIncomeRatio": 0.1472493558, "eps": -0.02, "epsdiluted": -0.02, "weightedAverageShsOut": 43609000, "weightedAverageShsOutDil": 43609000, "link": "https://www.sec.gov/Archives/edgar/data/1101302/000104596900000907/0001045969-00-000907-index.htm", "finalLink": "https://www.sec.gov/Archives/edgar/data/1101302/000104596900000907/0001045969-00-000907-0001.txt", "calculatedOtherExpenses": 27246000, "calculatedOperatingExpenses": 115580000, "calculatedNetInterest": 0, "calculatedOtherIncome": 3728000, "calculatedIncomeNonControlling": 1149000, "calculatedEbitda": 103617000}, {"date": "1999-08-31", "symbol": "ENTG", "reportedCurrency": "USD", "cik": "0001101302", "fillingDate": "1999-08-31", "acceptedDate": "1999-08-31 00:00:00", "calendarYear": "1999", "period": "FY", "revenue": 241952000, "costOfRevenue": 121292000, "grossProfit": 120660000, "grossProfitRatio": 0.4986939558, "researchAndDevelopmentExpenses": 14565000, "generalAndAdministrativeExpenses": 0, "sellingAndMarketingExpenses": 0, "sellingGeneralAndAdministrativeExpenses": 62340000, "otherExpenses": 28810000, "operatingExpenses": 105715000, "costAndExpenses": 227007000, "interestIncome": 0, "interestExpense": 0, "depreciationAndAmortization": 28810000, "ebitda": 43492000, "ebitdaratio": 0.1797546621, "operatingIncome": 14945000, "operatingIncomeRatio": 0.0617684499, "totalOtherIncomeExpensesNet": 263000, "incomeBeforeTax": 10109000, "incomeBeforeTaxRatio": 0.0417810144, "incomeTaxExpense": 4380000, "netIncome": 5729000, "netIncomeRatio": 0.0236782502, "eps": 0.1, "epsdiluted": 0.1, "weightedAverageShsOut": 59053333, "weightedAverageShsOutDil": 59650000, "link": null, "finalLink": null, "calculatedOtherExpenses": 28810000, "calculatedOperatingExpenses": 105715000, "calculatedNetInterest": 0, "calculatedOtherIncome": -4836000, "calculatedIncomeNonControlling": 0, "calculatedEbitda": 43755000}, {"date": "1998-08-31", "symbol": "ENTG", "reportedCurrency": "USD", "cik": "0001101302", "fillingDate": "1998-08-31", "acceptedDate": "1998-08-31 00:00:00", "calendarYear": "1998", "period": "FY", "revenue": 0, "costOfRevenue": 0, "grossProfit": 0, "grossProfitRatio": 0, "researchAndDevelopmentExpenses": 0, "generalAndAdministrativeExpenses": 0, "sellingAndMarketingExpenses": 0, "sellingGeneralAndAdministrativeExpenses": 0, "otherExpenses": 24711000, "operatingExpenses": 24711000, "costAndExpenses": 24711000, "interestIncome": 0, "interestExpense": 0, "depreciationAndAmortization": 26591000, "ebitda": 51302000, "ebitdaratio": 0, "operatingIncome": 24711000, "operatingIncomeRatio": 0, "totalOtherIncomeExpensesNet": -24711000, "incomeBeforeTax": 0, "incomeBeforeTaxRatio": 0, "incomeTaxExpense": 0, "netIncome": 0, "netIncomeRatio": 0, "eps": 0, "epsdiluted": 0, "weightedAverageShsOut": 60270000, "weightedAverageShsOutDil": 60270000, "link": null, "finalLink": null, "calculatedOtherExpenses": -24711000, "calculatedOperatingExpenses": -24711000, "calculatedNetInterest": 0, "calculatedOtherIncome": -24711000, "calculatedIncomeNonControlling": 0, "calculatedEbitda": 51302000}]}