{"originalCurrency": "USD", "convertedCurrency": "USD", "report": [{"date": "2023-12-31", "symbol": "ENV", "reportedCurrency": "USD", "cik": "0001337619", "fillingDate": "2024-02-28", "acceptedDate": "2024-02-28 16:09:01", "calendarYear": "2023", "period": "FY", "revenue": 1245620000, "costOfRevenue": 473038000, "grossProfit": 772582000, "grossProfitRatio": 0.6202389172, "researchAndDevelopmentExpenses": 140000000, "generalAndAdministrativeExpenses": 654941000, "sellingAndMarketingExpenses": 0, "sellingGeneralAndAdministrativeExpenses": 654941000, "otherExpenses": -9666000, "operatingExpenses": 785245000, "costAndExpenses": 1258283000, "interestIncome": 6288000, "interestExpense": 23883000, "depreciationAndAmortization": 130304000, "ebitda": 113008000, "ebitdaratio": 0.0907242979, "operatingIncome": -204481000, "operatingIncomeRatio": -0.1641600167, "totalOtherIncomeExpensesNet": -201484000, "incomeBeforeTax": -232997000, "incomeBeforeTaxRatio": -0.1870530338, "incomeTaxExpense": 12777000, "netIncome": -238724000, "netIncomeRatio": -0.1916507442, "eps": -4.38, "epsdiluted": -4.38, "weightedAverageShsOut": 54457365, "weightedAverageShsOutDil": 54457365, "link": "https://www.sec.gov/Archives/edgar/data/1337619/000133761924000005/0001337619-24-000005-index.htm", "finalLink": "https://www.sec.gov/Archives/edgar/data/1337619/000133761924000005/env-20231231.htm", "calculatedOtherExpenses": 182122000, "calculatedOperatingExpenses": 977063000, "calculatedNetInterest": -17595000, "calculatedOtherIncome": -10921000, "calculatedIncomeNonControlling": -7050000, "calculatedEbitda": -74177000}, {"date": "2022-12-31", "symbol": "ENV", "reportedCurrency": "USD", "cik": "0001337619", "fillingDate": "2023-02-28", "acceptedDate": "2023-02-28 16:34:06", "calendarYear": "2022", "period": "FY", "revenue": 1239784000, "costOfRevenue": 468460000, "grossProfit": 771324000, "grossProfitRatio": 0.6221438573, "researchAndDevelopmentExpenses": 112000000, "generalAndAdministrativeExpenses": 706800000, "sellingAndMarketingExpenses": 0, "sellingGeneralAndAdministrativeExpenses": 706800000, "otherExpenses": 130548000, "operatingExpenses": 837348000, "costAndExpenses": 1305808000, "interestIncome": 4184000, "interestExpense": -16843000, "depreciationAndAmortization": 130548000, "ebitda": 64524000, "ebitdaratio": 0.0520445497, "operatingIncome": -66024000, "operatingIncomeRatio": -0.0532544379, "totalOtherIncomeExpensesNet": -12395000, "incomeBeforeTax": -78419000, "incomeBeforeTaxRatio": -0.0632521471, "incomeTaxExpense": 7061000, "netIncome": -85480000, "netIncomeRatio": -0.0689474941, "eps": -1.55, "epsdiluted": -1.5, "weightedAverageShsOut": 55199482, "weightedAverageShsOutDil": 56842125, "link": "https://www.sec.gov/Archives/edgar/data/1337619/000133761923000012/0001337619-23-000012-index.htm", "finalLink": "https://www.sec.gov/Archives/edgar/data/1337619/000133761923000012/env-20221231.htm", "calculatedOtherExpenses": 18548000, "calculatedOperatingExpenses": 837348000, "calculatedNetInterest": 21027000, "calculatedOtherIncome": -33422000, "calculatedIncomeNonControlling": 0, "calculatedEbitda": 64524000}, {"date": "2021-12-31", "symbol": "ENV", "reportedCurrency": "USD", "cik": "0001337619", "fillingDate": "2022-02-25", "acceptedDate": "2022-02-25 16:08:45", "calendarYear": "2021", "period": "FY", "revenue": 1186517000, "costOfRevenue": 423723000, "grossProfit": 762794000, "grossProfitRatio": 0.6428850156, "researchAndDevelopmentExpenses": 80000000, "generalAndAdministrativeExpenses": 604486000, "sellingAndMarketingExpenses": 0, "sellingGeneralAndAdministrativeExpenses": 604486000, "otherExpenses": 117767000, "operatingExpenses": 722253000, "costAndExpenses": 1145976000, "interestIncome": 827000, "interestExpense": 9919000, "depreciationAndAmortization": 117767000, "ebitda": 158308000, "ebitdaratio": 0.1334224457, "operatingIncome": 40541000, "operatingIncomeRatio": 0.0341680734, "totalOtherIncomeExpensesNet": -20180000, "incomeBeforeTax": 20361000, "incomeBeforeTaxRatio": 0.0171603104, "incomeTaxExpense": 7667000, "netIncome": 13296000, "netIncomeRatio": 0.0112059077, "eps": 0.24, "epsdiluted": 0.24, "weightedAverageShsOut": 54470975, "weightedAverageShsOutDil": 55384096, "link": "https://www.sec.gov/Archives/edgar/data/1337619/000162828022003985/0001628280-22-003985-index.htm", "finalLink": "https://www.sec.gov/Archives/edgar/data/1337619/000162828022003985/env-20211231.htm", "calculatedOtherExpenses": 37767000, "calculatedOperatingExpenses": 722253000, "calculatedNetInterest": -9092000, "calculatedOtherIncome": -11088000, "calculatedIncomeNonControlling": -602000, "calculatedEbitda": 158308000}, {"date": "2020-12-31", "symbol": "ENV", "reportedCurrency": "USD", "cik": "0001337619", "fillingDate": "2021-02-26", "acceptedDate": "2021-02-26 16:05:37", "calendarYear": "2020", "period": "FY", "revenue": 998230000, "costOfRevenue": 305929000, "grossProfit": 692301000, "grossProfitRatio": 0.6935285455, "researchAndDevelopmentExpenses": 72120000, "generalAndAdministrativeExpenses": 559199000, "sellingAndMarketingExpenses": 0, "sellingGeneralAndAdministrativeExpenses": 559199000, "otherExpenses": 113661000, "operatingExpenses": 672860000, "costAndExpenses": 978789000, "interestIncome": 1112000, "interestExpense": 27312000, "depreciationAndAmortization": 113661000, "ebitda": 133102000, "ebitdaratio": 0.1333380083, "operatingIncome": 19441000, "operatingIncomeRatio": 0.0194754716, "totalOtherIncomeExpensesNet": -27486000, "incomeBeforeTax": -8045000, "incomeBeforeTaxRatio": -0.0080592649, "incomeTaxExpense": -5401000, "netIncome": -2644000, "netIncomeRatio": -0.0026486882, "eps": -0.0493, "epsdiluted": -0.0493, "weightedAverageShsOut": 53589232, "weightedAverageShsOutDil": 53589232, "link": "https://www.sec.gov/Archives/edgar/data/1337619/000162828021003457/0001628280-21-003457-index.htm", "finalLink": "https://www.sec.gov/Archives/edgar/data/1337619/000162828021003457/env-20201231.htm", "calculatedOtherExpenses": 41541000, "calculatedOperatingExpenses": 672860000, "calculatedNetInterest": -26200000, "calculatedOtherIncome": -1286000, "calculatedIncomeNonControlling": 0, "calculatedEbitda": 133102000}, {"date": "2019-12-31", "symbol": "ENV", "reportedCurrency": "USD", "cik": "0001337619", "fillingDate": "2020-02-28", "acceptedDate": "2020-02-28 16:23:46", "calendarYear": "2019", "period": "FY", "revenue": 900127000, "costOfRevenue": 278811000, "grossProfit": 621316000, "grossProfitRatio": 0.6902537086, "researchAndDevelopmentExpenses": 59850000, "generalAndAdministrativeExpenses": 536118000, "sellingAndMarketingExpenses": 0, "sellingGeneralAndAdministrativeExpenses": 536118000, "otherExpenses": 101271000, "operatingExpenses": 637389000, "costAndExpenses": 916200000, "interestIncome": 3347000, "interestExpense": 28022000, "depreciationAndAmortization": 101271000, "ebitda": 85198000, "ebitdaratio": 0.0946510881, "operatingIncome": -16073000, "operatingIncomeRatio": -0.0178563692, "totalOtherIncomeExpensesNet": -32022000, "incomeBeforeTax": -48095000, "incomeBeforeTaxRatio": -0.0534313491, "incomeTaxExpense": -30893000, "netIncome": -17202000, "netIncomeRatio": -0.0191106366, "eps": -0.34, "epsdiluted": -0.34, "weightedAverageShsOut": 50937919, "weightedAverageShsOutDil": 50937919, "link": "https://www.sec.gov/Archives/edgar/data/1337619/000162828020002576/0001628280-20-002576-index.htm", "finalLink": "https://www.sec.gov/Archives/edgar/data/1337619/000162828020002576/env-2019123110xk.htm", "calculatedOtherExpenses": 41421000, "calculatedOperatingExpenses": 637389000, "calculatedNetInterest": -24675000, "calculatedOtherIncome": -7347000, "calculatedIncomeNonControlling": 0, "calculatedEbitda": 85198000}, {"date": "2018-12-31", "symbol": "ENV", "reportedCurrency": "USD", "cik": "0001337619", "fillingDate": "2019-03-01", "acceptedDate": "2019-03-01 13:47:47", "calendarYear": "2018", "period": "FY", "revenue": 812363000, "costOfRevenue": 263400000, "grossProfit": 548963000, "grossProfitRatio": 0.6757607129, "researchAndDevelopmentExpenses": 0, "generalAndAdministrativeExpenses": 457172000, "sellingAndMarketingExpenses": 0, "sellingGeneralAndAdministrativeExpenses": 457172000, "otherExpenses": -23327000, "operatingExpenses": 534798000, "costAndExpenses": 798198000, "interestIncome": 2363000, "interestExpense": 21778000, "depreciationAndAmortization": 77626000, "ebitda": 91791000, "ebitdaratio": 0.1129925908, "operatingIncome": 14165000, "operatingIncomeRatio": 0.0174367863, "totalOtherIncomeExpensesNet": -23327000, "incomeBeforeTax": -9162000, "incomeBeforeTaxRatio": -0.0112782094, "incomeTaxExpense": -13172000, "netIncome": 5755000, "netIncomeRatio": 0.0070842714, "eps": 0.13, "epsdiluted": 0.12, "weightedAverageShsOut": 45268002, "weightedAverageShsOutDil": 47384085, "link": "https://www.sec.gov/Archives/edgar/data/1337619/000162828019002344/0001628280-19-002344-index.htm", "finalLink": "https://www.sec.gov/Archives/edgar/data/1337619/000162828019002344/env-2018123110xk.htm", "calculatedOtherExpenses": 77626000, "calculatedOperatingExpenses": 534798000, "calculatedNetInterest": -19415000, "calculatedOtherIncome": -3912000, "calculatedIncomeNonControlling": -1745000, "calculatedEbitda": 91791000}, {"date": "2017-12-31", "symbol": "ENV", "reportedCurrency": "USD", "cik": "0001337619", "fillingDate": "2018-02-28", "acceptedDate": "2018-02-28 17:20:44", "calendarYear": "2017", "period": "FY", "revenue": 683679000, "costOfRevenue": 219037000, "grossProfit": 464642000, "grossProfitRatio": 0.6796201141, "researchAndDevelopmentExpenses": 0, "generalAndAdministrativeExpenses": 385402000, "sellingAndMarketingExpenses": 0, "sellingGeneralAndAdministrativeExpenses": 385402000, "otherExpenses": -18109000, "operatingExpenses": 448222000, "costAndExpenses": 667259000, "interestIncome": 201000, "interestExpense": 12644000, "depreciationAndAmortization": 62820000, "ebitda": 79240000, "ebitdaratio": 0.115902346, "operatingIncome": 16420000, "operatingIncomeRatio": 0.0240171191, "totalOtherIncomeExpensesNet": -18109000, "incomeBeforeTax": -1689000, "incomeBeforeTaxRatio": -0.0024704576, "incomeTaxExpense": 1591000, "netIncome": -3280000, "netIncomeRatio": -0.0047975731, "eps": -0.075, "epsdiluted": -0.075, "weightedAverageShsOut": 43732148, "weightedAverageShsOutDil": 43732148, "link": "https://www.sec.gov/Archives/edgar/data/1337619/000155837018001307/0001558370-18-001307-index.htm", "finalLink": "https://www.sec.gov/Archives/edgar/data/1337619/000155837018001307/env-20171231x10k.htm", "calculatedOtherExpenses": 62820000, "calculatedOperatingExpenses": 448222000, "calculatedNetInterest": -12443000, "calculatedOtherIncome": -5666000, "calculatedIncomeNonControlling": 0, "calculatedEbitda": 79240000}, {"date": "2016-12-31", "symbol": "ENV", "reportedCurrency": "USD", "cik": "0001337619", "fillingDate": "2017-03-24", "acceptedDate": "2017-03-24 16:26:03", "calendarYear": "2016", "period": "FY", "revenue": 578164000, "costOfRevenue": 180590000, "grossProfit": 397574000, "grossProfitRatio": 0.6876491791, "researchAndDevelopmentExpenses": 0, "generalAndAdministrativeExpenses": 357019000, "sellingAndMarketingExpenses": 0, "sellingGeneralAndAdministrativeExpenses": 357019000, "otherExpenses": -17046000, "operatingExpenses": 421018000, "costAndExpenses": 601608000, "interestIncome": 37000, "interestExpense": 13384000, "depreciationAndAmortization": 63999000, "ebitda": 40555000, "ebitdaratio": 0.0701444573, "operatingIncome": -23444000, "operatingIncomeRatio": -0.0405490484, "totalOtherIncomeExpensesNet": -17046000, "incomeBeforeTax": -40490000, "incomeBeforeTaxRatio": -0.0700320324, "incomeTaxExpense": 15077000, "netIncome": -55567000, "netIncomeRatio": -0.0961094084, "eps": -1.3, "epsdiluted": -1.3, "weightedAverageShsOut": 42743846, "weightedAverageShsOutDil": 42814222, "link": "https://www.sec.gov/Archives/edgar/data/1337619/000155837017002115/0001558370-17-002115-index.htm", "finalLink": "https://www.sec.gov/Archives/edgar/data/1337619/000155837017002115/env-20161231x10k.htm", "calculatedOtherExpenses": 63999000, "calculatedOperatingExpenses": 421018000, "calculatedNetInterest": -13347000, "calculatedOtherIncome": -3699000, "calculatedIncomeNonControlling": 0, "calculatedEbitda": 40555000}, {"date": "2015-12-31", "symbol": "ENV", "reportedCurrency": "USD", "cik": "0001337619", "fillingDate": "2016-02-29", "acceptedDate": "2016-02-29 17:55:52", "calendarYear": "2015", "period": "FY", "revenue": 420919000, "costOfRevenue": 161309000, "grossProfit": 259610000, "grossProfitRatio": 0.6167694972, "researchAndDevelopmentExpenses": 0, "generalAndAdministrativeExpenses": 211983000, "sellingAndMarketingExpenses": 0, "sellingGeneralAndAdministrativeExpenses": 211983000, "otherExpenses": -10004000, "operatingExpenses": 239945000, "costAndExpenses": 401254000, "interestIncome": 338000, "interestExpense": 7951000, "depreciationAndAmortization": 27962000, "ebitda": 48300000, "ebitdaratio": 0.1147489184, "operatingIncome": 18992000, "operatingIncomeRatio": 0.0451203201, "totalOtherIncomeExpensesNet": -10677000, "incomeBeforeTax": 8988000, "incomeBeforeTaxRatio": 0.021353277, "incomeTaxExpense": 4552000, "netIncome": 4436000, "netIncomeRatio": 0.0105388448, "eps": 0.12, "epsdiluted": 0.12, "weightedAverageShsOut": 36500843, "weightedAverageShsOutDil": 38386873, "link": "https://www.sec.gov/Archives/edgar/data/1337619/000155837016003712/0001558370-16-003712-index.htm", "finalLink": "https://www.sec.gov/Archives/edgar/data/1337619/000155837016003712/env-20151231x10k.htm", "calculatedOtherExpenses": 28635000, "calculatedOperatingExpenses": 240618000, "calculatedNetInterest": -7613000, "calculatedOtherIncome": -2391000, "calculatedIncomeNonControlling": 0, "calculatedEbitda": 46954000}, {"date": "2014-12-31", "symbol": "ENV", "reportedCurrency": "USD", "cik": "0001337619", "fillingDate": "2015-03-02", "acceptedDate": "2015-03-02 17:22:36", "calendarYear": "2014", "period": "FY", "revenue": 348748000, "costOfRevenue": 150067000, "grossProfit": 198681000, "grossProfitRatio": 0.5696978907, "researchAndDevelopmentExpenses": 0, "generalAndAdministrativeExpenses": 158778000, "sellingAndMarketingExpenses": 0, "sellingGeneralAndAdministrativeExpenses": 158778000, "otherExpenses": 1742000, "operatingExpenses": 177429000, "costAndExpenses": 327496000, "interestIncome": 139000, "interestExpense": 626000, "depreciationAndAmortization": 18651000, "ebitda": 41784000, "ebitdaratio": 0.1198114398, "operatingIncome": 21252000, "operatingIncomeRatio": 0.0609379839, "totalOtherIncomeExpensesNet": 1742000, "incomeBeforeTax": 22507000, "incomeBeforeTaxRatio": 0.0645365708, "incomeTaxExpense": 8528000, "netIncome": 14174000, "netIncomeRatio": 0.040642527, "eps": 0.41, "epsdiluted": 0.38, "weightedAverageShsOut": 34559558, "weightedAverageShsOutDil": 36877599, "link": "https://www.sec.gov/Archives/edgar/data/1337619/000104746915001517/0001047469-15-001517-index.htm", "finalLink": "https://www.sec.gov/Archives/edgar/data/1337619/000104746915001517/a2223244z10-k.htm", "calculatedOtherExpenses": 18651000, "calculatedOperatingExpenses": 177429000, "calculatedNetInterest": -487000, "calculatedOtherIncome": 1742000, "calculatedIncomeNonControlling": -195000, "calculatedEbitda": 39903000}, {"date": "2013-12-31", "symbol": "ENV", "reportedCurrency": "USD", "cik": "0001337619", "fillingDate": "2014-03-17", "acceptedDate": "2014-03-17 17:10:38", "calendarYear": "2013", "period": "FY", "revenue": 242535000, "costOfRevenue": 98970000, "grossProfit": 143565000, "grossProfitRatio": 0.5919351846, "researchAndDevelopmentExpenses": 0, "generalAndAdministrativeExpenses": 122250000, "sellingAndMarketingExpenses": 0, "sellingGeneralAndAdministrativeExpenses": 122250000, "otherExpenses": 182000, "operatingExpenses": 137579000, "costAndExpenses": 236549000, "interestIncome": 18000, "interestExpense": 0, "depreciationAndAmortization": 15329000, "ebitda": 21515000, "ebitdaratio": 0.0887088461, "operatingIncome": 5512000, "operatingIncomeRatio": 0.0227266168, "totalOtherIncomeExpensesNet": -292000, "incomeBeforeTax": 5712000, "incomeBeforeTaxRatio": 0.02355124, "incomeTaxExpense": 2052000, "netIncome": 3660000, "netIncomeRatio": 0.0150906055, "eps": 0.11, "epsdiluted": 0.1, "weightedAverageShsOut": 33191088, "weightedAverageShsOutDil": 35666575, "link": "https://www.sec.gov/Archives/edgar/data/1337619/000110465914020325/0001104659-14-020325-index.htm", "finalLink": "https://www.sec.gov/Archives/edgar/data/1337619/000110465914020325/a13-25212_110k.htm", "calculatedOtherExpenses": 15803000, "calculatedOperatingExpenses": 138053000, "calculatedNetInterest": 18000, "calculatedOtherIncome": 182000, "calculatedIncomeNonControlling": 0, "calculatedEbitda": 20841000}, {"date": "2012-12-31", "symbol": "ENV", "reportedCurrency": "USD", "cik": "0001337619", "fillingDate": "2013-06-14", "acceptedDate": "2013-06-14 16:57:53", "calendarYear": "2012", "period": "FY", "revenue": 157266000, "costOfRevenue": 56119000, "grossProfit": 101147000, "grossProfitRatio": 0.6431587247, "researchAndDevelopmentExpenses": 0, "generalAndAdministrativeExpenses": 85895000, "sellingAndMarketingExpenses": 0, "sellingGeneralAndAdministrativeExpenses": 85895000, "otherExpenses": 12400000, "operatingExpenses": 98295000, "costAndExpenses": 154414000, "interestIncome": 29000, "interestExpense": 3000, "depreciationAndAmortization": 12400000, "ebitda": 15281000, "ebitdaratio": 0.097166584, "operatingIncome": 2737000, "operatingIncomeRatio": 0.0174036346, "totalOtherIncomeExpensesNet": -115000, "incomeBeforeTax": 2763000, "incomeBeforeTaxRatio": 0.0175689596, "incomeTaxExpense": 1363000, "netIncome": 1400000, "netIncomeRatio": 0.0089021149, "eps": 0.04, "epsdiluted": 0.04, "weightedAverageShsOut": 32162672, "weightedAverageShsOutDil": 33386161, "link": "https://www.sec.gov/Archives/edgar/data/1337619/000119312513259780/0001193125-13-259780-index.htm", "finalLink": "https://www.sec.gov/Archives/edgar/data/1337619/000119312513259780/d444116d10k.htm", "calculatedOtherExpenses": 12515000, "calculatedOperatingExpenses": 98410000, "calculatedNetInterest": 26000, "calculatedOtherIncome": 0, "calculatedIncomeNonControlling": 0, "calculatedEbitda": 15137000}, {"date": "2011-12-31", "symbol": "ENV", "reportedCurrency": "USD", "cik": "0001337619", "fillingDate": "2012-03-09", "acceptedDate": "2012-03-09 17:05:05", "calendarYear": "2011", "period": "FY", "revenue": 123178000, "costOfRevenue": 42831000, "grossProfit": 80347000, "grossProfitRatio": 0.652283687, "researchAndDevelopmentExpenses": 0, "generalAndAdministrativeExpenses": 62161000, "sellingAndMarketingExpenses": 0, "sellingGeneralAndAdministrativeExpenses": 62161000, "otherExpenses": 6376000, "operatingExpenses": 68537000, "costAndExpenses": 111368000, "interestIncome": 77000, "interestExpense": 786000, "depreciationAndAmortization": 6376000, "ebitda": 18263000, "ebitdaratio": 0.1482651123, "operatingIncome": 11376000, "operatingIncomeRatio": 0.0923541542, "totalOtherIncomeExpensesNet": -521000, "incomeBeforeTax": 10580000, "incomeBeforeTaxRatio": 0.0858919612, "incomeTaxExpense": 2975000, "netIncome": 7605000, "netIncomeRatio": 0.0617399211, "eps": 0.24, "epsdiluted": 0.23, "weightedAverageShsOut": 31643390, "weightedAverageShsOutDil": 32863834, "link": "https://www.sec.gov/Archives/edgar/data/1337619/000119312512107210/0001193125-12-107210-index.htm", "finalLink": "https://www.sec.gov/Archives/edgar/data/1337619/000119312512107210/d277576d10k.htm", "calculatedOtherExpenses": 6810000, "calculatedOperatingExpenses": 68971000, "calculatedNetInterest": -709000, "calculatedOtherIncome": -87000, "calculatedIncomeNonControlling": 0, "calculatedEbitda": 17752000}, {"date": "2010-12-31", "symbol": "ENV", "reportedCurrency": "USD", "cik": "0001337619", "fillingDate": "2011-03-18", "acceptedDate": "2011-03-18 16:42:56", "calendarYear": "2010", "period": "FY", "revenue": 98052000, "costOfRevenue": 31444000, "grossProfit": 66608000, "grossProfitRatio": 0.6793130176, "researchAndDevelopmentExpenses": 0, "generalAndAdministrativeExpenses": 58634000, "sellingAndMarketingExpenses": 0, "sellingGeneralAndAdministrativeExpenses": 58634000, "otherExpenses": 5703000, "operatingExpenses": 64337000, "costAndExpenses": 95781000, "interestIncome": 149000, "interestExpense": 564000, "depreciationAndAmortization": 5703000, "ebitda": 8123000, "ebitdaratio": 0.0828437972, "operatingIncome": 1310000, "operatingIncomeRatio": 0.0133602578, "totalOtherIncomeExpensesNet": -949000, "incomeBeforeTax": 907000, "incomeBeforeTaxRatio": 0.0092501938, "incomeTaxExpense": 1533000, "netIncome": -626000, "netIncomeRatio": -0.0063843675, "eps": -0.0301, "epsdiluted": -0.0301, "weightedAverageShsOut": 20805911, "weightedAverageShsOutDil": 20805911, "link": "https://www.sec.gov/Archives/edgar/data/1337619/000119312511071290/0001193125-11-071290-index.htm", "finalLink": "https://www.sec.gov/Archives/edgar/data/1337619/000119312511071290/d10k.htm", "calculatedOtherExpenses": 6664000, "calculatedOperatingExpenses": 65298000, "calculatedNetInterest": -415000, "calculatedOtherIncome": 12000, "calculatedIncomeNonControlling": 0, "calculatedEbitda": 7013000}, {"date": "2009-12-31", "symbol": "ENV", "reportedCurrency": "USD", "cik": "0001337619", "fillingDate": "2009-12-31", "acceptedDate": "2009-12-30 19:00:00", "calendarYear": "2009", "period": "FY", "revenue": 77924000, "costOfRevenue": 24624000, "grossProfit": 53300000, "grossProfitRatio": 0.6839997947, "researchAndDevelopmentExpenses": 0, "generalAndAdministrativeExpenses": 44489000, "sellingAndMarketingExpenses": 0, "sellingGeneralAndAdministrativeExpenses": 44489000, "otherExpenses": 4499000, "operatingExpenses": 48988000, "costAndExpenses": 73612000, "interestIncome": 221000, "interestExpense": 0, "depreciationAndAmortization": 4517000, "ebitda": 12418000, "ebitdaratio": 0.1593604024, "operatingIncome": 4312000, "operatingIncomeRatio": 0.0553359684, "totalOtherIncomeExpensesNet": -3589000, "incomeBeforeTax": 944000, "incomeBeforeTaxRatio": 0.0121143678, "incomeTaxExpense": 1816000, "netIncome": -872000, "netIncomeRatio": -0.0111903906, "eps": -0.0675, "epsdiluted": -0.0675, "weightedAverageShsOut": 12910998, "weightedAverageShsOutDil": 12910998, "link": "", "finalLink": "", "calculatedOtherExpenses": 4499000, "calculatedOperatingExpenses": 48988000, "calculatedNetInterest": 221000, "calculatedOtherIncome": -3589000, "calculatedIncomeNonControlling": 0, "calculatedEbitda": 8829000}, {"date": "2008-12-31", "symbol": "ENV", "reportedCurrency": "USD", "cik": "0001337619", "fillingDate": "2008-12-31", "acceptedDate": "2008-12-30 19:00:00", "calendarYear": "2008", "period": "FY", "revenue": 91842000, "costOfRevenue": 34604000, "grossProfit": 57238000, "grossProfitRatio": 0.6232224908, "researchAndDevelopmentExpenses": 0, "generalAndAdministrativeExpenses": 43952000, "sellingAndMarketingExpenses": 0, "sellingGeneralAndAdministrativeExpenses": 43952000, "otherExpenses": 3538000, "operatingExpenses": 47490000, "costAndExpenses": 82094000, "interestIncome": 816000, "interestExpense": 0, "depreciationAndAmortization": 3538000, "ebitda": 13987000, "ebitdaratio": 0.1522941574, "operatingIncome": 9748000, "operatingIncomeRatio": 0.1061388036, "totalOtherIncomeExpensesNet": -701000, "incomeBeforeTax": 9863000, "incomeBeforeTaxRatio": 0.107390954, "incomeTaxExpense": 4608000, "netIncome": 5255000, "netIncomeRatio": 0.0572178306, "eps": 0.1, "epsdiluted": 0.1, "weightedAverageShsOut": 25613632, "weightedAverageShsOutDil": 25613632, "link": "", "finalLink": "", "calculatedOtherExpenses": 3538000, "calculatedOperatingExpenses": 47490000, "calculatedNetInterest": 816000, "calculatedOtherIncome": -701000, "calculatedIncomeNonControlling": 0, "calculatedEbitda": 13286000}, {"date": "2007-12-31", "symbol": "ENV", "reportedCurrency": "USD", "cik": "0001337619", "fillingDate": "2007-12-31", "acceptedDate": "2007-12-30 19:00:00", "calendarYear": "2007", "period": "FY", "revenue": 81469000, "costOfRevenue": 34541000, "grossProfit": 46928000, "grossProfitRatio": 0.5760227817, "researchAndDevelopmentExpenses": 0, "generalAndAdministrativeExpenses": 35385000, "sellingAndMarketingExpenses": 0, "sellingGeneralAndAdministrativeExpenses": 35385000, "otherExpenses": 2914000, "operatingExpenses": 38299000, "costAndExpenses": 72840000, "interestIncome": 1159000, "interestExpense": 0, "depreciationAndAmortization": 2914000, "ebitda": 11543000, "ebitdaratio": 0.1416857946, "operatingIncome": 8629000, "operatingIncomeRatio": 0.1059175883, "totalOtherIncomeExpensesNet": 1159000, "incomeBeforeTax": 9788000, "incomeBeforeTaxRatio": 0.1201438584, "incomeTaxExpense": -14150000, "netIncome": 23938000, "netIncomeRatio": 0.2938295548, "eps": 0.49, "epsdiluted": 0.49, "weightedAverageShsOut": 25613632, "weightedAverageShsOutDil": 25613632, "link": "", "finalLink": "", "calculatedOtherExpenses": 2914000, "calculatedOperatingExpenses": 38299000, "calculatedNetInterest": 1159000, "calculatedOtherIncome": 0, "calculatedIncomeNonControlling": 0, "calculatedEbitda": 11543000}]}