{"originalCurrency": "USD", "convertedCurrency": "USD", "report": [{"date": "2023-12-31", "symbol": "EOG", "reportedCurrency": "USD", "cik": "0000821189", "fillingDate": "2024-02-22", "acceptedDate": "2024-02-22 16:43:31", "calendarYear": "2023", "period": "FY", "revenue": 23182000000, "costOfRevenue": 5609000000, "grossProfit": 17573000000, "grossProfitRatio": 0.7580450349, "researchAndDevelopmentExpenses": 0, "generalAndAdministrativeExpenses": 640000000, "sellingAndMarketingExpenses": 5709000000, "sellingGeneralAndAdministrativeExpenses": 6349000000, "otherExpenses": -6000000, "operatingExpenses": 8681000000, "costAndExpenses": 14290000000, "interestIncome": 240000000, "interestExpense": 148000000, "depreciationAndAmortization": 3492000000, "ebitda": 12618000000, "ebitdaratio": 0.5443016133, "operatingIncome": 9603000000, "operatingIncomeRatio": 0.4142438099, "totalOtherIncomeExpensesNet": 705000000, "incomeBeforeTax": 9689000000, "incomeBeforeTaxRatio": 0.4179535847, "incomeTaxExpense": 2095000000, "netIncome": 7594000000, "netIncomeRatio": 0.3275817445, "eps": 13.07, "epsdiluted": 13, "weightedAverageShsOut": 581000000, "weightedAverageShsOutDil": 584000000, "link": "https://www.sec.gov/Archives/edgar/data/821189/000082118924000011/0000821189-24-000011-index.htm", "finalLink": "https://www.sec.gov/Archives/edgar/data/821189/000082118924000011/eog-20231231.htm", "calculatedOtherExpenses": 1621000000, "calculatedOperatingExpenses": 7970000000, "calculatedNetInterest": 92000000, "calculatedOtherIncome": -6000000, "calculatedIncomeNonControlling": 0, "calculatedEbitda": 13095000000}, {"date": "2022-12-31", "symbol": "EOG", "reportedCurrency": "USD", "cik": "0000821189", "fillingDate": "2023-02-23", "acceptedDate": "2023-02-23 16:23:25", "calendarYear": "2022", "period": "FY", "revenue": 29492000000, "costOfRevenue": 5494000000, "grossProfit": 23998000000, "grossProfitRatio": 0.8137121931, "researchAndDevelopmentExpenses": 0, "generalAndAdministrativeExpenses": 570000000, "sellingAndMarketingExpenses": 6535000000, "sellingGeneralAndAdministrativeExpenses": 7105000000, "otherExpenses": 2637000000, "operatingExpenses": 9742000000, "costAndExpenses": 15236000000, "interestIncome": 85000000, "interestExpense": 179000000, "depreciationAndAmortization": 910000000, "ebitda": 15280000000, "ebitdaratio": 0.5181066052, "operatingIncome": 14370000000, "operatingIncomeRatio": 0.4872507799, "totalOtherIncomeExpensesNet": -4469000000, "incomeBeforeTax": 9901000000, "incomeBeforeTaxRatio": 0.3357181609, "incomeTaxExpense": 2142000000, "netIncome": 7759000000, "netIncomeRatio": 0.2630882951, "eps": 13.31, "epsdiluted": 13.22, "weightedAverageShsOut": 583000000, "weightedAverageShsOutDil": 587000000, "link": "https://www.sec.gov/Archives/edgar/data/821189/000082118923000015/0000821189-23-000015-index.htm", "finalLink": "https://www.sec.gov/Archives/edgar/data/821189/000082118923000015/eog-20221231.htm", "calculatedOtherExpenses": 2523000000, "calculatedOperatingExpenses": 9628000000, "calculatedNetInterest": -94000000, "calculatedOtherIncome": -4375000000, "calculatedIncomeNonControlling": 0, "calculatedEbitda": 15280000000}, {"date": "2021-12-31", "symbol": "EOG", "reportedCurrency": "USD", "cik": "0000821189", "fillingDate": "2022-02-24", "acceptedDate": "2022-02-24 16:51:16", "calendarYear": "2021", "period": "FY", "revenue": 19669000000, "costOfRevenue": 5345000000, "grossProfit": 14324000000, "grossProfitRatio": 0.7282525802, "researchAndDevelopmentExpenses": 0, "generalAndAdministrativeExpenses": 511000000, "sellingAndMarketingExpenses": 4173000000, "sellingGeneralAndAdministrativeExpenses": 4684000000, "otherExpenses": 2027000000, "operatingExpenses": 6711000000, "costAndExpenses": 12056000000, "interestIncome": 3000000, "interestExpense": 178000000, "depreciationAndAmortization": 5171000000, "ebitda": 11273000000, "ebitdaratio": 0.5731353907, "operatingIncome": 6102000000, "operatingIncomeRatio": 0.310234379, "totalOtherIncomeExpensesNet": -169000000, "incomeBeforeTax": 5933000000, "incomeBeforeTaxRatio": 0.301642178, "incomeTaxExpense": 1269000000, "netIncome": 4664000000, "netIncomeRatio": 0.237124409, "eps": 8.03, "epsdiluted": 7.99, "weightedAverageShsOut": 581000000, "weightedAverageShsOutDil": 584000000, "link": "https://www.sec.gov/Archives/edgar/data/821189/000082118922000017/0000821189-22-000017-index.htm", "finalLink": "https://www.sec.gov/Archives/edgar/data/821189/000082118922000017/eog-20211231.htm", "calculatedOtherExpenses": 3538000000, "calculatedOperatingExpenses": 8222000000, "calculatedNetInterest": -175000000, "calculatedOtherIncome": 6000000, "calculatedIncomeNonControlling": 0, "calculatedEbitda": 11273000000}, {"date": "2020-12-31", "symbol": "EOG", "reportedCurrency": "USD", "cik": "0000821189", "fillingDate": "2021-02-25", "acceptedDate": "2021-02-25 16:57:09", "calendarYear": "2020", "period": "FY", "revenue": 9873240000, "costOfRevenue": 4922938000, "grossProfit": 4950302000, "grossProfitRatio": 0.501385766, "researchAndDevelopmentExpenses": 0, "generalAndAdministrativeExpenses": 483823000, "sellingAndMarketingExpenses": 2697729000, "sellingGeneralAndAdministrativeExpenses": 3181552000, "otherExpenses": 1310840000, "operatingExpenses": 4492392000, "costAndExpenses": 9415330000, "interestIncome": 12000000, "interestExpense": 205266000, "depreciationAndAmortization": 3400353000, "ebitda": 3868491000, "ebitdaratio": 0.3918157565, "operatingIncome": 468138000, "operatingIncomeRatio": 0.0474148304, "totalOtherIncomeExpensesNet": -1207192000, "incomeBeforeTax": -739054000, "incomeBeforeTaxRatio": -0.0748542525, "incomeTaxExpense": -134482000, "netIncome": -604572000, "netIncomeRatio": -0.0612333945, "eps": -1.04, "epsdiluted": -1.04, "weightedAverageShsOut": 578949000, "weightedAverageShsOutDil": 578949000, "link": "https://www.sec.gov/Archives/edgar/data/821189/000082118921000017/0000821189-21-000017-index.htm", "finalLink": "https://www.sec.gov/Archives/edgar/data/821189/000082118921000017/eog-20201231.htm", "calculatedOtherExpenses": 1300612000, "calculatedOperatingExpenses": 4482164000, "calculatedNetInterest": -193266000, "calculatedOtherIncome": -1013926000, "calculatedIncomeNonControlling": 0, "calculatedEbitda": 3868491000}, {"date": "2019-12-31", "symbol": "EOG", "reportedCurrency": "USD", "cik": "0000821189", "fillingDate": "2020-02-27", "acceptedDate": "2020-02-27 16:49:50", "calendarYear": "2019", "period": "FY", "revenue": 16941727000, "costOfRevenue": 5595799000, "grossProfit": 11345928000, "grossProfitRatio": 0.6697031536, "researchAndDevelopmentExpenses": 0, "generalAndAdministrativeExpenses": 489397000, "sellingAndMarketingExpenses": 5351524000, "sellingGeneralAndAdministrativeExpenses": 5840921000, "otherExpenses": 1591988000, "operatingExpenses": 7432909000, "costAndExpenses": 13028708000, "interestIncome": 26000000, "interestExpense": 185129000, "depreciationAndAmortization": 3995097000, "ebitda": 7694108000, "ebitdaratio": 0.4541513389, "operatingIncome": 3699011000, "operatingIncomeRatio": 0.2183373041, "totalOtherIncomeExpensesNet": -153744000, "incomeBeforeTax": 3545267000, "incomeBeforeTaxRatio": 0.2092624323, "incomeTaxExpense": 810357000, "netIncome": 2734910000, "netIncomeRatio": 0.1614304138, "eps": 4.73, "epsdiluted": 4.71, "weightedAverageShsOut": 577670000, "weightedAverageShsOutDil": 580777000, "link": "https://www.sec.gov/Archives/edgar/data/821189/000082118920000010/0000821189-20-000010-index.htm", "finalLink": "https://www.sec.gov/Archives/edgar/data/821189/000082118920000010/a2019123110-k.htm", "calculatedOtherExpenses": 1805996000, "calculatedOperatingExpenses": 7646917000, "calculatedNetInterest": -159129000, "calculatedOtherIncome": 5385000, "calculatedIncomeNonControlling": 0, "calculatedEbitda": 7694108000}, {"date": "2018-12-31", "symbol": "EOG", "reportedCurrency": "USD", "cik": "0000821189", "fillingDate": "2019-02-26", "acceptedDate": "2019-02-26 16:24:41", "calendarYear": "2018", "period": "FY", "revenue": 17176842000, "costOfRevenue": 5155059000, "grossProfit": 12021783000, "grossProfitRatio": 0.6998831916, "researchAndDevelopmentExpenses": 0, "generalAndAdministrativeExpenses": 426969000, "sellingAndMarketingExpenses": 5203243000, "sellingGeneralAndAdministrativeExpenses": 5630212000, "otherExpenses": 16704000, "operatingExpenses": 7214338000, "costAndExpenses": 12369397000, "interestIncome": 0, "interestExpense": 245052000, "depreciationAndAmortization": 3435408000, "ebitda": 8259557000, "ebitdaratio": 0.4808542222, "operatingIncome": 4469346000, "operatingIncomeRatio": 0.2601960244, "totalOtherIncomeExpensesNet": -321395000, "incomeBeforeTax": 4240998000, "incomeBeforeTaxRatio": 0.246902079, "incomeTaxExpense": 821958000, "netIncome": 3419040000, "netIncomeRatio": 0.1990493945, "eps": 5.93, "epsdiluted": 5.89, "weightedAverageShsOut": 576600000, "weightedAverageShsOutDil": 580400000, "link": "https://www.sec.gov/Archives/edgar/data/821189/000082118919000009/0000821189-19-000009-index.htm", "finalLink": "https://www.sec.gov/Archives/edgar/data/821189/000082118919000009/a2018123110-k.htm", "calculatedOtherExpenses": 1922225000, "calculatedOperatingExpenses": 7552437000, "calculatedNetInterest": -245052000, "calculatedOtherIncome": 16704000, "calculatedIncomeNonControlling": 0, "calculatedEbitda": 7904754000}, {"date": "2017-12-31", "symbol": "EOG", "reportedCurrency": "USD", "cik": "0000821189", "fillingDate": "2018-02-27", "acceptedDate": "2018-02-27 16:28:26", "calendarYear": "2017", "period": "FY", "revenue": 11205978000, "costOfRevenue": 4603009000, "grossProfit": 6602969000, "grossProfitRatio": 0.5892362987, "researchAndDevelopmentExpenses": 0, "generalAndAdministrativeExpenses": 434467000, "sellingAndMarketingExpenses": 3330237000, "sellingGeneralAndAdministrativeExpenses": 3764704000, "otherExpenses": 9152000, "operatingExpenses": 5118059000, "costAndExpenses": 9721068000, "interestIncome": 0, "interestExpense": 274372000, "depreciationAndAmortization": 3409387000, "ebitda": 4903449000, "ebitdaratio": 0.4375743911, "operatingIncome": 926402000, "operatingIncomeRatio": 0.082670339, "totalOtherIncomeExpensesNet": -549356000, "incomeBeforeTax": 661182000, "incomeBeforeTaxRatio": 0.0590026145, "incomeTaxExpense": -1921397000, "netIncome": 2582579000, "netIncomeRatio": 0.2304644003, "eps": 4.49, "epsdiluted": 4.46, "weightedAverageShsOut": 574600000, "weightedAverageShsOutDil": 578700000, "link": "https://www.sec.gov/Archives/edgar/data/821189/000082118918000012/0000821189-18-000012-index.htm", "finalLink": "https://www.sec.gov/Archives/edgar/data/821189/000082118918000012/a2017123110-k.htm", "calculatedOtherExpenses": 1911863000, "calculatedOperatingExpenses": 5676567000, "calculatedNetInterest": -274372000, "calculatedOtherIncome": 9152000, "calculatedIncomeNonControlling": 0, "calculatedEbitda": 4335789000}, {"date": "2016-12-31", "symbol": "EOG", "reportedCurrency": "USD", "cik": "0000821189", "fillingDate": "2017-02-27", "acceptedDate": "2017-02-27 17:06:32", "calendarYear": "2016", "period": "FY", "revenue": 7463002000, "costOfRevenue": 4603770000, "grossProfit": 2859232000, "grossProfitRatio": 0.3831208942, "researchAndDevelopmentExpenses": 0, "generalAndAdministrativeExpenses": 394815000, "sellingAndMarketingExpenses": 2007635000, "sellingGeneralAndAdministrativeExpenses": 2402450000, "otherExpenses": -50543000, "operatingExpenses": 3570473000, "costAndExpenses": 8174243000, "interestIncome": 0, "interestExpense": 281681000, "depreciationAndAmortization": 3553417000, "ebitda": 2791633000, "ebitdaratio": 0.3740630111, "operatingIncome": -1225281000, "operatingIncomeRatio": -0.1641807144, "totalOtherIncomeExpensesNet": -564583000, "incomeBeforeTax": -1557505000, "incomeBeforeTaxRatio": -0.2086968488, "incomeTaxExpense": -460819000, "netIncome": -1096686000, "netIncomeRatio": -0.1469497127, "eps": -1.98, "epsdiluted": -1.98, "weightedAverageShsOut": 553384000, "weightedAverageShsOutDil": 553400000, "link": "https://www.sec.gov/Archives/edgar/data/821189/000082118917000017/0000821189-17-000017-index.htm", "finalLink": "https://www.sec.gov/Archives/edgar/data/821189/000082118917000017/a2016123110-k.htm", "calculatedOtherExpenses": 1682063000, "calculatedOperatingExpenses": 4084513000, "calculatedNetInterest": -281681000, "calculatedOtherIncome": -50543000, "calculatedIncomeNonControlling": 0, "calculatedEbitda": 2328136000}, {"date": "2015-12-31", "symbol": "EOG", "reportedCurrency": "USD", "cik": "0000821189", "fillingDate": "2016-02-25", "acceptedDate": "2016-02-25 16:27:17", "calendarYear": "2015", "period": "FY", "revenue": 8656393000, "costOfRevenue": 4642082000, "grossProfit": 4014311000, "grossProfitRatio": 0.4637394582, "researchAndDevelopmentExpenses": 0, "generalAndAdministrativeExpenses": 366594000, "sellingAndMarketingExpenses": 2385982000, "sellingGeneralAndAdministrativeExpenses": 2752576000, "otherExpenses": 1916000, "operatingExpenses": 4139970000, "costAndExpenses": 8782052000, "interestIncome": 0, "interestExpense": 237393000, "depreciationAndAmortization": 3313644000, "ebitda": 3189901000, "ebitdaratio": 0.3685023312, "operatingIncome": -6686079000, "operatingIncomeRatio": -0.7723862583, "totalOtherIncomeExpensesNet": -6558504000, "incomeBeforeTax": -6921556000, "incomeBeforeTaxRatio": -0.7995889281, "incomeTaxExpense": -2397041000, "netIncome": -4524515000, "netIncomeRatio": -0.5226790188, "eps": -8.29, "epsdiluted": -8.29, "weightedAverageShsOut": 545697000, "weightedAverageShsOutDil": 545700000, "link": "https://www.sec.gov/Archives/edgar/data/821189/000082118916000054/0000821189-16-000054-index.htm", "finalLink": "https://www.sec.gov/Archives/edgar/data/821189/000082118916000054/a2015123110-k.htm", "calculatedOtherExpenses": 7947814000, "calculatedOperatingExpenses": 10700390000, "calculatedNetInterest": -237393000, "calculatedOtherIncome": 1916000, "calculatedIncomeNonControlling": 0, "calculatedEbitda": -3372435000}, {"date": "2014-12-31", "symbol": "EOG", "reportedCurrency": "USD", "cik": "0000821189", "fillingDate": "2015-02-18", "acceptedDate": "2015-02-18 17:28:02", "calendarYear": "2014", "period": "FY", "revenue": 16639233000, "costOfRevenue": 5559254000, "grossProfit": 11079979000, "grossProfitRatio": 0.6658948162, "researchAndDevelopmentExpenses": 0, "generalAndAdministrativeExpenses": 402010000, "sellingAndMarketingExpenses": 4126060000, "sellingGeneralAndAdministrativeExpenses": 4528070000, "otherExpenses": -45050000, "operatingExpenses": 6436444000, "costAndExpenses": 11995698000, "interestIncome": 0, "interestExpense": 201458000, "depreciationAndAmortization": 3997041000, "ebitda": 8595526000, "ebitdaratio": 0.5165818641, "operatingIncome": 5241823000, "operatingIncomeRatio": 0.3150279223, "totalOtherIncomeExpensesNet": 553238000, "incomeBeforeTax": 4995315000, "incomeBeforeTaxRatio": 0.3002130567, "incomeTaxExpense": 2079828000, "netIncome": 2915487000, "netIncomeRatio": 0.1752176317, "eps": 5.36, "epsdiluted": 5.32, "weightedAverageShsOut": 543400000, "weightedAverageShsOutDil": 548500000, "link": "https://www.sec.gov/Archives/edgar/data/821189/000082118915000010/0000821189-15-000010-index.htm", "finalLink": "https://www.sec.gov/Archives/edgar/data/821189/000082118915000010/a2014123110-k.htm", "calculatedOtherExpenses": 1310086000, "calculatedOperatingExpenses": 5838156000, "calculatedNetInterest": -201458000, "calculatedOtherIncome": -45050000, "calculatedIncomeNonControlling": 0, "calculatedEbitda": 9238864000}, {"date": "2013-12-31", "symbol": "EOG", "reportedCurrency": "USD", "cik": "0000821189", "fillingDate": "2014-02-24", "acceptedDate": "2014-02-24 17:25:32", "calendarYear": "2013", "period": "FY", "revenue": 14399395000, "costOfRevenue": 4814825000, "grossProfit": 9584570000, "grossProfitRatio": 0.6656231043, "researchAndDevelopmentExpenses": 0, "generalAndAdministrativeExpenses": 348312000, "sellingAndMarketingExpenses": 3648840000, "sellingGeneralAndAdministrativeExpenses": 3997152000, "otherExpenses": -2865000, "operatingExpenses": 5653634000, "costAndExpenses": 10468459000, "interestIncome": 0, "interestExpense": 235460000, "depreciationAndAmortization": 3600976000, "ebitda": 7529047000, "ebitdaratio": 0.522872454, "operatingIncome": 3675211000, "operatingIncomeRatio": 0.2552337095, "totalOtherIncomeExpensesNet": -258590000, "incomeBeforeTax": 3436886000, "incomeBeforeTaxRatio": 0.2386826669, "incomeTaxExpense": 1239777000, "netIncome": 2197109000, "netIncomeRatio": 0.1525834245, "eps": 4.07, "epsdiluted": 4.02, "weightedAverageShsOut": 540341000, "weightedAverageShsOutDil": 546227000, "link": "https://www.sec.gov/Archives/edgar/data/821189/000082118914000007/0000821189-14-000007-index.htm", "finalLink": "https://www.sec.gov/Archives/edgar/data/821189/000082118914000007/eogform10-k.htm", "calculatedOtherExpenses": 1912207000, "calculatedOperatingExpenses": 5909359000, "calculatedNetInterest": -235460000, "calculatedOtherIncome": -2865000, "calculatedIncomeNonControlling": 0, "calculatedEbitda": 7276187000}, {"date": "2012-12-31", "symbol": "EOG", "reportedCurrency": "USD", "cik": "0000821189", "fillingDate": "2013-02-22", "acceptedDate": "2013-02-21 20:04:48", "calendarYear": "2012", "period": "FY", "revenue": 11055070000, "costOfRevenue": 4267700000, "grossProfit": 6787370000, "grossProfitRatio": 0.6139599297, "researchAndDevelopmentExpenses": 0, "generalAndAdministrativeExpenses": 331545000, "sellingAndMarketingExpenses": 3035494000, "sellingGeneralAndAdministrativeExpenses": 3367039000, "otherExpenses": 14495000, "operatingExpenses": 4623242000, "costAndExpenses": 8890942000, "interestIncome": 0, "interestExpense": 213552000, "depreciationAndAmortization": 3169703000, "ebitda": 5348326000, "ebitdaratio": 0.4837894287, "operatingIncome": 1479797000, "operatingIncomeRatio": 0.1338568639, "totalOtherIncomeExpensesNet": -669836000, "incomeBeforeTax": 1280740000, "incomeBeforeTaxRatio": 0.1158509173, "incomeTaxExpense": 710461000, "netIncome": 570279000, "netIncomeRatio": 0.0515852907, "eps": 1.07, "epsdiluted": 1.06, "weightedAverageShsOut": 535200000, "weightedAverageShsOutDil": 541600000, "link": "https://www.sec.gov/Archives/edgar/data/821189/000082118913000014/0000821189-13-000014-index.htm", "finalLink": "https://www.sec.gov/Archives/edgar/data/821189/000082118913000014/eogform10-k.htm", "calculatedOtherExpenses": 1940534000, "calculatedOperatingExpenses": 5307573000, "calculatedNetInterest": -213552000, "calculatedOtherIncome": 14495000, "calculatedIncomeNonControlling": 0, "calculatedEbitda": 4649500000}, {"date": "2011-12-30", "symbol": "EOG", "reportedCurrency": "USD", "cik": "0000821189", "fillingDate": "2012-02-24", "acceptedDate": "2012-02-24 16:20:46", "calendarYear": "2011", "period": "FY", "revenue": 10126115000, "costOfRevenue": 1677891000, "grossProfit": 8448224000, "grossProfitRatio": 0.8343006178, "researchAndDevelopmentExpenses": 171658000, "generalAndAdministrativeExpenses": 304811000, "sellingAndMarketingExpenses": 2072137000, "sellingGeneralAndAdministrativeExpenses": 2376948000, "otherExpenses": 0, "operatingExpenses": 5303878000, "costAndExpenses": 6981769000, "interestIncome": 0, "interestExpense": 210363000, "depreciationAndAmortization": 2516381000, "ebitda": 5660727000, "ebitdaratio": 0.5590225866, "operatingIncome": 2113309000, "operatingIncomeRatio": 0.2086988939, "totalOtherIncomeExpensesNet": -1024184000, "incomeBeforeTax": 1909799000, "incomeBeforeTaxRatio": 0.188601354, "incomeTaxExpense": 818676000, "netIncome": 1091123000, "netIncomeRatio": 0.1077533684, "eps": 2.08, "epsdiluted": 2.05, "weightedAverageShsOut": 525400000, "weightedAverageShsOutDil": 532600000, "link": "https://www.sec.gov/Archives/edgar/data/821189/000082118912000014/0000821189-12-000014-index.htm", "finalLink": "https://www.sec.gov/Archives/edgar/data/821189/000082118912000014/eog10-k.htm", "calculatedOtherExpenses": 3786309000, "calculatedOperatingExpenses": 6334915000, "calculatedNetInterest": -210363000, "calculatedOtherIncome": 6853000, "calculatedIncomeNonControlling": 0, "calculatedEbitda": 4629690000}, {"date": "2010-12-31", "symbol": "EOG", "reportedCurrency": "USD", "cik": "0000821189", "fillingDate": "2011-02-24", "acceptedDate": "2011-02-24 17:06:25", "calendarYear": "2010", "period": "FY", "revenue": 6099896000, "costOfRevenue": 1222863000, "grossProfit": 4877033000, "grossProfitRatio": 0.7995272378, "researchAndDevelopmentExpenses": 0, "generalAndAdministrativeExpenses": 467855000, "sellingAndMarketingExpenses": 884212000, "sellingGeneralAndAdministrativeExpenses": 1352067000, "otherExpenses": 2259000000, "operatingExpenses": 3611067000, "costAndExpenses": 4833930000, "interestIncome": 0, "interestExpense": 129586000, "depreciationAndAmortization": 1941926000, "ebitda": 3207892000, "ebitdaratio": 0.5258929005, "operatingIncome": 523319000, "operatingIncomeRatio": 0.0857914627, "totalOtherIncomeExpensesNet": -728404000, "incomeBeforeTax": 407976000, "incomeBeforeTaxRatio": 0.0668824518, "incomeTaxExpense": 247322000, "netIncome": 160654000, "netIncomeRatio": 0.0263371703, "eps": 0.32, "epsdiluted": 0.32, "weightedAverageShsOut": 501800000, "weightedAverageShsOutDil": 509000000, "link": "https://www.sec.gov/Archives/edgar/data/821189/000082118911000022/0000821189-11-000022-index.htm", "finalLink": "https://www.sec.gov/Archives/edgar/data/821189/000082118911000022/eogform10-k.htm", "calculatedOtherExpenses": 3001647000, "calculatedOperatingExpenses": 4353714000, "calculatedNetInterest": -129586000, "calculatedOtherIncome": 14243000, "calculatedIncomeNonControlling": 0, "calculatedEbitda": 2465245000}, {"date": "2009-12-31", "symbol": "EOG", "reportedCurrency": "USD", "cik": "0000821189", "fillingDate": "2010-02-25", "acceptedDate": "2010-02-25 17:10:39", "calendarYear": "2009", "period": "FY", "revenue": 4786959000, "costOfRevenue": 1141086000, "grossProfit": 3645873000, "grossProfitRatio": 0.761626118, "researchAndDevelopmentExpenses": 0, "generalAndAdministrativeExpenses": 248274000, "sellingAndMarketingExpenses": 397375000, "sellingGeneralAndAdministrativeExpenses": 645649000, "otherExpenses": 1723551000, "operatingExpenses": 2369200000, "costAndExpenses": 3510286000, "interestIncome": 0, "interestExpense": 100901000, "depreciationAndAmortization": 1549188000, "ebitda": 2825861000, "ebitdaratio": 0.5903248806, "operatingIncome": 970841000, "operatingIncomeRatio": 0.2028095499, "totalOtherIncomeExpensesNet": -303761000, "incomeBeforeTax": 872011000, "incomeBeforeTaxRatio": 0.1821638748, "incomeTaxExpense": 325384000, "netIncome": 546627000, "netIncomeRatio": 0.1141908673, "eps": 1.1, "epsdiluted": 1.09, "weightedAverageShsOut": 498000000, "weightedAverageShsOutDil": 503800000, "link": "https://www.sec.gov/Archives/edgar/data/821189/000082118910000011/0000821189-10-000011-index.htm", "finalLink": "https://www.sec.gov/Archives/edgar/data/821189/000082118910000011/form10-k.htm", "calculatedOtherExpenses": 2029383000, "calculatedOperatingExpenses": 2675032000, "calculatedNetInterest": -100901000, "calculatedOtherIncome": 2071000, "calculatedIncomeNonControlling": 0, "calculatedEbitda": 2520029000}, {"date": "2008-12-31", "symbol": "EOG", "reportedCurrency": "USD", "cik": "0000821189", "fillingDate": "2009-02-25", "acceptedDate": "2009-02-25 17:23:53", "calendarYear": "2008", "period": "FY", "revenue": 6386519000, "costOfRevenue": 1275720000, "grossProfit": 5110799000, "grossProfitRatio": 0.8002479911, "researchAndDevelopmentExpenses": 0, "generalAndAdministrativeExpenses": 0, "sellingAndMarketingExpenses": 0, "sellingGeneralAndAdministrativeExpenses": 243708000, "otherExpenses": 907047000, "operatingExpenses": 1150755000, "costAndExpenses": 2426475000, "interestIncome": 0, "interestExpense": 0, "depreciationAndAmortization": 1326875000, "ebitda": 4901001000, "ebitdaratio": 0.7673978579, "operatingIncome": 3767185000, "operatingIncomeRatio": 0.5898651519, "totalOtherIncomeExpensesNet": 385918000, "incomeBeforeTax": 3746539000, "incomeBeforeTaxRatio": 0.5866324049, "incomeTaxExpense": 1309620000, "netIncome": 2436919000, "netIncomeRatio": 0.3815723401, "eps": 4.94, "epsdiluted": 4.86, "weightedAverageShsOut": 493324000, "weightedAverageShsOutDil": 501084000, "link": "https://www.sec.gov/Archives/edgar/data/821189/000082118909000008/0000821189-09-000008-index.htm", "finalLink": "https://www.sec.gov/Archives/edgar/data/821189/000082118909000008/form10-k.htm", "calculatedOtherExpenses": 1099906000, "calculatedOperatingExpenses": 1343614000, "calculatedNetInterest": 0, "calculatedOtherIncome": -20646000, "calculatedIncomeNonControlling": 0, "calculatedEbitda": 5094060000}, {"date": "2007-12-31", "symbol": "EOG", "reportedCurrency": "USD", "cik": "0000821189", "fillingDate": "2008-02-28", "acceptedDate": "2008-02-28 16:16:03", "calendarYear": "2007", "period": "FY", "revenue": 4038496000, "costOfRevenue": 916050000, "grossProfit": 3122446000, "grossProfitRatio": 0.773170507, "researchAndDevelopmentExpenses": 0, "generalAndAdministrativeExpenses": 0, "sellingAndMarketingExpenses": 0, "sellingGeneralAndAdministrativeExpenses": 205210000, "otherExpenses": 1121323000, "operatingExpenses": 1326533000, "costAndExpenses": 2242583000, "interestIncome": 0, "interestExpense": 0, "depreciationAndAmortization": 1065545000, "ebitda": 2974947000, "ebitdaratio": 0.7366472568, "operatingIncome": 1648396000, "operatingIncomeRatio": 0.4081707646, "totalOtherIncomeExpensesNet": -113489000, "incomeBeforeTax": 1630868000, "incomeBeforeTaxRatio": 0.4038305349, "incomeTaxExpense": 540950000, "netIncome": 1089918000, "netIncomeRatio": 0.2698821541, "eps": 2.23, "epsdiluted": 2.19, "weightedAverageShsOut": 486938000, "weightedAverageShsOutDil": 495274000, "link": "https://www.sec.gov/Archives/edgar/data/821189/000082118908000042/0000821189-08-000042-index.htm", "finalLink": "https://www.sec.gov/Archives/edgar/data/821189/000082118908000042/form10-k.htm", "calculatedOtherExpenses": 1268840000, "calculatedOperatingExpenses": 1474050000, "calculatedNetInterest": 0, "calculatedOtherIncome": -17528000, "calculatedIncomeNonControlling": 0, "calculatedEbitda": 2713941000}, {"date": "2006-12-31", "symbol": "EOG", "reportedCurrency": "USD", "cik": "0000821189", "fillingDate": "2007-02-28", "acceptedDate": "2007-02-28 16:31:51", "calendarYear": "2006", "period": "FY", "revenue": 3904415000, "costOfRevenue": 717798000, "grossProfit": 3186617000, "grossProfitRatio": 0.8161573501, "researchAndDevelopmentExpenses": 0, "generalAndAdministrativeExpenses": 0, "sellingAndMarketingExpenses": 0, "sellingGeneralAndAdministrativeExpenses": 164981000, "otherExpenses": 1017952000, "operatingExpenses": 1182933000, "costAndExpenses": 1900731000, "interestIncome": 0, "interestExpense": 0, "depreciationAndAmortization": 817089000, "ebitda": 2637326000, "ebitdaratio": 0.6754727661, "operatingIncome": 1895426000, "operatingIncomeRatio": 0.4854571043, "totalOtherIncomeExpensesNet": 183447000, "incomeBeforeTax": 1912641000, "incomeBeforeTaxRatio": 0.4898662156, "incomeTaxExpense": 612756000, "netIncome": 1299885000, "netIncomeRatio": 0.3329269558, "eps": 2.67, "epsdiluted": 2.62, "weightedAverageShsOut": 483564000, "weightedAverageShsOutDil": 492200000, "link": "https://www.sec.gov/Archives/edgar/data/821189/000082118907000056/0000821189-07-000056-index.htm", "finalLink": "https://www.sec.gov/Archives/edgar/data/821189/000082118907000056/form10-k.htm", "calculatedOtherExpenses": 1126210000, "calculatedOperatingExpenses": 1291191000, "calculatedNetInterest": 0, "calculatedOtherIncome": 17215000, "calculatedIncomeNonControlling": 0, "calculatedEbitda": 2712515000}, {"date": "2005-12-31", "symbol": "EOG", "reportedCurrency": "USD", "cik": "0000821189", "fillingDate": "2006-02-23", "acceptedDate": "2006-02-22 18:19:04", "calendarYear": "2005", "period": "FY", "revenue": 3606990000, "costOfRevenue": 571283000, "grossProfit": 3035707000, "grossProfitRatio": 0.8416178032, "researchAndDevelopmentExpenses": 0, "generalAndAdministrativeExpenses": 0, "sellingAndMarketingExpenses": 0, "sellingGeneralAndAdministrativeExpenses": 125918000, "otherExpenses": 840042000, "operatingExpenses": 965960000, "costAndExpenses": 1537243000, "interestIncome": 0, "interestExpense": 0, "depreciationAndAmortization": 654258000, "ebitda": 2830818000, "ebitdaratio": 0.7848144852, "operatingIncome": 1991815000, "operatingIncomeRatio": 0.5522097372, "totalOtherIncomeExpensesNet": -106813000, "incomeBeforeTax": 1965137000, "incomeBeforeTaxRatio": 0.5448135426, "incomeTaxExpense": 705561000, "netIncome": 1259576000, "netIncomeRatio": 0.3492041841, "eps": 2.62, "epsdiluted": 2.57, "weightedAverageShsOut": 477594000, "weightedAverageShsOutDil": 487950000, "link": "https://www.sec.gov/Archives/edgar/data/821189/000082118906000040/0000821189-06-000040-index.htm", "finalLink": "https://www.sec.gov/Archives/edgar/data/821189/000082118906000040/form10-k.htm", "calculatedOtherExpenses": 917974000, "calculatedOperatingExpenses": 1043892000, "calculatedNetInterest": 0, "calculatedOtherIncome": -26678000, "calculatedIncomeNonControlling": 0, "calculatedEbitda": 2646073000}, {"date": "2004-12-31", "symbol": "EOG", "reportedCurrency": "USD", "cik": "0000821189", "fillingDate": "2005-02-25", "acceptedDate": "2005-02-25 14:02:17", "calendarYear": "2004", "period": "FY", "revenue": 2302341000, "costOfRevenue": 457169000, "grossProfit": 1845172000, "grossProfitRatio": 0.8014329763, "researchAndDevelopmentExpenses": 0, "generalAndAdministrativeExpenses": 0, "sellingAndMarketingExpenses": 0, "sellingGeneralAndAdministrativeExpenses": 115013000, "otherExpenses": 750964000, "operatingExpenses": 865977000, "costAndExpenses": 1323146000, "interestIncome": 0, "interestExpense": 0, "depreciationAndAmortization": 504403000, "ebitda": 1586299000, "ebitdaratio": 0.6889939414, "operatingIncome": 979195000, "operatingIncomeRatio": 0.4253040709, "totalOtherIncomeExpensesNet": -102701000, "incomeBeforeTax": 926012000, "incomeBeforeTaxRatio": 0.4022045388, "incomeTaxExpense": 301157000, "netIncome": 624855000, "netIncomeRatio": 0.2713998491, "eps": 1.32, "epsdiluted": 1.29, "weightedAverageShsOut": 467502000, "weightedAverageShsOutDil": 476752000, "link": "https://www.sec.gov/Archives/edgar/data/821189/000082118905000054/0000821189-05-000054-index.htm", "finalLink": "https://www.sec.gov/Archives/edgar/data/821189/000082118905000054/eog10-k04.txt", "calculatedOtherExpenses": 750964000, "calculatedOperatingExpenses": 865977000, "calculatedNetInterest": 0, "calculatedOtherIncome": -53183000, "calculatedIncomeNonControlling": 0, "calculatedEbitda": 1483598000}, {"date": "2003-12-31", "symbol": "EOG", "reportedCurrency": "USD", "cik": "0000821189", "fillingDate": "2004-03-11", "acceptedDate": "2004-03-11 12:30:45", "calendarYear": "2003", "period": "FY", "revenue": 1820394000, "costOfRevenue": 330115000, "grossProfit": 1490279000, "grossProfitRatio": 0.8186573896, "researchAndDevelopmentExpenses": 0, "generalAndAdministrativeExpenses": 0, "sellingAndMarketingExpenses": 0, "sellingGeneralAndAdministrativeExpenses": 100403000, "otherExpenses": 692562000, "operatingExpenses": 792965000, "costAndExpenses": 1123080000, "interestIncome": 0, "interestExpense": 0, "depreciationAndAmortization": 441843000, "ebitda": 1288736000, "ebitdaratio": 0.7079434452, "operatingIncome": 697314000, "operatingIncomeRatio": 0.383056635, "totalOtherIncomeExpensesNet": -149579000, "incomeBeforeTax": 653876000, "incomeBeforeTaxRatio": 0.3591947677, "incomeTaxExpense": 216600000, "netIncome": 430145000, "netIncomeRatio": 0.2362922532, "eps": 0.92, "epsdiluted": 0.9, "weightedAverageShsOut": 458388000, "weightedAverageShsOutDil": 466076000, "link": "https://www.sec.gov/Archives/edgar/data/821189/000082118904000070/0000821189-04-000070-index.htm", "finalLink": "https://www.sec.gov/Archives/edgar/data/821189/000082118904000070/eog10-k03.txt", "calculatedOtherExpenses": 692562000, "calculatedOperatingExpenses": 792965000, "calculatedNetInterest": 0, "calculatedOtherIncome": -43438000, "calculatedIncomeNonControlling": 7131000, "calculatedEbitda": 1139157000}, {"date": "2002-12-31", "symbol": "EOG", "reportedCurrency": "USD", "cik": "0000821189", "fillingDate": "2003-03-13", "acceptedDate": "2003-03-13 16:50:47", "calendarYear": "2002", "period": "FY", "revenue": 1095036000, "costOfRevenue": 354836000, "grossProfit": 740200000, "grossProfitRatio": 0.6759595118, "researchAndDevelopmentExpenses": 0, "generalAndAdministrativeExpenses": 0, "sellingAndMarketingExpenses": 0, "sellingGeneralAndAdministrativeExpenses": 88952000, "otherExpenses": 469917000, "operatingExpenses": 558869000, "costAndExpenses": 913705000, "interestIncome": 0, "interestExpense": 0, "depreciationAndAmortization": 398036000, "ebitda": 581372000, "ebitdaratio": 0.5309158786, "operatingIncome": 181331000, "operatingIncomeRatio": 0.1655936426, "totalOtherIncomeExpensesNet": -2005000, "incomeBeforeTax": 119672000, "incomeBeforeTaxRatio": 0.1092859048, "incomeTaxExpense": 32499000, "netIncome": 87173000, "netIncomeRatio": 0.0796074284, "eps": 0.17, "epsdiluted": 0.16, "weightedAverageShsOut": 461340000, "weightedAverageShsOutDil": 468980000, "link": "https://www.sec.gov/Archives/edgar/data/821189/000082118903000097/0000821189-03-000097-index.htm", "finalLink": "https://www.sec.gov/Archives/edgar/data/821189/000082118903000097/eog10-k.txt", "calculatedOtherExpenses": 469917000, "calculatedOperatingExpenses": 558869000, "calculatedNetInterest": 0, "calculatedOtherIncome": -61659000, "calculatedIncomeNonControlling": 0, "calculatedEbitda": 579367000}, {"date": "2001-12-31", "symbol": "EOG", "reportedCurrency": "USD", "cik": "0000821189", "fillingDate": "2002-03-20", "acceptedDate": "2002-03-20 00:00:00", "calendarYear": "2001", "period": "FY", "revenue": 1654887000, "costOfRevenue": 393429000, "grossProfit": 1261458000, "grossProfitRatio": 0.7622623176, "researchAndDevelopmentExpenses": 0, "generalAndAdministrativeExpenses": 79963000, "sellingAndMarketingExpenses": 0, "sellingGeneralAndAdministrativeExpenses": 79963000, "otherExpenses": 487732000, "operatingExpenses": 567695000, "costAndExpenses": 961124000, "interestIncome": 0, "interestExpense": 0, "depreciationAndAmortization": 392399000, "ebitda": 1023897000, "ebitdaratio": 0.6187111265, "operatingIncome": 674552000, "operatingIncomeRatio": 0.4076121209, "totalOtherIncomeExpensesNet": 62265000, "incomeBeforeTax": 631445000, "incomeBeforeTaxRatio": 0.3815638167, "incomeTaxExpense": 232829000, "netIncome": 398616000, "netIncomeRatio": 0.2408720354, "eps": 0.84, "epsdiluted": 0.83, "weightedAverageShsOut": 463060000, "weightedAverageShsOutDil": 469952000, "link": "https://www.sec.gov/Archives/edgar/data/821189/000082118902000013/0000821189-02-000013-index.htm", "finalLink": "https://www.sec.gov/Archives/edgar/data/821189/000082118902000013/eogform10k.txt", "calculatedOtherExpenses": 506943000, "calculatedOperatingExpenses": 586906000, "calculatedNetInterest": 0, "calculatedOtherIncome": -43107000, "calculatedIncomeNonControlling": 0, "calculatedEbitda": 1066951000}, {"date": "2000-12-31", "symbol": "EOG", "reportedCurrency": "USD", "cik": "0000821189", "fillingDate": "2001-03-23", "acceptedDate": "2001-03-23 00:00:00", "calendarYear": "2000", "period": "FY", "revenue": 1489895000, "costOfRevenue": 225448000, "grossProfit": 1264447000, "grossProfitRatio": 0.8486819541, "researchAndDevelopmentExpenses": 0, "generalAndAdministrativeExpenses": 102649000, "sellingAndMarketingExpenses": 0, "sellingGeneralAndAdministrativeExpenses": 102649000, "otherExpenses": 464935000, "operatingExpenses": 567584000, "costAndExpenses": 793032000, "interestIncome": 0, "interestExpense": 0, "depreciationAndAmortization": 370026000, "ebitda": 1069189000, "ebitdaratio": 0.7176270811, "operatingIncome": 696863000, "operatingIncomeRatio": 0.4677262492, "totalOtherIncomeExpensesNet": -2300000, "incomeBeforeTax": 633557000, "incomeBeforeTaxRatio": 0.4252360066, "incomeTaxExpense": 236626000, "netIncome": 396931000, "netIncomeRatio": 0.2664154185, "eps": 0.83, "epsdiluted": 0.81, "weightedAverageShsOut": 467736000, "weightedAverageShsOutDil": 476408000, "link": "https://www.sec.gov/Archives/edgar/data/821189/000082118901500007/0000821189-01-500007-index.htm", "finalLink": "https://www.sec.gov/Archives/edgar/data/821189/000082118901500007/form10k2000.txt", "calculatedOtherExpenses": 464935000, "calculatedOperatingExpenses": 567584000, "calculatedNetInterest": 0, "calculatedOtherIncome": -63306000, "calculatedIncomeNonControlling": 0, "calculatedEbitda": 1066889000}, {"date": "1999-12-31", "symbol": "EOG", "reportedCurrency": "USD", "cik": "0000821189", "fillingDate": "2000-03-08", "acceptedDate": "2000-03-08 00:00:00", "calendarYear": "1999", "period": "FY", "revenue": 801400000, "costOfRevenue": 187800000, "grossProfit": 613600000, "grossProfitRatio": 0.7656600948, "researchAndDevelopmentExpenses": 0, "generalAndAdministrativeExpenses": 82900000, "sellingAndMarketingExpenses": 0, "sellingGeneralAndAdministrativeExpenses": 82900000, "otherExpenses": 512600000, "operatingExpenses": 595500000, "costAndExpenses": 783300000, "interestIncome": 0, "interestExpense": 0, "depreciationAndAmortization": 459900000, "ebitda": -133300000, "ebitdaratio": -0.1663339156, "operatingIncome": 18100000, "operatingIncomeRatio": 0.0225854754, "totalOtherIncomeExpensesNet": 611300000, "incomeBeforeTax": 567700000, "incomeBeforeTaxRatio": 0.7083853257, "incomeTaxExpense": -1400000, "netIncome": 569100000, "netIncomeRatio": 0.7101322685, "eps": 1.01, "epsdiluted": 1, "weightedAverageShsOut": 562592000, "weightedAverageShsOutDil": 566508000, "link": "https://www.sec.gov/Archives/edgar/data/821189/000095012900001017/0000950129-00-001017-index.html", "finalLink": "https://www.sec.gov/Archives/edgar/data/821189/000095012900001017/", "calculatedOtherExpenses": 512600000, "calculatedOperatingExpenses": 595500000, "calculatedNetInterest": 0, "calculatedOtherIncome": 549600000, "calculatedIncomeNonControlling": 0, "calculatedEbitda": 478000000}, {"date": "1998-12-31", "symbol": "EOG", "reportedCurrency": "USD", "cik": "0000821189", "fillingDate": "1999-03-18", "acceptedDate": "1999-03-18 00:00:00", "calendarYear": "1998", "period": "FY", "revenue": 769200000, "costOfRevenue": 219600000, "grossProfit": 549600000, "grossProfitRatio": 0.7145085803, "researchAndDevelopmentExpenses": 0, "generalAndAdministrativeExpenses": 69000000, "sellingAndMarketingExpenses": 0, "sellingGeneralAndAdministrativeExpenses": 69000000, "otherExpenses": 366900000, "operatingExpenses": 435900000, "costAndExpenses": 655500000, "interestIncome": 0, "interestExpense": 0, "depreciationAndAmortization": 315100000, "ebitda": 433600000, "ebitdaratio": 0.5637025481, "operatingIncome": 113700000, "operatingIncomeRatio": 0.1478159126, "totalOtherIncomeExpensesNet": -4800000, "incomeBeforeTax": 60300000, "incomeBeforeTaxRatio": 0.0783931357, "incomeTaxExpense": 4100000, "netIncome": 56200000, "netIncomeRatio": 0.0730629225, "eps": 0.09, "epsdiluted": 0.09, "weightedAverageShsOut": 616008000, "weightedAverageShsOutDil": 618292000, "link": "https://www.sec.gov/Archives/edgar/data/821189/000095012999001042/0000950129-99-001042-index.html", "finalLink": "https://www.sec.gov/Archives/edgar/data/821189/", "calculatedOtherExpenses": 366900000, "calculatedOperatingExpenses": 435900000, "calculatedNetInterest": 0, "calculatedOtherIncome": -53400000, "calculatedIncomeNonControlling": 0, "calculatedEbitda": 428800000}, {"date": "1997-12-31", "symbol": "EOG", "reportedCurrency": "USD", "cik": "0000821189", "fillingDate": "1998-03-13", "acceptedDate": "1998-03-13 00:00:00", "calendarYear": "1997", "period": "FY", "revenue": 783500000, "costOfRevenue": 198300000, "grossProfit": 585200000, "grossProfitRatio": 0.7469049138, "researchAndDevelopmentExpenses": 0, "generalAndAdministrativeExpenses": 54400000, "sellingAndMarketingExpenses": 0, "sellingGeneralAndAdministrativeExpenses": 54400000, "otherExpenses": 338100000, "operatingExpenses": 392500000, "costAndExpenses": 590800000, "interestIncome": 0, "interestExpense": 0, "depreciationAndAmortization": 278200000, "ebitda": 472500000, "ebitdaratio": 0.603063178, "operatingIncome": 192700000, "operatingIncomeRatio": 0.2459476707, "totalOtherIncomeExpensesNet": -1600000, "incomeBeforeTax": 163500000, "incomeBeforeTaxRatio": 0.2086790045, "incomeTaxExpense": 41500000, "netIncome": 122000000, "netIncomeRatio": 0.1557115507, "eps": 0.2, "epsdiluted": 0.19, "weightedAverageShsOut": 625641026, "weightedAverageShsOutDil": 633766234, "link": "https://www.sec.gov/Archives/edgar/data/821189/000095012998001025/0000950129-98-001025-index.html", "finalLink": "https://www.sec.gov/Archives/edgar/data/821189/", "calculatedOtherExpenses": 338100000, "calculatedOperatingExpenses": 392500000, "calculatedNetInterest": 0, "calculatedOtherIncome": -29200000, "calculatedIncomeNonControlling": 0, "calculatedEbitda": 470900000}, {"date": "1996-12-31", "symbol": "EOG", "reportedCurrency": "USD", "cik": "0000821189", "fillingDate": "1997-03-07", "acceptedDate": "1997-03-07 00:00:00", "calendarYear": "1996", "period": "FY", "revenue": 730600000, "costOfRevenue": 166000000, "grossProfit": 564600000, "grossProfitRatio": 0.7727894881, "researchAndDevelopmentExpenses": 0, "generalAndAdministrativeExpenses": 56400000, "sellingAndMarketingExpenses": 0, "sellingGeneralAndAdministrativeExpenses": 56400000, "otherExpenses": 299400000, "operatingExpenses": 355800000, "costAndExpenses": 521800000, "interestIncome": 0, "interestExpense": 0, "depreciationAndAmortization": 251300000, "ebitda": 465100000, "ebitdaratio": 0.6366000547, "operatingIncome": 208800000, "operatingIncomeRatio": 0.2857924993, "totalOtherIncomeExpensesNet": -5000000, "incomeBeforeTax": 191000000, "incomeBeforeTaxRatio": 0.2614289625, "incomeTaxExpense": 51000000, "netIncome": 140000000, "netIncomeRatio": 0.1916233233, "eps": 0.22, "epsdiluted": 0.22, "weightedAverageShsOut": 639412000, "weightedAverageShsOutDil": 655625000, "link": "https://www.sec.gov/Archives/edgar/data/821189/000095012997000928/0000950129-97-000928-index.html", "finalLink": "https://www.sec.gov/Archives/edgar/data/821189/", "calculatedOtherExpenses": 299400000, "calculatedOperatingExpenses": 355800000, "calculatedNetInterest": 0, "calculatedOtherIncome": -17800000, "calculatedIncomeNonControlling": 0, "calculatedEbitda": 460100000}, {"date": "1995-12-31", "symbol": "EOG", "reportedCurrency": "USD", "cik": "0000821189", "fillingDate": "1996-03-05", "acceptedDate": "1996-03-05 00:00:00", "calendarYear": "1995", "period": "FY", "revenue": 648700000, "costOfRevenue": 148100000, "grossProfit": 500600000, "grossProfitRatio": 0.7716972406, "researchAndDevelopmentExpenses": 0, "generalAndAdministrativeExpenses": 56600000, "sellingAndMarketingExpenses": 0, "sellingGeneralAndAdministrativeExpenses": 56600000, "otherExpenses": 248600000, "operatingExpenses": 305200000, "costAndExpenses": 453300000, "interestIncome": 0, "interestExpense": 0, "depreciationAndAmortization": 216000000, "ebitda": 410700000, "ebitdaratio": 0.6331123786, "operatingIncome": 195400000, "operatingIncomeRatio": 0.3012178203, "totalOtherIncomeExpensesNet": 700000, "incomeBeforeTax": 184000000, "incomeBeforeTaxRatio": 0.2836442115, "incomeTaxExpense": 41900000, "netIncome": 142100000, "netIncomeRatio": 0.2190534916, "eps": 0.22, "epsdiluted": 0.22, "weightedAverageShsOut": 639668000, "weightedAverageShsOutDil": 641739130, "link": "https://www.sec.gov/Archives/edgar/data/821189/000095012996000285/0000950129-96-000285-index.html", "finalLink": "https://www.sec.gov/Archives/edgar/data/821189/", "calculatedOtherExpenses": 248600000, "calculatedOperatingExpenses": 305200000, "calculatedNetInterest": 0, "calculatedOtherIncome": -11400000, "calculatedIncomeNonControlling": 0, "calculatedEbitda": 411400000}, {"date": "1994-12-31", "symbol": "EOG", "reportedCurrency": "USD", "cik": "0000821189", "fillingDate": "1995-03-22", "acceptedDate": "1995-03-22 00:00:00", "calendarYear": "1994", "period": "FY", "revenue": 620200000, "costOfRevenue": 144300000, "grossProfit": 475900000, "grossProfitRatio": 0.7673331183, "researchAndDevelopmentExpenses": 0, "generalAndAdministrativeExpenses": 51400000, "sellingAndMarketingExpenses": 0, "sellingGeneralAndAdministrativeExpenses": 51400000, "otherExpenses": 270500000, "operatingExpenses": 321900000, "costAndExpenses": 466200000, "interestIncome": 0, "interestExpense": 0, "depreciationAndAmortization": 242200000, "ebitda": 387800000, "ebitdaratio": 0.625282167, "operatingIncome": 154000000, "operatingIncomeRatio": 0.2483069977, "totalOtherIncomeExpensesNet": 8400000, "incomeBeforeTax": 153900000, "incomeBeforeTaxRatio": 0.2481457594, "incomeTaxExpense": 5900000, "netIncome": 148000000, "netIncomeRatio": 0.2386326991, "eps": 0.23, "epsdiluted": 0.23, "weightedAverageShsOut": 639380000, "weightedAverageShsOutDil": 639380000, "link": "https://www.sec.gov/Archives/edgar/data/821189/000089056695000140/0000890566-95-000140-index.html", "finalLink": "https://www.sec.gov/Archives/edgar/data/821189/", "calculatedOtherExpenses": 270500000, "calculatedOperatingExpenses": 321900000, "calculatedNetInterest": 0, "calculatedOtherIncome": -100000, "calculatedIncomeNonControlling": 0, "calculatedEbitda": 396200000}, {"date": "1993-12-31", "symbol": "EOG", "reportedCurrency": "USD", "cik": "0000821189", "fillingDate": "1994-03-23", "acceptedDate": "1994-03-23 00:00:00", "calendarYear": "1993", "period": "FY", "revenue": 567700000, "costOfRevenue": 135100000, "grossProfit": 432600000, "grossProfitRatio": 0.7620221948, "researchAndDevelopmentExpenses": 0, "generalAndAdministrativeExpenses": 0, "sellingAndMarketingExpenses": 0, "sellingGeneralAndAdministrativeExpenses": 45300000, "otherExpenses": 285100000, "operatingExpenses": 330400000, "costAndExpenses": 465500000, "interestIncome": 0, "interestExpense": 0, "depreciationAndAmortization": 249700000, "ebitda": 331900000, "ebitdaratio": 0.5846397745, "operatingIncome": 102200000, "operatingIncomeRatio": 0.1800246609, "totalOtherIncomeExpensesNet": 20000000, "incomeBeforeTax": 112200000, "incomeBeforeTaxRatio": 0.1976395984, "incomeTaxExpense": -25800000, "netIncome": 138000000, "netIncomeRatio": 0.243086137, "eps": 0.22, "epsdiluted": 0.21, "weightedAverageShsOut": 641860465, "weightedAverageShsOutDil": 649411765, "link": "https://www.sec.gov/Archives/edgar/data/821189/000089056694000092/0000890566-94-000092-index.html", "finalLink": "https://www.sec.gov/Archives/edgar/data/821189/", "calculatedOtherExpenses": 285100000, "calculatedOperatingExpenses": 330400000, "calculatedNetInterest": 0, "calculatedOtherIncome": 10000000, "calculatedIncomeNonControlling": 0, "calculatedEbitda": 351900000}, {"date": "1992-12-31", "symbol": "EOG", "reportedCurrency": "USD", "cik": "0000821189", "fillingDate": "1992-12-31", "acceptedDate": "1992-12-30 19:00:00", "calendarYear": "1992", "period": "FY", "revenue": 453000000, "costOfRevenue": 108600000, "grossProfit": 344400000, "grossProfitRatio": 0.7602649007, "researchAndDevelopmentExpenses": 0, "generalAndAdministrativeExpenses": 0, "sellingAndMarketingExpenses": 0, "sellingGeneralAndAdministrativeExpenses": 36600000, "otherExpenses": 208100000, "operatingExpenses": 244700000, "costAndExpenses": 353300000, "interestIncome": 0, "interestExpense": 0, "depreciationAndAmortization": 179800000, "ebitda": 276900000, "ebitdaratio": 0.6112582781, "operatingIncome": 99700000, "operatingIncomeRatio": 0.2200883002, "totalOtherIncomeExpensesNet": 2600000, "incomeBeforeTax": 79900000, "incomeBeforeTaxRatio": 0.1763796909, "incomeTaxExpense": -17700000, "netIncome": 97600000, "netIncomeRatio": 0.2154525386, "eps": 0.16, "epsdiluted": 0.16, "weightedAverageShsOut": 619682540, "weightedAverageShsOutDil": 619682540, "link": "", "finalLink": "", "calculatedOtherExpenses": 208100000, "calculatedOperatingExpenses": 244700000, "calculatedNetInterest": 0, "calculatedOtherIncome": -19800000, "calculatedIncomeNonControlling": 0, "calculatedEbitda": 279500000}, {"date": "1991-12-31", "symbol": "EOG", "reportedCurrency": "USD", "cik": "0000821189", "fillingDate": "1991-12-31", "acceptedDate": "1991-12-30 19:00:00", "calendarYear": "1991", "period": "FY", "revenue": 387600000, "costOfRevenue": 108900000, "grossProfit": 278700000, "grossProfitRatio": 0.7190402477, "researchAndDevelopmentExpenses": 0, "generalAndAdministrativeExpenses": 0, "sellingAndMarketingExpenses": 0, "sellingGeneralAndAdministrativeExpenses": 36200000, "otherExpenses": 179100000, "operatingExpenses": 215300000, "costAndExpenses": 324200000, "interestIncome": 0, "interestExpense": 0, "depreciationAndAmortization": 160900000, "ebitda": 213000000, "ebitdaratio": 0.5495356037, "operatingIncome": 63400000, "operatingIncomeRatio": 0.1635706914, "totalOtherIncomeExpensesNet": 11300000, "incomeBeforeTax": 45600000, "incomeBeforeTaxRatio": 0.1176470588, "incomeTaxExpense": -9300000, "netIncome": 54900000, "netIncomeRatio": 0.1416408669, "eps": 0.09, "epsdiluted": 0.09, "weightedAverageShsOut": 610000000, "weightedAverageShsOutDil": 610000000, "link": "", "finalLink": "", "calculatedOtherExpenses": 179100000, "calculatedOperatingExpenses": 215300000, "calculatedNetInterest": 0, "calculatedOtherIncome": -17800000, "calculatedIncomeNonControlling": 0, "calculatedEbitda": 224300000}, {"date": "1990-12-31", "symbol": "EOG", "reportedCurrency": "USD", "cik": "0000821189", "fillingDate": "1990-12-31", "acceptedDate": "1990-12-30 19:00:00", "calendarYear": "1990", "period": "FY", "revenue": 371300000, "costOfRevenue": 112400000, "grossProfit": 258900000, "grossProfitRatio": 0.6972798276, "researchAndDevelopmentExpenses": 0, "generalAndAdministrativeExpenses": 0, "sellingAndMarketingExpenses": 0, "sellingGeneralAndAdministrativeExpenses": 38300000, "otherExpenses": 178900000, "operatingExpenses": 217200000, "costAndExpenses": 329600000, "interestIncome": 0, "interestExpense": 0, "depreciationAndAmortization": 155900000, "ebitda": 168000000, "ebitdaratio": 0.4524643146, "operatingIncome": 41700000, "operatingIncomeRatio": 0.1123081067, "totalOtherIncomeExpensesNet": 29600000, "incomeBeforeTax": 34600000, "incomeBeforeTaxRatio": 0.0931861029, "incomeTaxExpense": -10900000, "netIncome": 45500000, "netIncomeRatio": 0.1225424185, "eps": 0.075, "epsdiluted": 0.075, "weightedAverageShsOut": 606666667, "weightedAverageShsOutDil": 606666667, "link": "", "finalLink": "", "calculatedOtherExpenses": 178900000, "calculatedOperatingExpenses": 217200000, "calculatedNetInterest": 0, "calculatedOtherIncome": -7100000, "calculatedIncomeNonControlling": 0, "calculatedEbitda": 197600000}, {"date": "1989-12-31", "symbol": "EOG", "reportedCurrency": "USD", "cik": "0000821189", "fillingDate": "1989-12-31", "acceptedDate": "1989-12-30 19:00:00", "calendarYear": "1989", "period": "FY", "revenue": 289400000, "costOfRevenue": 84900000, "grossProfit": 204500000, "grossProfitRatio": 0.706634416, "researchAndDevelopmentExpenses": 0, "generalAndAdministrativeExpenses": 0, "sellingAndMarketingExpenses": 0, "sellingGeneralAndAdministrativeExpenses": 40200000, "otherExpenses": 158100000, "operatingExpenses": 198300000, "costAndExpenses": 283200000, "interestIncome": 0, "interestExpense": 0, "depreciationAndAmortization": 134300000, "ebitda": 122300000, "ebitdaratio": 0.4225984796, "operatingIncome": 6200000, "operatingIncomeRatio": 0.0214236351, "totalOtherIncomeExpensesNet": 18200000, "incomeBeforeTax": -9500000, "incomeBeforeTaxRatio": -0.0328265377, "incomeTaxExpense": -3400000, "netIncome": -6100000, "netIncomeRatio": -0.0210780926, "eps": -0.0125, "epsdiluted": -0.0125, "weightedAverageShsOut": 488000000, "weightedAverageShsOutDil": 488000000, "link": "", "finalLink": "", "calculatedOtherExpenses": 158100000, "calculatedOperatingExpenses": 198300000, "calculatedNetInterest": 0, "calculatedOtherIncome": -15700000, "calculatedIncomeNonControlling": 0, "calculatedEbitda": 140500000}]}