{"originalCurrency": "USD", "convertedCurrency": "USD", "report": [{"date": "2023-08-31", "symbol": "EPAC", "reportedCurrency": "USD", "cik": "0000006955", "fillingDate": "2023-10-20", "acceptedDate": "2023-10-20 17:18:20", "calendarYear": "2023", "period": "FY", "revenue": 598204000, "costOfRevenue": 303165000, "grossProfit": 295039000, "grossProfitRatio": 0.4932080026, "researchAndDevelopmentExpenses": 9000000, "generalAndAdministrativeExpenses": 0, "sellingAndMarketingExpenses": 0, "sellingGeneralAndAdministrativeExpenses": 205064000, "otherExpenses": -2635000, "operatingExpenses": 210176000, "costAndExpenses": 513341000, "interestIncome": 11489000, "interestExpense": 12389000, "depreciationAndAmortization": 5112000, "ebitda": 87340000, "ebitdaratio": 0.1460037044, "operatingIncome": 83922000, "operatingIncomeRatio": 0.1402899345, "totalOtherIncomeExpensesNet": -3576000, "incomeBeforeTax": 68898000, "incomeBeforeTaxRatio": 0.1151747564, "incomeTaxExpense": 15249000, "netIncome": 46561000, "netIncomeRatio": 0.0778346517, "eps": 0.82, "epsdiluted": 0.82, "weightedAverageShsOut": 56680000, "weightedAverageShsOutDil": 57117000, "link": "https://www.sec.gov/Archives/edgar/data/6955/000000695523000034/0000006955-23-000034-index.htm", "finalLink": "https://www.sec.gov/Archives/edgar/data/6955/000000695523000034/epac-20230831.htm", "calculatedOtherExpenses": -2947000, "calculatedOperatingExpenses": 211117000, "calculatedNetInterest": -900000, "calculatedOtherIncome": -14124000, "calculatedIncomeNonControlling": 7088000, "calculatedEbitda": 89034000}, {"date": "2022-08-31", "symbol": "EPAC", "reportedCurrency": "USD", "cik": "0000006955", "fillingDate": "2022-10-25", "acceptedDate": "2022-10-25 15:22:56", "calendarYear": "2022", "period": "FY", "revenue": 571223000, "costOfRevenue": 305835000, "grossProfit": 265388000, "grossProfitRatio": 0.4645961385, "researchAndDevelopmentExpenses": 7300000, "generalAndAdministrativeExpenses": 0, "sellingAndMarketingExpenses": 0, "sellingGeneralAndAdministrativeExpenses": 216874000, "otherExpenses": 7306000, "operatingExpenses": 224180000, "costAndExpenses": 530015000, "interestIncome": 3686000, "interestExpense": 4386000, "depreciationAndAmortization": 17106000, "ebitda": 47766000, "ebitdaratio": 0.0836205825, "operatingIncome": 30660000, "operatingIncomeRatio": 0.0536743093, "totalOtherIncomeExpensesNet": -5134000, "incomeBeforeTax": 25526000, "incomeBeforeTaxRatio": 0.044686576, "incomeTaxExpense": 4801000, "netIncome": 15686000, "netIncomeRatio": 0.0274603789, "eps": 0.26, "epsdiluted": 0.26, "weightedAverageShsOut": 59538000, "weightedAverageShsOutDil": 59909000, "link": "https://www.sec.gov/Archives/edgar/data/6955/000000695522000031/0000006955-22-000031-index.htm", "finalLink": "https://www.sec.gov/Archives/edgar/data/6955/000000695522000031/epac-20220831.htm", "calculatedOtherExpenses": 10554000, "calculatedOperatingExpenses": 234728000, "calculatedNetInterest": -700000, "calculatedOtherIncome": -4434000, "calculatedIncomeNonControlling": 5039000, "calculatedEbitda": 47766000}, {"date": "2021-08-31", "symbol": "EPAC", "reportedCurrency": "USD", "cik": "0000006955", "fillingDate": "2021-10-25", "acceptedDate": "2021-10-25 17:27:55", "calendarYear": "2021", "period": "FY", "revenue": 528660000, "costOfRevenue": 285504000, "grossProfit": 243156000, "grossProfitRatio": 0.4599477925, "researchAndDevelopmentExpenses": 7400000, "generalAndAdministrativeExpenses": 0, "sellingAndMarketingExpenses": 0, "sellingGeneralAndAdministrativeExpenses": 175277000, "otherExpenses": 8176000, "operatingExpenses": 183453000, "costAndExpenses": 468957000, "interestIncome": 4066000, "interestExpense": 5266000, "depreciationAndAmortization": 14894000, "ebitda": 66007000, "ebitdaratio": 0.1248571861, "operatingIncome": 51113000, "operatingIncomeRatio": 0.0966840692, "totalOtherIncomeExpensesNet": -7138000, "incomeBeforeTax": 43975000, "incomeBeforeTaxRatio": 0.0831820073, "incomeTaxExpense": 3763000, "netIncome": 38077000, "netIncomeRatio": 0.0720254984, "eps": 0.63, "epsdiluted": 0.63, "weightedAverageShsOut": 60024000, "weightedAverageShsOutDil": 60403000, "link": "https://www.sec.gov/Archives/edgar/data/6955/000000695521000031/0000006955-21-000031-index.htm", "finalLink": "https://www.sec.gov/Archives/edgar/data/6955/000000695521000031/epac-20210831.htm", "calculatedOtherExpenses": 9366000, "calculatedOperatingExpenses": 192043000, "calculatedNetInterest": -1200000, "calculatedOtherIncome": -5938000, "calculatedIncomeNonControlling": 2135000, "calculatedEbitda": 66007000}, {"date": "2020-08-31", "symbol": "EPAC", "reportedCurrency": "USD", "cik": "0000006955", "fillingDate": "2020-10-26", "acceptedDate": "2020-10-26 16:59:21", "calendarYear": "2020", "period": "FY", "revenue": 493292000, "costOfRevenue": 276099000, "grossProfit": 217193000, "grossProfitRatio": 0.4402929705, "researchAndDevelopmentExpenses": 7300000, "generalAndAdministrativeExpenses": 0, "sellingAndMarketingExpenses": 0, "sellingGeneralAndAdministrativeExpenses": 180513000, "otherExpenses": 8323000, "operatingExpenses": 188836000, "costAndExpenses": 464935000, "interestIncome": 800000, "interestExpense": 19218000, "depreciationAndAmortization": 15385000, "ebitda": 39566000, "ebitdaratio": 0.0802080715, "operatingIncome": 24181000, "operatingIncomeRatio": 0.0490196476, "totalOtherIncomeExpensesNet": -16332000, "incomeBeforeTax": 7849000, "incomeBeforeTaxRatio": 0.0159114683, "incomeTaxExpense": 2292000, "netIncome": 5557000, "netIncomeRatio": 0.011265133, "eps": 0.0927, "epsdiluted": 0.0922, "weightedAverageShsOut": 59952000, "weightedAverageShsOutDil": 60269000, "link": "https://www.sec.gov/Archives/edgar/data/6955/000000695520000046/0000006955-20-000046-index.htm", "finalLink": "https://www.sec.gov/Archives/edgar/data/6955/000000695520000046/epac-20200831.htm", "calculatedOtherExpenses": 5199000, "calculatedOperatingExpenses": 193012000, "calculatedNetInterest": -18418000, "calculatedOtherIncome": 2086000, "calculatedIncomeNonControlling": 0, "calculatedEbitda": 39566000}, {"date": "2019-08-31", "symbol": "EPAC", "reportedCurrency": "USD", "cik": "0000006955", "fillingDate": "2019-10-29", "acceptedDate": "2019-10-28 19:40:33", "calendarYear": "2019", "period": "FY", "revenue": 654758000, "costOfRevenue": 362106000, "grossProfit": 292652000, "grossProfitRatio": 0.4469620837, "researchAndDevelopmentExpenses": 9300000, "generalAndAdministrativeExpenses": 0, "sellingAndMarketingExpenses": 0, "sellingGeneralAndAdministrativeExpenses": 209231000, "otherExpenses": 8922000, "operatingExpenses": 218153000, "costAndExpenses": 580259000, "interestIncome": 700000, "interestExpense": 28163000, "depreciationAndAmortization": 8922000, "ebitda": 82792000, "ebitdaratio": 0.1264467177, "operatingIncome": 73870000, "operatingIncomeRatio": 0.1128203092, "totalOtherIncomeExpensesNet": -55146000, "incomeBeforeTax": 18724000, "incomeBeforeTaxRatio": 0.0285968251, "incomeTaxExpense": 10657000, "netIncome": 8067000, "netIncomeRatio": 0.0123205826, "eps": 0.13, "epsdiluted": 0.13, "weightedAverageShsOut": 61151000, "weightedAverageShsOutDil": 61151000, "link": "https://www.sec.gov/Archives/edgar/data/6955/000000695519000033/0000006955-19-000033-index.htm", "finalLink": "https://www.sec.gov/Archives/edgar/data/6955/000000695519000033/atu10-k08312019.htm", "calculatedOtherExpenses": 251000, "calculatedOperatingExpenses": 218782000, "calculatedNetInterest": -27463000, "calculatedOtherIncome": -27683000, "calculatedIncomeNonControlling": 0, "calculatedEbitda": 82792000}, {"date": "2018-08-31", "symbol": "EPAC", "reportedCurrency": "USD", "cik": "0000006955", "fillingDate": "2018-10-29", "acceptedDate": "2018-10-29 16:25:15", "calendarYear": "2018", "period": "FY", "revenue": 1182611000, "costOfRevenue": 767351000, "grossProfit": 415260000, "grossProfitRatio": 0.3511382864, "researchAndDevelopmentExpenses": 8700000, "generalAndAdministrativeExpenses": 0, "sellingAndMarketingExpenses": 0, "sellingGeneralAndAdministrativeExpenses": 291444000, "otherExpenses": 621000, "operatingExpenses": 312009000, "costAndExpenses": 1079360000, "interestIncome": 0, "interestExpense": 31491000, "depreciationAndAmortization": 40707000, "ebitda": 144579000, "ebitdaratio": 0.1222540633, "operatingIncome": 18198000, "operatingIncomeRatio": 0.0153879847, "totalOtherIncomeExpensesNet": -84432000, "incomeBeforeTax": -12672000, "incomeBeforeTaxRatio": -0.0107152732, "incomeTaxExpense": 8976000, "netIncome": -21648000, "netIncomeRatio": -0.0183052584, "eps": -0.36, "epsdiluted": -0.36, "weightedAverageShsOut": 60441000, "weightedAverageShsOutDil": 60441000, "link": "https://www.sec.gov/Archives/edgar/data/6955/000000695518000038/0000006955-18-000038-index.htm", "finalLink": "https://www.sec.gov/Archives/edgar/data/6955/000000695518000038/atu10-k08312018.htm", "calculatedOtherExpenses": 96918000, "calculatedOperatingExpenses": 397062000, "calculatedNetInterest": -31491000, "calculatedOtherIncome": 621000, "calculatedIncomeNonControlling": 0, "calculatedEbitda": 58905000}, {"date": "2017-08-31", "symbol": "EPAC", "reportedCurrency": "USD", "cik": "0000006955", "fillingDate": "2017-10-26", "acceptedDate": "2017-10-26 17:14:40", "calendarYear": "2017", "period": "FY", "revenue": 1095784000, "costOfRevenue": 716067000, "grossProfit": 379717000, "grossProfitRatio": 0.3465254101, "researchAndDevelopmentExpenses": 21900000, "generalAndAdministrativeExpenses": 0, "sellingAndMarketingExpenses": 0, "sellingGeneralAndAdministrativeExpenses": 277488000, "otherExpenses": -2752000, "operatingExpenses": 297962000, "costAndExpenses": 1014029000, "interestIncome": 0, "interestExpense": 29703000, "depreciationAndAmortization": 43110000, "ebitda": 122113000, "ebitdaratio": 0.1114389332, "operatingIncome": -50236000, "operatingIncomeRatio": -0.0458448015, "totalOtherIncomeExpensesNet": -134743000, "incomeBeforeTax": -82691000, "incomeBeforeTaxRatio": -0.0754628649, "incomeTaxExpense": -16478000, "netIncome": -66213000, "netIncomeRatio": -0.0604252298, "eps": -1.11, "epsdiluted": -1.11, "weightedAverageShsOut": 59436000, "weightedAverageShsOutDil": 59436000, "link": "https://www.sec.gov/Archives/edgar/data/6955/000000695517000038/0000006955-17-000038-index.htm", "finalLink": "https://www.sec.gov/Archives/edgar/data/6955/000000695517000038/atu10-k08312017.htm", "calculatedOtherExpenses": 130565000, "calculatedOperatingExpenses": 429953000, "calculatedNetInterest": -29703000, "calculatedOtherIncome": -2752000, "calculatedIncomeNonControlling": 0, "calculatedEbitda": -7126000}, {"date": "2016-08-31", "symbol": "EPAC", "reportedCurrency": "USD", "cik": "0000006955", "fillingDate": "2016-10-28", "acceptedDate": "2016-10-28 12:54:22", "calendarYear": "2016", "period": "FY", "revenue": 1149410000, "costOfRevenue": 746013000, "grossProfit": 403397000, "grossProfitRatio": 0.3509600578, "researchAndDevelopmentExpenses": 18300000, "generalAndAdministrativeExpenses": 0, "sellingAndMarketingExpenses": 0, "sellingGeneralAndAdministrativeExpenses": 274497000, "otherExpenses": -1359000, "operatingExpenses": 297440000, "costAndExpenses": 1043453000, "interestIncome": 0, "interestExpense": 28768000, "depreciationAndAmortization": 47777000, "ebitda": 152375000, "ebitdaratio": 0.1325680132, "operatingIncome": -100217000, "operatingIncomeRatio": -0.0871899496, "totalOtherIncomeExpensesNet": -207533000, "incomeBeforeTax": -130344000, "incomeBeforeTaxRatio": -0.1134007882, "incomeTaxExpense": -25170000, "netIncome": -105174000, "netIncomeRatio": -0.091502597, "eps": -1.78, "epsdiluted": -1.78, "weightedAverageShsOut": 59010000, "weightedAverageShsOutDil": 59010000, "link": "https://www.sec.gov/Archives/edgar/data/6955/000000695516000084/0000006955-16-000084-index.htm", "finalLink": "https://www.sec.gov/Archives/edgar/data/6955/000000695516000084/atu10-k08312016.htm", "calculatedOtherExpenses": 210817000, "calculatedOperatingExpenses": 503614000, "calculatedNetInterest": -28768000, "calculatedOtherIncome": -1359000, "calculatedIncomeNonControlling": 0, "calculatedEbitda": -52440000}, {"date": "2015-08-31", "symbol": "EPAC", "reportedCurrency": "USD", "cik": "0000006955", "fillingDate": "2015-10-28", "acceptedDate": "2015-10-28 11:46:21", "calendarYear": "2015", "period": "FY", "revenue": 1249254000, "costOfRevenue": 787414000, "grossProfit": 461840000, "grossProfitRatio": 0.3696926326, "researchAndDevelopmentExpenses": 17700000, "generalAndAdministrativeExpenses": 0, "sellingAndMarketingExpenses": 0, "sellingGeneralAndAdministrativeExpenses": 299601000, "otherExpenses": -106000, "operatingExpenses": 323933000, "costAndExpenses": 1111347000, "interestIncome": 0, "interestExpense": 28057000, "depreciationAndAmortization": 53239000, "ebitda": 191040000, "ebitdaratio": 0.1529232646, "operatingIncome": 53554000, "operatingIncomeRatio": 0.0428687841, "totalOtherIncomeExpensesNet": -84459000, "incomeBeforeTax": 25391000, "incomeBeforeTaxRatio": 0.0203249299, "incomeTaxExpense": 5519000, "netIncome": 19872000, "netIncomeRatio": 0.0159070934, "eps": 0.32, "epsdiluted": 0.32, "weightedAverageShsOut": 61262000, "weightedAverageShsOutDil": 62055000, "link": "https://www.sec.gov/Archives/edgar/data/6955/000000695515000046/0000006955-15-000046-index.htm", "finalLink": "https://www.sec.gov/Archives/edgar/data/6955/000000695515000046/atu10-k08312015.htm", "calculatedOtherExpenses": 90985000, "calculatedOperatingExpenses": 408286000, "calculatedNetInterest": -28057000, "calculatedOtherIncome": -106000, "calculatedIncomeNonControlling": 0, "calculatedEbitda": 106793000}, {"date": "2014-08-31", "symbol": "EPAC", "reportedCurrency": "USD", "cik": "0000006955", "fillingDate": "2014-10-27", "acceptedDate": "2014-10-27 11:46:25", "calendarYear": "2014", "period": "FY", "revenue": 1399862000, "costOfRevenue": 852990000, "grossProfit": 546872000, "grossProfitRatio": 0.3906613652, "researchAndDevelopmentExpenses": 20000000, "generalAndAdministrativeExpenses": 0, "sellingAndMarketingExpenses": 0, "sellingGeneralAndAdministrativeExpenses": 332093000, "otherExpenses": -4037000, "operatingExpenses": 357259000, "costAndExpenses": 1210249000, "interestIncome": 0, "interestExpense": 25045000, "depreciationAndAmortization": 60635000, "ebitda": 246211000, "ebitdaratio": 0.175882337, "operatingIncome": 203108000, "operatingIncomeRatio": 0.1450914447, "totalOtherIncomeExpensesNet": 9458000, "incomeBeforeTax": 174026000, "incomeBeforeTaxRatio": 0.1243165398, "incomeTaxExpense": 32573000, "netIncome": 163573000, "netIncomeRatio": 0.1168493752, "eps": 2.31, "epsdiluted": 2.26, "weightedAverageShsOut": 70942000, "weightedAverageShsOutDil": 72486000, "link": "https://www.sec.gov/Archives/edgar/data/6955/000000695514000017/0000006955-14-000017-index.htm", "finalLink": "https://www.sec.gov/Archives/edgar/data/6955/000000695514000017/atu10-k08312014.htm", "calculatedOtherExpenses": -8329000, "calculatedOperatingExpenses": 343764000, "calculatedNetInterest": -25045000, "calculatedOtherIncome": -4037000, "calculatedIncomeNonControlling": -22120000, "calculatedEbitda": 263743000}, {"date": "2013-08-31", "symbol": "EPAC", "reportedCurrency": "USD", "cik": "0000006955", "fillingDate": "2013-10-25", "acceptedDate": "2013-10-25 13:27:47", "calendarYear": "2013", "period": "FY", "revenue": 1279742000, "costOfRevenue": 772792000, "grossProfit": 506950000, "grossProfitRatio": 0.3961345334, "researchAndDevelopmentExpenses": 21000000, "generalAndAdministrativeExpenses": 0, "sellingAndMarketingExpenses": 0, "sellingGeneralAndAdministrativeExpenses": 293866000, "otherExpenses": -2359000, "operatingExpenses": 316805000, "costAndExpenses": 1089597000, "interestIncome": 0, "interestExpense": 24837000, "depreciationAndAmortization": 53902000, "ebitda": 241688000, "ebitdaratio": 0.1888568165, "operatingIncome": 190145000, "operatingIncomeRatio": 0.1485807296, "totalOtherIncomeExpensesNet": -2359000, "incomeBeforeTax": 162949000, "incomeBeforeTaxRatio": 0.1273295711, "incomeTaxExpense": 15372000, "netIncome": 30048000, "netIncomeRatio": 0.0234797326, "eps": 0.41, "epsdiluted": 0.4, "weightedAverageShsOut": 72979000, "weightedAverageShsOutDil": 74580000, "link": "https://www.sec.gov/Archives/edgar/data/6955/000000695513000013/0000006955-13-000013-index.htm", "finalLink": "https://www.sec.gov/Archives/edgar/data/6955/000000695513000013/atu10-k08312013.htm", "calculatedOtherExpenses": 1939000, "calculatedOperatingExpenses": 316805000, "calculatedNetInterest": -24837000, "calculatedOtherIncome": -2359000, "calculatedIncomeNonControlling": 117529000, "calculatedEbitda": 244047000}, {"date": "2012-08-31", "symbol": "EPAC", "reportedCurrency": "USD", "cik": "0000006955", "fillingDate": "2012-10-26", "acceptedDate": "2012-10-26 17:01:33", "calendarYear": "2012", "period": "FY", "revenue": 1605342000, "costOfRevenue": 987971000, "grossProfit": 617371000, "grossProfitRatio": 0.3845728823, "researchAndDevelopmentExpenses": 0, "generalAndAdministrativeExpenses": 0, "sellingAndMarketingExpenses": 0, "sellingGeneralAndAdministrativeExpenses": 355691000, "otherExpenses": -3238000, "operatingExpenses": 384965000, "costAndExpenses": 1372936000, "interestIncome": 0, "interestExpense": 29560000, "depreciationAndAmortization": 54263000, "ebitda": 266601000, "ebitdaratio": 0.1660711549, "operatingIncome": 169942000, "operatingIncomeRatio": 0.1058603089, "totalOtherIncomeExpensesNet": -65702000, "incomeBeforeTax": 120314000, "incomeBeforeTaxRatio": 0.074946024, "incomeTaxExpense": 33024000, "netIncome": 87290000, "netIncomeRatio": 0.0543747064, "eps": 1.25, "epsdiluted": 1.17, "weightedAverageShsOut": 70099000, "weightedAverageShsOutDil": 74940000, "link": "https://www.sec.gov/Archives/edgar/data/6955/000119312512437816/0001193125-12-437816-index.htm", "finalLink": "https://www.sec.gov/Archives/edgar/data/6955/000119312512437816/d396918d10k.htm", "calculatedOtherExpenses": 91738000, "calculatedOperatingExpenses": 447429000, "calculatedNetInterest": -29560000, "calculatedOtherIncome": -20068000, "calculatedIncomeNonControlling": 0, "calculatedEbitda": 224205000}, {"date": "2011-08-31", "symbol": "EPAC", "reportedCurrency": "USD", "cik": "0000006955", "fillingDate": "2011-10-28", "acceptedDate": "2011-10-28 10:20:46", "calendarYear": "2011", "period": "FY", "revenue": 1445323000, "costOfRevenue": 889424000, "grossProfit": 555899000, "grossProfitRatio": 0.3846192166, "researchAndDevelopmentExpenses": 0, "generalAndAdministrativeExpenses": 0, "sellingAndMarketingExpenses": 0, "sellingGeneralAndAdministrativeExpenses": 334862000, "otherExpenses": 27467000, "operatingExpenses": 362329000, "costAndExpenses": 1251753000, "interestIncome": 0, "interestExpense": 32119000, "depreciationAndAmortization": 52996000, "ebitda": 246566000, "ebitdaratio": 0.1705957769, "operatingIncome": 193570000, "operatingIncomeRatio": 0.1339285405, "totalOtherIncomeExpensesNet": -2244000, "incomeBeforeTax": 159207000, "incomeBeforeTaxRatio": 0.1101532322, "incomeTaxExpense": 34711000, "netIncome": 111559000, "netIncomeRatio": 0.0771862068, "eps": 1.63, "epsdiluted": 1.5, "weightedAverageShsOut": 68254000, "weightedAverageShsOutDil": 75305000, "link": "https://www.sec.gov/Archives/edgar/data/6955/000119312511285382/0001193125-11-285382-index.htm", "finalLink": "https://www.sec.gov/Archives/edgar/data/6955/000119312511285382/d239890d10k.htm", "calculatedOtherExpenses": 27467000, "calculatedOperatingExpenses": 362329000, "calculatedNetInterest": -32119000, "calculatedOtherIncome": -2244000, "calculatedIncomeNonControlling": 12937000, "calculatedEbitda": 246566000}, {"date": "2010-08-31", "symbol": "EPAC", "reportedCurrency": "USD", "cik": "0000006955", "fillingDate": "2010-10-28", "acceptedDate": "2010-10-28 11:12:39", "calendarYear": "2010", "period": "FY", "revenue": 1160508000, "costOfRevenue": 733256000, "grossProfit": 427252000, "grossProfitRatio": 0.3681594612, "researchAndDevelopmentExpenses": 0, "generalAndAdministrativeExpenses": 0, "sellingAndMarketingExpenses": 0, "sellingGeneralAndAdministrativeExpenses": 267866000, "otherExpenses": 22017000, "operatingExpenses": 289883000, "costAndExpenses": 1023139000, "interestIncome": 0, "interestExpense": 31859000, "depreciationAndAmortization": 51875000, "ebitda": 204130000, "ebitdaratio": 0.1758971071, "operatingIncome": 121772000, "operatingIncomeRatio": 0.10492991, "totalOtherIncomeExpensesNet": -14886000, "incomeBeforeTax": 89202000, "incomeBeforeTaxRatio": 0.0768646145, "incomeTaxExpense": 18846000, "netIncome": 24031000, "netIncomeRatio": 0.0207073109, "eps": 0.36, "epsdiluted": 0.35, "weightedAverageShsOut": 67624000, "weightedAverageShsOutDil": 74209000, "link": "https://www.sec.gov/Archives/edgar/data/6955/000119312510239211/0001193125-10-239211-index.htm", "finalLink": "https://www.sec.gov/Archives/edgar/data/6955/000119312510239211/d10k.htm", "calculatedOtherExpenses": 37614000, "calculatedOperatingExpenses": 305480000, "calculatedNetInterest": -31859000, "calculatedOtherIncome": -711000, "calculatedIncomeNonControlling": 46325000, "calculatedEbitda": 173647000}, {"date": "2009-08-31", "symbol": "EPAC", "reportedCurrency": "USD", "cik": "0000006955", "fillingDate": "2009-10-28", "acceptedDate": "2009-10-28 17:00:30", "calendarYear": "2009", "period": "FY", "revenue": 1239798000, "costOfRevenue": 825124000, "grossProfit": 414674000, "grossProfitRatio": 0.3344690022, "researchAndDevelopmentExpenses": 0, "generalAndAdministrativeExpenses": 0, "sellingAndMarketingExpenses": 0, "sellingGeneralAndAdministrativeExpenses": 275751000, "otherExpenses": 19724000, "operatingExpenses": 295475000, "costAndExpenses": 1120599000, "interestIncome": 0, "interestExpense": 41849000, "depreciationAndAmortization": 56509000, "ebitda": 175708000, "ebitdaratio": 0.1417230871, "operatingIncome": 65452000, "operatingIncomeRatio": 0.052792471, "totalOtherIncomeExpensesNet": -53956000, "incomeBeforeTax": 23394000, "incomeBeforeTaxRatio": 0.0188692029, "incomeTaxExpense": -474000, "netIncome": 13723000, "netIncomeRatio": 0.0110687386, "eps": 0.24, "epsdiluted": 0.24, "weightedAverageShsOut": 58047000, "weightedAverageShsOutDil": 66064000, "link": "https://www.sec.gov/Archives/edgar/data/6955/000119312509216254/0001193125-09-216254-index.htm", "finalLink": "https://www.sec.gov/Archives/edgar/data/6955/000119312509216254/d10k.htm", "calculatedOtherExpenses": 73471000, "calculatedOperatingExpenses": 349222000, "calculatedNetInterest": -41849000, "calculatedOtherIncome": -209000, "calculatedIncomeNonControlling": 10145000, "calculatedEbitda": 121961000}, {"date": "2008-08-31", "symbol": "EPAC", "reportedCurrency": "USD", "cik": "0000006955", "fillingDate": "2008-10-29", "acceptedDate": "2008-10-29 16:07:22", "calendarYear": "2008", "period": "FY", "revenue": 1663943000, "costOfRevenue": 1089888000, "grossProfit": 574055000, "grossProfitRatio": 0.3449967938, "researchAndDevelopmentExpenses": 0, "generalAndAdministrativeExpenses": 0, "sellingAndMarketingExpenses": 0, "sellingGeneralAndAdministrativeExpenses": 337396000, "otherExpenses": 14837000, "operatingExpenses": 352233000, "costAndExpenses": 1442121000, "interestIncome": 0, "interestExpense": 177931000, "depreciationAndAmortization": 44709000, "ebitda": 274013000, "ebitdaratio": 0.164676915, "operatingIncome": 211349000, "operatingIncomeRatio": 0.1270169711, "totalOtherIncomeExpensesNet": -7482000, "incomeBeforeTax": 177931000, "incomeBeforeTaxRatio": 0.1069333505, "incomeTaxExpense": 55365000, "netIncome": 122544000, "netIncomeRatio": 0.0736467535, "eps": 2.2, "epsdiluted": 1.93, "weightedAverageShsOut": 55813000, "weightedAverageShsOutDil": 64833000, "link": "https://www.sec.gov/Archives/edgar/data/6955/000119312508219025/0001193125-08-219025-index.htm", "finalLink": "https://www.sec.gov/Archives/edgar/data/6955/000119312508219025/d10k.htm", "calculatedOtherExpenses": 25310000, "calculatedOperatingExpenses": 362706000, "calculatedNetInterest": -177931000, "calculatedOtherIncome": 144513000, "calculatedIncomeNonControlling": 22000, "calculatedEbitda": 256058000}, {"date": "2007-08-31", "symbol": "EPAC", "reportedCurrency": "USD", "cik": "0000006955", "fillingDate": "2007-10-30", "acceptedDate": "2007-10-30 13:01:37", "calendarYear": "2007", "period": "FY", "revenue": 1458748000, "costOfRevenue": 974654000, "grossProfit": 484094000, "grossProfitRatio": 0.3318558106, "researchAndDevelopmentExpenses": 0, "generalAndAdministrativeExpenses": 0, "sellingAndMarketingExpenses": 0, "sellingGeneralAndAdministrativeExpenses": 282326000, "otherExpenses": 10900000, "operatingExpenses": 293226000, "costAndExpenses": 1267880000, "interestIncome": 0, "interestExpense": 151690000, "depreciationAndAmortization": 38387000, "ebitda": 235432000, "ebitdaratio": 0.1613931947, "operatingIncome": 185473000, "operatingIncomeRatio": 0.1271453328, "totalOtherIncomeExpensesNet": -6177000, "incomeBeforeTax": 151690000, "incomeBeforeTaxRatio": 0.1039864322, "incomeTaxExpense": 46781000, "netIncome": 104952000, "netIncomeRatio": 0.0719466282, "eps": 1.92, "epsdiluted": 1.69, "weightedAverageShsOut": 54751000, "weightedAverageShsOutDil": 63628000, "link": "https://www.sec.gov/Archives/edgar/data/6955/000119312507229345/0001193125-07-229345-index.htm", "finalLink": "https://www.sec.gov/Archives/edgar/data/6955/000119312507229345/d10k.htm", "calculatedOtherExpenses": 16295000, "calculatedOperatingExpenses": 298621000, "calculatedNetInterest": -151690000, "calculatedOtherIncome": 117907000, "calculatedIncomeNonControlling": -43000, "calculatedEbitda": 223860000}, {"date": "2006-08-31", "symbol": "EPAC", "reportedCurrency": "USD", "cik": "0000006955", "fillingDate": "2006-11-29", "acceptedDate": "2006-11-29 16:32:49", "calendarYear": "2006", "period": "FY", "revenue": 1201158000, "costOfRevenue": 796653000, "grossProfit": 404505000, "grossProfitRatio": 0.3367625242, "researchAndDevelopmentExpenses": 0, "generalAndAdministrativeExpenses": 0, "sellingAndMarketingExpenses": 0, "sellingGeneralAndAdministrativeExpenses": 237868000, "otherExpenses": 7662000, "operatingExpenses": 245530000, "costAndExpenses": 1042183000, "interestIncome": 0, "interestExpense": 125849000000, "depreciationAndAmortization": 29244000, "ebitda": 195199000, "ebitdaratio": 0.1625090121, "operatingIncome": 154065000, "operatingIncomeRatio": 0.1282637255, "totalOtherIncomeExpensesNet": -6980000, "incomeBeforeTax": 125849000, "incomeBeforeTaxRatio": 0.1047730607, "incomeTaxExpense": 33386000, "netIncome": 92588000, "netIncomeRatio": 0.0770822823, "eps": 1.71, "epsdiluted": 1.51, "weightedAverageShsOut": 54260000, "weightedAverageShsOutDil": 63202000, "link": "https://www.sec.gov/Archives/edgar/data/6955/000119312506243784/0001193125-06-243784-index.htm", "finalLink": "https://www.sec.gov/Archives/edgar/data/6955/000119312506243784/d10k.htm", "calculatedOtherExpenses": 12572000, "calculatedOperatingExpenses": 250440000, "calculatedNetInterest": -125849000000, "calculatedOtherIncome": 125820784000, "calculatedIncomeNonControlling": -125000, "calculatedEbitda": 183309000}, {"date": "2005-08-31", "symbol": "EPAC", "reportedCurrency": "USD", "cik": "0000006955", "fillingDate": "2005-11-10", "acceptedDate": "2005-11-10 11:11:58", "calendarYear": "2005", "period": "FY", "revenue": 976066000, "costOfRevenue": 659591000, "grossProfit": 316475000, "grossProfitRatio": 0.3242352464, "researchAndDevelopmentExpenses": 0, "generalAndAdministrativeExpenses": 0, "sellingAndMarketingExpenses": 0, "sellingGeneralAndAdministrativeExpenses": 188764000, "otherExpenses": 5220000, "operatingExpenses": 193984000, "costAndExpenses": 853575000, "interestIncome": 0, "interestExpense": 105708000, "depreciationAndAmortization": 23718000, "ebitda": 146065000, "ebitdaratio": 0.1496466427, "operatingIncome": 122491000, "operatingIncomeRatio": 0.1254945875, "totalOtherIncomeExpensesNet": 144000, "incomeBeforeTax": 105708000, "incomeBeforeTaxRatio": 0.1083000535, "incomeTaxExpense": 35012000, "netIncome": 71251000, "netIncomeRatio": 0.0729981374, "eps": 1.37, "epsdiluted": 1.21, "weightedAverageShsOut": 51992000, "weightedAverageShsOutDil": 60886000, "link": "https://www.sec.gov/Archives/edgar/data/6955/000119312505222624/0001193125-05-222624-index.htm", "finalLink": "https://www.sec.gov/Archives/edgar/data/6955/000119312505222624/d10k.htm", "calculatedOtherExpenses": 5220000, "calculatedOperatingExpenses": 193984000, "calculatedNetInterest": -105708000, "calculatedOtherIncome": 88925000, "calculatedIncomeNonControlling": -555000, "calculatedEbitda": 146209000}, {"date": "2004-08-31", "symbol": "EPAC", "reportedCurrency": "USD", "cik": "0000006955", "fillingDate": "2004-10-29", "acceptedDate": "2004-10-29 15:04:24", "calendarYear": "2004", "period": "FY", "revenue": 726851000, "costOfRevenue": 495609000, "grossProfit": 231242000, "grossProfitRatio": 0.3181422327, "researchAndDevelopmentExpenses": 0, "generalAndAdministrativeExpenses": 0, "sellingAndMarketingExpenses": 0, "sellingGeneralAndAdministrativeExpenses": 138682000, "otherExpenses": 2221000, "operatingExpenses": 140903000, "costAndExpenses": 636512000, "interestIncome": 0, "interestExpense": 38825000, "depreciationAndAmortization": 18020000, "ebitda": 146314000, "ebitdaratio": 0.201298478, "operatingIncome": 90339000, "operatingIncomeRatio": 0.1242881966, "totalOtherIncomeExpensesNet": -37955000, "incomeBeforeTax": 38825000, "incomeBeforeTaxRatio": 0.0534153492, "incomeTaxExpense": 14676000, "netIncome": 34823000, "netIncomeRatio": 0.0479094065, "eps": 0.74, "epsdiluted": 0.66, "weightedAverageShsOut": 47320000, "weightedAverageShsOutDil": 55410000, "link": "https://www.sec.gov/Archives/edgar/data/6955/000119312504181607/0001193125-04-181607-index.htm", "finalLink": "https://www.sec.gov/Archives/edgar/data/6955/000119312504181607/d10k.htm", "calculatedOtherExpenses": 2221000, "calculatedOperatingExpenses": 140903000, "calculatedNetInterest": -38825000, "calculatedOtherIncome": -12689000, "calculatedIncomeNonControlling": -10674000, "calculatedEbitda": 108359000}, {"date": "2003-08-31", "symbol": "EPAC", "reportedCurrency": "USD", "cik": "0000006955", "fillingDate": "2003-10-24", "acceptedDate": "2003-10-24 09:27:49", "calendarYear": "2003", "period": "FY", "revenue": 585393000, "costOfRevenue": 395409000, "grossProfit": 189984000, "grossProfitRatio": 0.3245409494, "researchAndDevelopmentExpenses": 0, "generalAndAdministrativeExpenses": 0, "sellingAndMarketingExpenses": 0, "sellingGeneralAndAdministrativeExpenses": 114928000, "otherExpenses": 2271000, "operatingExpenses": 117199000, "costAndExpenses": 512608000, "interestIncome": 0, "interestExpense": 45117000, "depreciationAndAmortization": 16556000, "ebitda": 95579000, "ebitdaratio": 0.1632732199, "operatingIncome": 72785000, "operatingIncomeRatio": 0.1243352756, "totalOtherIncomeExpensesNet": -6238000, "incomeBeforeTax": 44890000, "incomeBeforeTaxRatio": 0.0766835271, "incomeTaxExpense": 15924000, "netIncome": 28966000, "netIncomeRatio": 0.0494812886, "eps": 0.62, "epsdiluted": 0.59, "weightedAverageShsOut": 46700000, "weightedAverageShsOutDil": 48928000, "link": "https://www.sec.gov/Archives/edgar/data/6955/000119312503066628/0001193125-03-066628-index.htm", "finalLink": "https://www.sec.gov/Archives/edgar/data/6955/000119312503066628/d10k.htm", "calculatedOtherExpenses": 2271000, "calculatedOperatingExpenses": 117199000, "calculatedNetInterest": -45117000, "calculatedOtherIncome": 17222000, "calculatedIncomeNonControlling": 0, "calculatedEbitda": 89341000}, {"date": "2002-08-31", "symbol": "EPAC", "reportedCurrency": "USD", "cik": "0000006955", "fillingDate": "2002-11-18", "acceptedDate": "2002-11-18 16:19:16", "calendarYear": "2002", "period": "FY", "revenue": 462950000, "costOfRevenue": 303919000, "grossProfit": 159031000, "grossProfitRatio": 0.3435165785, "researchAndDevelopmentExpenses": 0, "generalAndAdministrativeExpenses": 0, "sellingAndMarketingExpenses": 0, "sellingGeneralAndAdministrativeExpenses": 85446000, "otherExpenses": 2453000, "operatingExpenses": 87899000, "costAndExpenses": 391818000, "interestIncome": 0, "interestExpense": 0, "depreciationAndAmortization": 14698000, "ebitda": 84971000, "ebitdaratio": 0.1835424992, "operatingIncome": 71132000, "operatingIncomeRatio": 0.1536494222, "totalOtherIncomeExpensesNet": 859000, "incomeBeforeTax": 39268000, "incomeBeforeTaxRatio": 0.084821255, "incomeTaxExpense": 14016000, "netIncome": -2581000, "netIncomeRatio": -0.0055751161, "eps": -0.0646, "epsdiluted": -0.061, "weightedAverageShsOut": 39972000, "weightedAverageShsOutDil": 42332000, "link": "https://www.sec.gov/Archives/edgar/data/6955/000095013102004523/0000950131-02-004523-index.htm", "finalLink": "https://www.sec.gov/Archives/edgar/data/6955/000095013102004523/d10k.txt", "calculatedOtherExpenses": 2453000, "calculatedOperatingExpenses": 87899000, "calculatedNetInterest": 0, "calculatedOtherIncome": -31864000, "calculatedIncomeNonControlling": 27833000, "calculatedEbitda": 85830000}, {"date": "2001-08-31", "symbol": "EPAC", "reportedCurrency": "USD", "cik": "0000006955", "fillingDate": "2001-11-06", "acceptedDate": "2001-11-06 00:00:00", "calendarYear": "2001", "period": "FY", "revenue": 481939000, "costOfRevenue": 313030000, "grossProfit": 168909000, "grossProfitRatio": 0.3504779651, "researchAndDevelopmentExpenses": 0, "generalAndAdministrativeExpenses": 0, "sellingAndMarketingExpenses": 0, "sellingGeneralAndAdministrativeExpenses": 88985000, "otherExpenses": 6236000, "operatingExpenses": 95221000, "costAndExpenses": 408251000, "interestIncome": 0, "interestExpense": 0, "depreciationAndAmortization": 18915000, "ebitda": 76320000, "ebitdaratio": 0.1583602904, "operatingIncome": 71948000, "operatingIncomeRatio": 0.1492886029, "totalOtherIncomeExpensesNet": 16283000, "incomeBeforeTax": 40772000, "incomeBeforeTaxRatio": 0.0845999182, "incomeTaxExpense": 16417000, "netIncome": 23574000, "netIncomeRatio": 0.0489149042, "eps": 0.74, "epsdiluted": 0.71, "weightedAverageShsOut": 31800000, "weightedAverageShsOutDil": 33220000, "link": "https://www.sec.gov/Archives/edgar/data/6955/000095013101503986/0000950131-01-503986-index.htm", "finalLink": "https://www.sec.gov/Archives/edgar/data/6955/000095013101503986/d10k.txt", "calculatedOtherExpenses": 7976000, "calculatedOperatingExpenses": 96961000, "calculatedNetInterest": 0, "calculatedOtherIncome": -31176000, "calculatedIncomeNonControlling": 781000, "calculatedEbitda": 90863000}, {"date": "2000-08-31", "symbol": "EPAC", "reportedCurrency": "USD", "cik": "0000006955", "fillingDate": "2000-11-27", "acceptedDate": "2000-11-27 00:00:00", "calendarYear": "2000", "period": "FY", "revenue": 671642000, "costOfRevenue": 429476000, "grossProfit": 242166000, "grossProfitRatio": 0.3605581545, "researchAndDevelopmentExpenses": 134037000, "generalAndAdministrativeExpenses": 0, "sellingAndMarketingExpenses": 0, "sellingGeneralAndAdministrativeExpenses": 0, "otherExpenses": 11475000, "operatingExpenses": 145512000, "costAndExpenses": 574988000, "interestIncome": 0, "interestExpense": 0, "depreciationAndAmortization": 22550000, "ebitda": 134600000, "ebitdaratio": 0.2004043821, "operatingIncome": 84266000, "operatingIncomeRatio": 0.1254626721, "totalOtherIncomeExpensesNet": -15396000, "incomeBeforeTax": 47533000, "incomeBeforeTaxRatio": 0.0707713335, "incomeTaxExpense": 19488000, "netIncome": 67089000, "netIncomeRatio": 0.0998880356, "eps": 2.15, "epsdiluted": 2.08, "weightedAverageShsOut": 31288000, "weightedAverageShsOutDil": 32248000, "link": "https://www.sec.gov/Archives/edgar/data/6955/000095013100006575/0000950131-00-006575-index.htm", "finalLink": "https://www.sec.gov/Archives/edgar/data/6955/000095013100006575/0000950131-00-006575-0001.txt", "calculatedOtherExpenses": 23863000, "calculatedOperatingExpenses": 157900000, "calculatedNetInterest": 0, "calculatedOtherIncome": -36733000, "calculatedIncomeNonControlling": -39044000, "calculatedEbitda": 106816000}, {"date": "1999-08-31", "symbol": "EPAC", "reportedCurrency": "USD", "cik": "0000006955", "fillingDate": "1999-12-06", "acceptedDate": "1999-12-06 00:00:00", "calendarYear": "1999", "period": "FY", "revenue": 1751042000, "costOfRevenue": 1206605000, "grossProfit": 544437000, "grossProfitRatio": 0.3109217255, "researchAndDevelopmentExpenses": 0, "generalAndAdministrativeExpenses": 0, "sellingAndMarketingExpenses": 0, "sellingGeneralAndAdministrativeExpenses": 317286000, "otherExpenses": 37448000, "operatingExpenses": 354734000, "costAndExpenses": 1561339000, "interestIncome": 0, "interestExpense": 0, "depreciationAndAmortization": 76690000, "ebitda": 273281000, "ebitdaratio": 0.1560676443, "operatingIncome": 189703000, "operatingIncomeRatio": 0.1083372072, "totalOtherIncomeExpensesNet": -6888000, "incomeBeforeTax": 126751000, "incomeBeforeTaxRatio": 0.0723860421, "incomeTaxExpense": 47354000, "netIncome": 79397000, "netIncomeRatio": 0.0453427159, "eps": 2.55, "epsdiluted": 2.48, "weightedAverageShsOut": 31060000, "weightedAverageShsOutDil": 32160000, "link": "https://www.sec.gov/Archives/edgar/data/6955/000095013199006556/0000950131-99-006556-index.html", "finalLink": "https://www.sec.gov/Archives/edgar/data/6955/000095013199006556/", "calculatedOtherExpenses": 37448000, "calculatedOperatingExpenses": 354734000, "calculatedNetInterest": 0, "calculatedOtherIncome": -62952000, "calculatedIncomeNonControlling": 0, "calculatedEbitda": 266393000}, {"date": "1998-08-31", "symbol": "EPAC", "reportedCurrency": "USD", "cik": "0000006955", "fillingDate": "1998-11-20", "acceptedDate": "1998-11-20 00:00:00", "calendarYear": "1998", "period": "FY", "revenue": 1230689000, "costOfRevenue": 835716000, "grossProfit": 394973000, "grossProfitRatio": 0.3209364835, "researchAndDevelopmentExpenses": 269227000, "generalAndAdministrativeExpenses": 0, "sellingAndMarketingExpenses": 0, "sellingGeneralAndAdministrativeExpenses": 0, "otherExpenses": 20353000, "operatingExpenses": 289580000, "costAndExpenses": 1125296000, "interestIncome": 0, "interestExpense": 0, "depreciationAndAmortization": 47570000, "ebitda": 172440000, "ebitdaratio": 0.1401166339, "operatingIncome": 75819000, "operatingIncomeRatio": 0.0616069535, "totalOtherIncomeExpensesNet": -19477000, "incomeBeforeTax": 57385000, "incomeBeforeTaxRatio": 0.0466283521, "incomeTaxExpense": 30698000, "netIncome": 26687000, "netIncomeRatio": 0.0216846011, "eps": 0.88, "epsdiluted": 0.83, "weightedAverageShsOut": 30704000, "weightedAverageShsOutDil": 32139200, "link": "https://www.sec.gov/Archives/edgar/data/6955/000095013198006204/0000950131-98-006204-index.html", "finalLink": "https://www.sec.gov/Archives/edgar/data/6955/", "calculatedOtherExpenses": 49927000, "calculatedOperatingExpenses": 319154000, "calculatedNetInterest": 0, "calculatedOtherIncome": -18434000, "calculatedIncomeNonControlling": 0, "calculatedEbitda": 123389000}, {"date": "1997-08-31", "symbol": "EPAC", "reportedCurrency": "USD", "cik": "0000006955", "fillingDate": "1997-11-14", "acceptedDate": "1997-11-14 16:05:00", "calendarYear": "1997", "period": "FY", "revenue": 672316000, "costOfRevenue": 419420000, "grossProfit": 252896000, "grossProfitRatio": 0.3761564502, "researchAndDevelopmentExpenses": 173200000, "generalAndAdministrativeExpenses": 0, "sellingAndMarketingExpenses": 0, "sellingGeneralAndAdministrativeExpenses": 0, "otherExpenses": 6813000, "operatingExpenses": 180013000, "costAndExpenses": 599433000, "interestIncome": 0, "interestExpense": 0, "depreciationAndAmortization": 23663000, "ebitda": 94683000, "ebitdaratio": 0.1408310973, "operatingIncome": 72883000, "operatingIncomeRatio": 0.1084058687, "totalOtherIncomeExpensesNet": 1863000, "incomeBeforeTax": 62743000, "incomeBeforeTaxRatio": 0.0933236752, "incomeTaxExpense": 20705000, "netIncome": 42038000, "netIncomeRatio": 0.062527145, "eps": 1.91, "epsdiluted": 1.84, "weightedAverageShsOut": 22900000, "weightedAverageShsOutDil": 23048000, "link": "https://www.sec.gov/Archives/edgar/data/6955/000095013197006854/0000950131-97-006854-index.htm", "finalLink": "https://www.sec.gov/Archives/edgar/data/6955/000095013197006854/", "calculatedOtherExpenses": 6813000, "calculatedOperatingExpenses": 180013000, "calculatedNetInterest": 0, "calculatedOtherIncome": -10140000, "calculatedIncomeNonControlling": 0, "calculatedEbitda": 96546000}, {"date": "1996-08-31", "symbol": "EPAC", "reportedCurrency": "USD", "cik": "0000006955", "fillingDate": "1996-11-15", "acceptedDate": "1996-11-15 00:00:00", "calendarYear": "1996", "period": "FY", "revenue": 571215000, "costOfRevenue": 351283000, "grossProfit": 219932000, "grossProfitRatio": 0.3850249031, "researchAndDevelopmentExpenses": 158485000, "generalAndAdministrativeExpenses": 0, "sellingAndMarketingExpenses": 0, "sellingGeneralAndAdministrativeExpenses": 0, "otherExpenses": 0, "operatingExpenses": 158485000, "costAndExpenses": 509768000, "interestIncome": 0, "interestExpense": 0, "depreciationAndAmortization": 21078000, "ebitda": 82295000, "ebitdaratio": 0.1440700962, "operatingIncome": 61447000, "operatingIncomeRatio": 0.1075724552, "totalOtherIncomeExpensesNet": 230000, "incomeBeforeTax": 49167000, "incomeBeforeTaxRatio": 0.0860744203, "incomeTaxExpense": 15438000, "netIncome": 33729000, "netIncomeRatio": 0.0590478191, "eps": 1.58, "epsdiluted": 1.53, "weightedAverageShsOut": 21415238, "weightedAverageShsOutDil": 22117377, "link": "https://www.sec.gov/Archives/edgar/data/6955/000095012496005128/0000950124-96-005128-index.html", "finalLink": "https://www.sec.gov/Archives/edgar/data/6955/", "calculatedOtherExpenses": 0, "calculatedOperatingExpenses": 158485000, "calculatedNetInterest": 0, "calculatedOtherIncome": -12280000, "calculatedIncomeNonControlling": 0, "calculatedEbitda": 82525000}, {"date": "1995-08-31", "symbol": "EPAC", "reportedCurrency": "USD", "cik": "0000006955", "fillingDate": "1995-11-16", "acceptedDate": "1995-11-16 00:00:00", "calendarYear": "1995", "period": "FY", "revenue": 527058000, "costOfRevenue": 325621000, "grossProfit": 201437000, "grossProfitRatio": 0.3821913338, "researchAndDevelopmentExpenses": 149210000, "generalAndAdministrativeExpenses": 0, "sellingAndMarketingExpenses": 0, "sellingGeneralAndAdministrativeExpenses": 0, "otherExpenses": 0, "operatingExpenses": 149210000, "costAndExpenses": 474831000, "interestIncome": 0, "interestExpense": 0, "depreciationAndAmortization": 18456000, "ebitda": 72377000, "ebitdaratio": 0.1373226476, "operatingIncome": 52227000, "operatingIncomeRatio": 0.0990915611, "totalOtherIncomeExpensesNet": -1694000, "incomeBeforeTax": 36873000, "incomeBeforeTaxRatio": 0.0699600423, "incomeTaxExpense": 11868000, "netIncome": 20085000, "netIncomeRatio": 0.0381077604, "eps": 1.83, "epsdiluted": 1.83, "weightedAverageShsOut": 10996800, "weightedAverageShsOutDil": 21896000, "link": "https://www.sec.gov/Archives/edgar/data/6955/000095012495003836/0000950124-95-003836-index.html", "finalLink": "https://www.sec.gov/Archives/edgar/data/6955/", "calculatedOtherExpenses": 0, "calculatedOperatingExpenses": 149210000, "calculatedNetInterest": 0, "calculatedOtherIncome": -15354000, "calculatedIncomeNonControlling": 4920000, "calculatedEbitda": 70683000}, {"date": "1994-08-31", "symbol": "EPAC", "reportedCurrency": "USD", "cik": "0000006955", "fillingDate": "1994-11-17", "acceptedDate": "1994-11-17 00:00:00", "calendarYear": "1994", "period": "FY", "revenue": 433644000, "costOfRevenue": 270120000, "grossProfit": 163524000, "grossProfitRatio": 0.3770927304, "researchAndDevelopmentExpenses": 121315000, "generalAndAdministrativeExpenses": 0, "sellingAndMarketingExpenses": 0, "sellingGeneralAndAdministrativeExpenses": 0, "otherExpenses": 0, "operatingExpenses": 121315000, "costAndExpenses": 391435000, "interestIncome": 0, "interestExpense": 0, "depreciationAndAmortization": 19406000, "ebitda": 62072000, "ebitdaratio": 0.1431404562, "operatingIncome": 42209000, "operatingIncomeRatio": 0.0973356025, "totalOtherIncomeExpensesNet": -457000, "incomeBeforeTax": 25298000, "incomeBeforeTaxRatio": 0.058338176, "incomeTaxExpense": 8402000, "netIncome": 16548000, "netIncomeRatio": 0.0381603343, "eps": 1.56, "epsdiluted": 1.56, "weightedAverageShsOut": 10631200, "weightedAverageShsOutDil": 21172000, "link": "https://www.sec.gov/Archives/edgar/data/6955/000095012494001757/0000950124-94-001757-index.html", "finalLink": "https://www.sec.gov/Archives/edgar/data/6955/", "calculatedOtherExpenses": 0, "calculatedOperatingExpenses": 121315000, "calculatedNetInterest": 0, "calculatedOtherIncome": -16911000, "calculatedIncomeNonControlling": 348000, "calculatedEbitda": 61615000}, {"date": "1993-08-31", "symbol": "EPAC", "reportedCurrency": "USD", "cik": "0000006955", "fillingDate": "1993-08-31", "acceptedDate": "1993-08-30 20:00:00", "calendarYear": "1993", "period": "FY", "revenue": 360500000, "costOfRevenue": 207700000, "grossProfit": 152800000, "grossProfitRatio": 0.4238557559, "researchAndDevelopmentExpenses": 0, "generalAndAdministrativeExpenses": 0, "sellingAndMarketingExpenses": 0, "sellingGeneralAndAdministrativeExpenses": 108700000, "otherExpenses": 15800000, "operatingExpenses": 124500000, "costAndExpenses": 332200000, "interestIncome": 0, "interestExpense": 0, "depreciationAndAmortization": 15800000, "ebitda": 47400000, "ebitdaratio": 0.1314840499, "operatingIncome": 28300000, "operatingIncomeRatio": 0.0785020804, "totalOtherIncomeExpensesNet": -3300000, "incomeBeforeTax": 13400000, "incomeBeforeTaxRatio": 0.0371705964, "incomeTaxExpense": 4700000, "netIncome": -1100000, "netIncomeRatio": -0.0030513176, "eps": -0.0625, "epsdiluted": -0.0625, "weightedAverageShsOut": 17600000, "weightedAverageShsOutDil": 17600000, "link": "", "finalLink": "", "calculatedOtherExpenses": 15800000, "calculatedOperatingExpenses": 124500000, "calculatedNetInterest": 0, "calculatedOtherIncome": -14900000, "calculatedIncomeNonControlling": 9800000, "calculatedEbitda": 44100000}, {"date": "1992-08-31", "symbol": "EPAC", "reportedCurrency": "USD", "cik": "0000006955", "fillingDate": "1992-08-31", "acceptedDate": "1992-08-30 20:00:00", "calendarYear": "1992", "period": "FY", "revenue": 357400000, "costOfRevenue": 212800000, "grossProfit": 144600000, "grossProfitRatio": 0.4045886961, "researchAndDevelopmentExpenses": 0, "generalAndAdministrativeExpenses": 0, "sellingAndMarketingExpenses": 0, "sellingGeneralAndAdministrativeExpenses": 94400000, "otherExpenses": 14800000, "operatingExpenses": 109200000, "costAndExpenses": 322000000, "interestIncome": 0, "interestExpense": 0, "depreciationAndAmortization": 14800000, "ebitda": 56200000, "ebitdaratio": 0.1572467823, "operatingIncome": 35400000, "operatingIncomeRatio": 0.0990486849, "totalOtherIncomeExpensesNet": -6000000, "incomeBeforeTax": 15900000, "incomeBeforeTaxRatio": 0.0444879687, "incomeTaxExpense": 6400000, "netIncome": -24500000, "netIncomeRatio": -0.0685506435, "eps": -1.16, "epsdiluted": -1.16, "weightedAverageShsOut": 21075269, "weightedAverageShsOutDil": 21075269, "link": "", "finalLink": "", "calculatedOtherExpenses": 14800000, "calculatedOperatingExpenses": 109200000, "calculatedNetInterest": 0, "calculatedOtherIncome": -19500000, "calculatedIncomeNonControlling": 34000000, "calculatedEbitda": 50200000}, {"date": "1991-08-31", "symbol": "EPAC", "reportedCurrency": "USD", "cik": "0000006955", "fillingDate": "1991-08-31", "acceptedDate": "1991-08-30 20:00:00", "calendarYear": "1991", "period": "FY", "revenue": 434000000, "costOfRevenue": 247300000, "grossProfit": 186700000, "grossProfitRatio": 0.4301843318, "researchAndDevelopmentExpenses": 0, "generalAndAdministrativeExpenses": 0, "sellingAndMarketingExpenses": 0, "sellingGeneralAndAdministrativeExpenses": 124100000, "otherExpenses": 19900000, "operatingExpenses": 144000000, "costAndExpenses": 391300000, "interestIncome": 0, "interestExpense": 0, "depreciationAndAmortization": 19900000, "ebitda": 70400000, "ebitdaratio": 0.1622119816, "operatingIncome": 42700000, "operatingIncomeRatio": 0.0983870968, "totalOtherIncomeExpensesNet": -7800000, "incomeBeforeTax": 16900000, "incomeBeforeTaxRatio": 0.0389400922, "incomeTaxExpense": 9100000, "netIncome": 7800000, "netIncomeRatio": 0.0179723502, "eps": 0.38, "epsdiluted": 0.38, "weightedAverageShsOut": 20800000, "weightedAverageShsOutDil": 20800000, "link": "", "finalLink": "", "calculatedOtherExpenses": 19900000, "calculatedOperatingExpenses": 144000000, "calculatedNetInterest": 0, "calculatedOtherIncome": -25800000, "calculatedIncomeNonControlling": 0, "calculatedEbitda": 62600000}, {"date": "1990-08-31", "symbol": "EPAC", "reportedCurrency": "USD", "cik": "0000006955", "fillingDate": "1990-08-31", "acceptedDate": "1990-08-30 20:00:00", "calendarYear": "1990", "period": "FY", "revenue": 445400000, "costOfRevenue": 243500000, "grossProfit": 201900000, "grossProfitRatio": 0.4533004041, "researchAndDevelopmentExpenses": 0, "generalAndAdministrativeExpenses": 0, "sellingAndMarketingExpenses": 0, "sellingGeneralAndAdministrativeExpenses": 122000000, "otherExpenses": 19900000, "operatingExpenses": 141900000, "costAndExpenses": 385400000, "interestIncome": 0, "interestExpense": 0, "depreciationAndAmortization": 19900000, "ebitda": 85200000, "ebitdaratio": 0.1912887292, "operatingIncome": 60000000, "operatingIncomeRatio": 0.1347103727, "totalOtherIncomeExpensesNet": -5300000, "incomeBeforeTax": 34400000, "incomeBeforeTaxRatio": 0.077233947, "incomeTaxExpense": 14800000, "netIncome": 19600000, "netIncomeRatio": 0.0440053884, "eps": 0.93, "epsdiluted": 0.93, "weightedAverageShsOut": 21189189, "weightedAverageShsOutDil": 21189189, "link": "", "finalLink": "", "calculatedOtherExpenses": 19900000, "calculatedOperatingExpenses": 141900000, "calculatedNetInterest": 0, "calculatedOtherIncome": -25600000, "calculatedIncomeNonControlling": 0, "calculatedEbitda": 79900000}, {"date": "1989-08-31", "symbol": "EPAC", "reportedCurrency": "USD", "cik": "0000006955", "fillingDate": "1989-08-31", "acceptedDate": "1989-08-30 20:00:00", "calendarYear": "1989", "period": "FY", "revenue": 246200000, "costOfRevenue": 136600000, "grossProfit": 109600000, "grossProfitRatio": 0.4451665313, "researchAndDevelopmentExpenses": 0, "generalAndAdministrativeExpenses": 0, "sellingAndMarketingExpenses": 0, "sellingGeneralAndAdministrativeExpenses": 64300000, "otherExpenses": 8700000, "operatingExpenses": 73000000, "costAndExpenses": 209600000, "interestIncome": 0, "interestExpense": 0, "depreciationAndAmortization": 8700000, "ebitda": 41100000, "ebitdaratio": 0.1669374492, "operatingIncome": 36600000, "operatingIncomeRatio": 0.1486596263, "totalOtherIncomeExpensesNet": 4200000, "incomeBeforeTax": 32900000, "incomeBeforeTaxRatio": 0.1336311942, "incomeTaxExpense": 13100000, "netIncome": 19800000, "netIncomeRatio": 0.0804224208, "eps": 0.95, "epsdiluted": 0.95, "weightedAverageShsOut": 20842105, "weightedAverageShsOutDil": 20842105, "link": "", "finalLink": "", "calculatedOtherExpenses": 8700000, "calculatedOperatingExpenses": 73000000, "calculatedNetInterest": 0, "calculatedOtherIncome": -3700000, "calculatedIncomeNonControlling": 0, "calculatedEbitda": 45300000}, {"date": "1988-08-31", "symbol": "EPAC", "reportedCurrency": "USD", "cik": "0000006955", "fillingDate": "1988-08-31", "acceptedDate": "1988-08-30 20:00:00", "calendarYear": "1988", "period": "FY", "revenue": 177100000, "costOfRevenue": 96600000, "grossProfit": 80500000, "grossProfitRatio": 0.4545454545, "researchAndDevelopmentExpenses": 0, "generalAndAdministrativeExpenses": 0, "sellingAndMarketingExpenses": 0, "sellingGeneralAndAdministrativeExpenses": 50400000, "otherExpenses": 4900000, "operatingExpenses": 55300000, "costAndExpenses": 151900000, "interestIncome": 0, "interestExpense": 0, "depreciationAndAmortization": 4900000, "ebitda": 28600000, "ebitdaratio": 0.1614906832, "operatingIncome": 25200000, "operatingIncomeRatio": 0.1422924901, "totalOtherIncomeExpensesNet": 1500000, "incomeBeforeTax": 22900000, "incomeBeforeTaxRatio": 0.1293054771, "incomeTaxExpense": 8400000, "netIncome": 14500000, "netIncomeRatio": 0.0818746471, "eps": 0.71, "epsdiluted": 0.71, "weightedAverageShsOut": 20350877, "weightedAverageShsOutDil": 20350877, "link": "", "finalLink": "", "calculatedOtherExpenses": 4900000, "calculatedOperatingExpenses": 55300000, "calculatedNetInterest": 0, "calculatedOtherIncome": -2300000, "calculatedIncomeNonControlling": 0, "calculatedEbitda": 30100000}, {"date": "1987-08-31", "symbol": "EPAC", "reportedCurrency": "USD", "cik": "0000006955", "fillingDate": "1987-08-31", "acceptedDate": "1987-08-30 20:00:00", "calendarYear": "1987", "period": "FY", "revenue": 129400000, "costOfRevenue": 69900000, "grossProfit": 59500000, "grossProfitRatio": 0.4598145286, "researchAndDevelopmentExpenses": 0, "generalAndAdministrativeExpenses": 0, "sellingAndMarketingExpenses": 0, "sellingGeneralAndAdministrativeExpenses": 43800000, "otherExpenses": 3000000, "operatingExpenses": 46800000, "costAndExpenses": 116700000, "interestIncome": 0, "interestExpense": 0, "depreciationAndAmortization": 3000000, "ebitda": 14500000, "ebitdaratio": 0.1120556414, "operatingIncome": 12700000, "operatingIncomeRatio": 0.0981452859, "totalOtherIncomeExpensesNet": 1200000, "incomeBeforeTax": 10300000, "incomeBeforeTaxRatio": 0.0795981453, "incomeTaxExpense": 3800000, "netIncome": -1600000, "netIncomeRatio": -0.0123647604, "eps": -0.1, "epsdiluted": -0.1, "weightedAverageShsOut": 16000000, "weightedAverageShsOutDil": 16000000, "link": "", "finalLink": "", "calculatedOtherExpenses": 3000000, "calculatedOperatingExpenses": 46800000, "calculatedNetInterest": 0, "calculatedOtherIncome": -2400000, "calculatedIncomeNonControlling": 8100000, "calculatedEbitda": 15700000}, {"date": "1986-08-31", "symbol": "EPAC", "reportedCurrency": "USD", "cik": "0000006955", "fillingDate": "1986-08-31", "acceptedDate": "1986-08-30 20:00:00", "calendarYear": "1986", "period": "FY", "revenue": 113000000, "costOfRevenue": 62000000, "grossProfit": 51000000, "grossProfitRatio": 0.4513274336, "researchAndDevelopmentExpenses": 0, "generalAndAdministrativeExpenses": 0, "sellingAndMarketingExpenses": 0, "sellingGeneralAndAdministrativeExpenses": 39500000, "otherExpenses": 2300000, "operatingExpenses": 41800000, "costAndExpenses": 103800000, "interestIncome": 0, "interestExpense": 0, "depreciationAndAmortization": 2300000, "ebitda": 8400000, "ebitdaratio": 0.0743362832, "operatingIncome": 9200000, "operatingIncomeRatio": 0.0814159292, "totalOtherIncomeExpensesNet": 3100000, "incomeBeforeTax": 9400000, "incomeBeforeTaxRatio": 0.0831858407, "incomeTaxExpense": 3600000, "netIncome": 4000000, "netIncomeRatio": 0.0353982301, "eps": 0.0781, "epsdiluted": 0.0742, "weightedAverageShsOut": 14928000, "weightedAverageShsOutDil": 14928000, "link": "", "finalLink": "", "calculatedOtherExpenses": 2300000, "calculatedOperatingExpenses": 41800000, "calculatedNetInterest": 0, "calculatedOtherIncome": 200000, "calculatedIncomeNonControlling": 1800000, "calculatedEbitda": 11500000}]}