{"originalCurrency": "USD", "convertedCurrency": "USD", "report": [{"date": "2023-09-30", "symbol": "EPC", "reportedCurrency": "USD", "cik": "0001096752", "fillingDate": "2023-11-28", "acceptedDate": "2023-11-28 16:40:23", "calendarYear": "2023", "period": "FY", "revenue": 2251600000, "costOfRevenue": 1313200000, "grossProfit": 938400000, "grossProfitRatio": 0.4167702967, "researchAndDevelopmentExpenses": 58500000, "generalAndAdministrativeExpenses": 409600000, "sellingAndMarketingExpenses": 229100000, "sellingGeneralAndAdministrativeExpenses": 638700000, "otherExpenses": -800000, "operatingExpenses": 697200000, "costAndExpenses": 2010400000, "interestIncome": 76400000, "interestExpense": 78500000, "depreciationAndAmortization": 91400000, "ebitda": 331800000, "ebitdaratio": 0.147361876, "operatingIncome": 224600000, "operatingIncomeRatio": 0.099751288, "totalOtherIncomeExpensesNet": -17400000, "incomeBeforeTax": 145300000, "incomeBeforeTaxRatio": 0.0645318884, "incomeTaxExpense": 32400000, "netIncome": 114700000, "netIncomeRatio": 0.0509415527, "eps": 2.24, "epsdiluted": 2.21, "weightedAverageShsOut": 51200000, "weightedAverageShsOutDil": 51800000, "link": "https://www.sec.gov/Archives/edgar/data/1096752/000162828023040139/0001628280-23-040139-index.htm", "finalLink": "https://www.sec.gov/Archives/edgar/data/1096752/000162828023040139/epc-20230930.htm", "calculatedOtherExpenses": 16600000, "calculatedOperatingExpenses": 713800000, "calculatedNetInterest": -2100000, "calculatedOtherIncome": -77200000, "calculatedIncomeNonControlling": -1800000, "calculatedEbitda": 316000000}, {"date": "2022-09-30", "symbol": "EPC", "reportedCurrency": "USD", "cik": "0001096752", "fillingDate": "2022-11-16", "acceptedDate": "2022-11-16 10:18:25", "calendarYear": "2022", "period": "FY", "revenue": 2171700000, "costOfRevenue": 1292300000, "grossProfit": 879400000, "grossProfitRatio": 0.4049362251, "researchAndDevelopmentExpenses": 55500000, "generalAndAdministrativeExpenses": 389100000, "sellingAndMarketingExpenses": 238300000, "sellingGeneralAndAdministrativeExpenses": 627400000, "otherExpenses": 13200000, "operatingExpenses": 682900000, "costAndExpenses": 1975200000, "interestIncome": 71400000, "interestExpense": 71400000, "depreciationAndAmortization": 118400000, "ebitda": 299600000, "ebitdaratio": 0.1379564397, "operatingIncome": 181200000, "operatingIncomeRatio": 0.0834369388, "totalOtherIncomeExpensesNet": -58200000, "incomeBeforeTax": 123000000, "incomeBeforeTaxRatio": 0.0566376571, "incomeTaxExpense": 24400000, "netIncome": 99500000, "netIncomeRatio": 0.0458166413, "eps": 1.87, "epsdiluted": 1.86, "weightedAverageShsOut": 53100000, "weightedAverageShsOutDil": 53600000, "link": "https://www.sec.gov/Archives/edgar/data/1096752/000109675222000033/0001096752-22-000033-index.htm", "finalLink": "https://www.sec.gov/Archives/edgar/data/1096752/000109675222000033/epc-20220930.htm", "calculatedOtherExpenses": 15300000, "calculatedOperatingExpenses": 698200000, "calculatedNetInterest": 0, "calculatedOtherIncome": -58200000, "calculatedIncomeNonControlling": -900000, "calculatedEbitda": 299600000}, {"date": "2021-09-30", "symbol": "EPC", "reportedCurrency": "USD", "cik": "0001096752", "fillingDate": "2021-11-19", "acceptedDate": "2021-11-19 09:48:22", "calendarYear": "2021", "period": "FY", "revenue": 2087300000, "costOfRevenue": 1137200000, "grossProfit": 950100000, "grossProfitRatio": 0.4551813347, "researchAndDevelopmentExpenses": 57800000, "generalAndAdministrativeExpenses": 391200000, "sellingAndMarketingExpenses": 241500000, "sellingGeneralAndAdministrativeExpenses": 632700000, "otherExpenses": 1200000, "operatingExpenses": 690500000, "costAndExpenses": 1827700000, "interestIncome": 67900000, "interestExpense": 67900000, "depreciationAndAmortization": 109100000, "ebitda": 347900000, "ebitdaratio": 0.1666746515, "operatingIncome": 238800000, "operatingIncomeRatio": 0.1144061707, "totalOtherIncomeExpensesNet": -92800000, "incomeBeforeTax": 146000000, "incomeBeforeTaxRatio": 0.0699468213, "incomeTaxExpense": 29000000, "netIncome": 117800000, "netIncomeRatio": 0.0564365448, "eps": 2.15, "epsdiluted": 2.12, "weightedAverageShsOut": 54400000, "weightedAverageShsOutDil": 55200000, "link": "https://www.sec.gov/Archives/edgar/data/1096752/000109675221000032/0001096752-21-000032-index.htm", "finalLink": "https://www.sec.gov/Archives/edgar/data/1096752/000109675221000032/epc-20210930.htm", "calculatedOtherExpenses": 20800000, "calculatedOperatingExpenses": 711300000, "calculatedNetInterest": 0, "calculatedOtherIncome": -92800000, "calculatedIncomeNonControlling": -800000, "calculatedEbitda": 347900000}, {"date": "2020-09-30", "symbol": "EPC", "reportedCurrency": "USD", "cik": "0001096752", "fillingDate": "2020-11-20", "acceptedDate": "2020-11-20 08:58:56", "calendarYear": "2020", "period": "FY", "revenue": 1949700000, "costOfRevenue": 1068800000, "grossProfit": 880900000, "grossProfitRatio": 0.4518130995, "researchAndDevelopmentExpenses": 55300000, "generalAndAdministrativeExpenses": 408800000, "sellingAndMarketingExpenses": 216200000, "sellingGeneralAndAdministrativeExpenses": 625000000, "otherExpenses": -5400000, "operatingExpenses": 680300000, "costAndExpenses": 1749100000, "interestIncome": 61200000, "interestExpense": 61200000, "depreciationAndAmortization": 88800000, "ebitda": 284000000, "ebitdaratio": 0.1456634354, "operatingIncome": 195200000, "operatingIncomeRatio": 0.1001179669, "totalOtherIncomeExpensesNet": -107900000, "incomeBeforeTax": 87300000, "incomeBeforeTaxRatio": 0.0447761194, "incomeTaxExpense": 19700000, "netIncome": 67600000, "netIncomeRatio": 0.0346720008, "eps": 1.24, "epsdiluted": 1.24, "weightedAverageShsOut": 54300000, "weightedAverageShsOutDil": 54600000, "link": "https://www.sec.gov/Archives/edgar/data/1096752/000109675220000059/0001096752-20-000059-index.htm", "finalLink": "https://www.sec.gov/Archives/edgar/data/1096752/000109675220000059/epc-20200930.htm", "calculatedOtherExpenses": 5400000, "calculatedOperatingExpenses": 685700000, "calculatedNetInterest": 0, "calculatedOtherIncome": -107900000, "calculatedIncomeNonControlling": 0, "calculatedEbitda": 284000000}, {"date": "2019-09-30", "symbol": "EPC", "reportedCurrency": "USD", "cik": "0001096752", "fillingDate": "2019-11-26", "acceptedDate": "2019-11-26 15:09:14", "calendarYear": "2019", "period": "FY", "revenue": 2141000000, "costOfRevenue": 1174400000, "grossProfit": 966600000, "grossProfitRatio": 0.4514712751, "researchAndDevelopmentExpenses": 53500000, "generalAndAdministrativeExpenses": 372000000, "sellingAndMarketingExpenses": 250900000, "sellingGeneralAndAdministrativeExpenses": 622900000, "otherExpenses": -1500000, "operatingExpenses": 676400000, "costAndExpenses": 1850800000, "interestIncome": 62600000, "interestExpense": 62600000, "depreciationAndAmortization": 93800000, "ebitda": 382500000, "ebitdaratio": 0.1786548342, "operatingIncome": 288700000, "operatingIncomeRatio": 0.1348435311, "totalOtherIncomeExpensesNet": -658000000, "incomeBeforeTax": -369300000, "incomeBeforeTaxRatio": -0.1724894909, "incomeTaxExpense": -16400000, "netIncome": -352900000, "netIncomeRatio": -0.1648295189, "eps": -6.52, "epsdiluted": -6.52, "weightedAverageShsOut": 54100000, "weightedAverageShsOutDil": 54100000, "link": "https://www.sec.gov/Archives/edgar/data/1096752/000109675219000041/0001096752-19-000041-index.htm", "finalLink": "https://www.sec.gov/Archives/edgar/data/1096752/000109675219000041/epc10k93019.htm", "calculatedOtherExpenses": 1500000, "calculatedOperatingExpenses": 677900000, "calculatedNetInterest": 0, "calculatedOtherIncome": -658000000, "calculatedIncomeNonControlling": 0, "calculatedEbitda": 382500000}, {"date": "2018-09-30", "symbol": "EPC", "reportedCurrency": "USD", "cik": "0001096752", "fillingDate": "2018-11-19", "acceptedDate": "2018-11-16 17:58:42", "calendarYear": "2018", "period": "FY", "revenue": 2234400000, "costOfRevenue": 1197600000, "grossProfit": 1036800000, "grossProfitRatio": 0.4640171858, "researchAndDevelopmentExpenses": 61100000, "generalAndAdministrativeExpenses": 392200000, "sellingAndMarketingExpenses": 293300000, "sellingGeneralAndAdministrativeExpenses": 685500000, "otherExpenses": -5400000, "operatingExpenses": 746600000, "costAndExpenses": 1944200000, "interestIncome": 0, "interestExpense": 68000000, "depreciationAndAmortization": 97600000, "ebitda": 382400000, "ebitdaratio": 0.1711421411, "operatingIncome": 290200000, "operatingIncomeRatio": 0.1298782671, "totalOtherIncomeExpensesNet": -58400000, "incomeBeforeTax": 163800000, "incomeBeforeTaxRatio": 0.0733082707, "incomeTaxExpense": 60500000, "netIncome": 103300000, "netIncomeRatio": 0.0462316506, "eps": 1.9, "epsdiluted": 1.9, "weightedAverageShsOut": 54400000, "weightedAverageShsOutDil": 54500000, "link": "https://www.sec.gov/Archives/edgar/data/1096752/000109675218000043/0001096752-18-000043-index.htm", "finalLink": "https://www.sec.gov/Archives/edgar/data/1096752/000109675218000043/epc10k93018.htm", "calculatedOtherExpenses": 0, "calculatedOperatingExpenses": 746600000, "calculatedNetInterest": -68000000, "calculatedOtherIncome": -58400000, "calculatedIncomeNonControlling": 0, "calculatedEbitda": 387800000}, {"date": "2017-09-30", "symbol": "EPC", "reportedCurrency": "USD", "cik": "0001096752", "fillingDate": "2017-11-20", "acceptedDate": "2017-11-17 17:44:15", "calendarYear": "2017", "period": "FY", "revenue": 2298400000, "costOfRevenue": 1167800000, "grossProfit": 1130600000, "grossProfitRatio": 0.4919074139, "researchAndDevelopmentExpenses": 67600000, "generalAndAdministrativeExpenses": 390000000, "sellingAndMarketingExpenses": 318300000, "sellingGeneralAndAdministrativeExpenses": 708300000, "otherExpenses": 10200000, "operatingExpenses": 775900000, "costAndExpenses": 1943700000, "interestIncome": 0, "interestExpense": 69200000, "depreciationAndAmortization": 94400000, "ebitda": 459300000, "ebitdaratio": 0.1998346676, "operatingIncome": 354700000, "operatingIncomeRatio": 0.1543247477, "totalOtherIncomeExpensesNet": -338400000, "incomeBeforeTax": -52900000, "incomeBeforeTaxRatio": -0.0230160111, "incomeTaxExpense": -58600000, "netIncome": 5700000, "netIncomeRatio": 0.0024799861, "eps": 0.1, "epsdiluted": 0.1, "weightedAverageShsOut": 57300000, "weightedAverageShsOutDil": 57500000, "link": "https://www.sec.gov/Archives/edgar/data/1096752/000109675217000040/0001096752-17-000040-index.htm", "finalLink": "https://www.sec.gov/Archives/edgar/data/1096752/000109675217000040/epc10k93017.htm", "calculatedOtherExpenses": 0, "calculatedOperatingExpenses": 775900000, "calculatedNetInterest": -69200000, "calculatedOtherIncome": -338400000, "calculatedIncomeNonControlling": 0, "calculatedEbitda": 449100000}, {"date": "2016-09-30", "symbol": "EPC", "reportedCurrency": "USD", "cik": "0001096752", "fillingDate": "2016-11-18", "acceptedDate": "2016-11-18 15:23:44", "calendarYear": "2016", "period": "FY", "revenue": 2362000000, "costOfRevenue": 1202100000, "grossProfit": 1159900000, "grossProfitRatio": 0.4910668925, "researchAndDevelopmentExpenses": 71900000, "generalAndAdministrativeExpenses": 412700000, "sellingAndMarketingExpenses": 336700000, "sellingGeneralAndAdministrativeExpenses": 749400000, "otherExpenses": -3200000, "operatingExpenses": 821300000, "costAndExpenses": 2023400000, "interestIncome": 0, "interestExpense": 71800000, "depreciationAndAmortization": 92600000, "ebitda": 428000000, "ebitdaratio": 0.1812023709, "operatingIncome": 338600000, "operatingIncomeRatio": 0.1433530906, "totalOtherIncomeExpensesNet": -46900000, "incomeBeforeTax": 219900000, "incomeBeforeTaxRatio": 0.0930990686, "incomeTaxExpense": 41200000, "netIncome": 178700000, "netIncomeRatio": 0.0756562235, "eps": 3.02, "epsdiluted": 2.99, "weightedAverageShsOut": 59200000, "weightedAverageShsOutDil": 59700000, "link": "https://www.sec.gov/Archives/edgar/data/1096752/000109675216000118/0001096752-16-000118-index.htm", "finalLink": "https://www.sec.gov/Archives/edgar/data/1096752/000109675216000118/epc10k93016.htm", "calculatedOtherExpenses": 0, "calculatedOperatingExpenses": 821300000, "calculatedNetInterest": -71800000, "calculatedOtherIncome": -46900000, "calculatedIncomeNonControlling": 0, "calculatedEbitda": 431200000}, {"date": "2015-09-30", "symbol": "EPC", "reportedCurrency": "USD", "cik": "0001096752", "fillingDate": "2015-11-30", "acceptedDate": "2015-11-30 17:19:36", "calendarYear": "2015", "period": "FY", "revenue": 2421200000, "costOfRevenue": 1237400000, "grossProfit": 1183800000, "grossProfitRatio": 0.4889311085, "researchAndDevelopmentExpenses": 71000000, "generalAndAdministrativeExpenses": 571600000, "sellingAndMarketingExpenses": 367100000, "sellingGeneralAndAdministrativeExpenses": 938700000, "otherExpenses": 11800000, "operatingExpenses": 1009700000, "costAndExpenses": 2247100000, "interestIncome": 0, "interestExpense": 99800000, "depreciationAndAmortization": 115300000, "ebitda": 185900000, "ebitdaratio": 0.076780109, "operatingIncome": 174100000, "operatingIncomeRatio": 0.0719064926, "totalOtherIncomeExpensesNet": -533000000, "incomeBeforeTax": -458700000, "incomeBeforeTaxRatio": -0.1894515116, "incomeTaxExpense": -162600000, "netIncome": -275300000, "netIncomeRatio": -0.1137039485, "eps": -4.44, "epsdiluted": -4.44, "weightedAverageShsOut": 61945606, "weightedAverageShsOutDil": 62000000, "link": "https://www.sec.gov/Archives/edgar/data/1096752/000109675215000088/0001096752-15-000088-index.htm", "finalLink": "https://www.sec.gov/Archives/edgar/data/1096752/000109675215000088/epc10k93015.htm", "calculatedOtherExpenses": 0, "calculatedOperatingExpenses": 1009700000, "calculatedNetInterest": -99800000, "calculatedOtherIncome": -533000000, "calculatedIncomeNonControlling": -20800000, "calculatedEbitda": 289400000}, {"date": "2014-09-30", "symbol": "EPC", "reportedCurrency": "USD", "cik": "0001096752", "fillingDate": "2014-11-18", "acceptedDate": "2014-11-18 14:19:11", "calendarYear": "2014", "period": "FY", "revenue": 4447700000, "costOfRevenue": 2312500000, "grossProfit": 2135200000, "grossProfitRatio": 0.4800683499, "researchAndDevelopmentExpenses": 94800000, "generalAndAdministrativeExpenses": 859900000, "sellingAndMarketingExpenses": 492900000, "sellingGeneralAndAdministrativeExpenses": 1352800000, "otherExpenses": 1100000, "operatingExpenses": 1447600000, "costAndExpenses": 3760100000, "interestIncome": 0, "interestExpense": 122600000, "depreciationAndAmortization": 136200000, "ebitda": 688700000, "ebitdaratio": 0.1548440767, "operatingIncome": 687600000, "operatingIncomeRatio": 0.1545967579, "totalOtherIncomeExpensesNet": -91500000, "incomeBeforeTax": 473500000, "incomeBeforeTaxRatio": 0.1064595184, "incomeTaxExpense": 117400000, "netIncome": 356100000, "netIncomeRatio": 0.0800638532, "eps": 5.74, "epsdiluted": 5.69, "weightedAverageShsOut": 62000000, "weightedAverageShsOutDil": 62600000, "link": "https://www.sec.gov/Archives/edgar/data/1096752/000109675214000141/0001096752-14-000141-index.htm", "finalLink": "https://www.sec.gov/Archives/edgar/data/1096752/000109675214000141/enr10kq42014.htm", "calculatedOtherExpenses": 0, "calculatedOperatingExpenses": 1447600000, "calculatedNetInterest": -122600000, "calculatedOtherIncome": -91500000, "calculatedIncomeNonControlling": 0, "calculatedEbitda": 823800000}, {"date": "2013-09-30", "symbol": "EPC", "reportedCurrency": "USD", "cik": "0001096752", "fillingDate": "2013-11-21", "acceptedDate": "2013-11-21 15:33:50", "calendarYear": "2013", "period": "FY", "revenue": 4466000000, "costOfRevenue": 2361700000, "grossProfit": 2104300000, "grossProfitRatio": 0.471182266, "researchAndDevelopmentExpenses": 99000000, "generalAndAdministrativeExpenses": 825000000, "sellingAndMarketingExpenses": 439900000, "sellingGeneralAndAdministrativeExpenses": 1264900000, "otherExpenses": 107600000, "operatingExpenses": 1363900000, "costAndExpenses": 3725600000, "interestIncome": 0, "interestExpense": 130500000, "depreciationAndAmortization": 144500000, "ebitda": 837700000, "ebitdaratio": 0.1875727721, "operatingIncome": 740400000, "operatingIncomeRatio": 0.1657859382, "totalOtherIncomeExpensesNet": -31700000, "incomeBeforeTax": 567900000, "incomeBeforeTaxRatio": 0.1271607703, "incomeTaxExpense": 160900000, "netIncome": 407000000, "netIncomeRatio": 0.0911330049, "eps": 6.55, "epsdiluted": 6.47, "weightedAverageShsOut": 62100000, "weightedAverageShsOutDil": 62900000, "link": "https://www.sec.gov/Archives/edgar/data/1096752/000109675213000159/0001096752-13-000159-index.htm", "finalLink": "https://www.sec.gov/Archives/edgar/data/1096752/000109675213000159/enr10k2013.htm", "calculatedOtherExpenses": 0, "calculatedOperatingExpenses": 1363900000, "calculatedNetInterest": -130500000, "calculatedOtherIncome": -42000000, "calculatedIncomeNonControlling": 0, "calculatedEbitda": 884900000}, {"date": "2012-09-30", "symbol": "EPC", "reportedCurrency": "USD", "cik": "0001096752", "fillingDate": "2012-11-20", "acceptedDate": "2012-11-20 16:53:07", "calendarYear": "2012", "period": "FY", "revenue": 4567200000, "costOfRevenue": 2429300000, "grossProfit": 2137900000, "grossProfitRatio": 0.4680986162, "researchAndDevelopmentExpenses": 112500000, "generalAndAdministrativeExpenses": 895100000, "sellingAndMarketingExpenses": 449500000, "sellingGeneralAndAdministrativeExpenses": 1344600000, "otherExpenses": 0, "operatingExpenses": 1457100000, "costAndExpenses": 3886400000, "interestIncome": 0, "interestExpense": 127300000, "depreciationAndAmortization": 162200000, "ebitda": 680800000, "ebitdaratio": 0.1490628832, "operatingIncome": 680800000, "operatingIncomeRatio": 0.1490628832, "totalOtherIncomeExpensesNet": 11900000, "incomeBeforeTax": 565400000, "incomeBeforeTaxRatio": 0.1237957611, "incomeTaxExpense": 156500000, "netIncome": 408900000, "netIncomeRatio": 0.08952969, "eps": 6.3, "epsdiluted": 6.22, "weightedAverageShsOut": 64900000, "weightedAverageShsOutDil": 65700000, "link": "https://www.sec.gov/Archives/edgar/data/1096752/000109675212000123/0001096752-12-000123-index.htm", "finalLink": "https://www.sec.gov/Archives/edgar/data/1096752/000109675212000123/enr10k2012.htm", "calculatedOtherExpenses": 0, "calculatedOperatingExpenses": 1457100000, "calculatedNetInterest": -127300000, "calculatedOtherIncome": 11900000, "calculatedIncomeNonControlling": 0, "calculatedEbitda": 843000000}, {"date": "2011-09-30", "symbol": "EPC", "reportedCurrency": "USD", "cik": "0001096752", "fillingDate": "2011-11-22", "acceptedDate": "2011-11-22 16:13:07", "calendarYear": "2011", "period": "FY", "revenue": 4645700000, "costOfRevenue": 2500000000, "grossProfit": 2145700000, "grossProfitRatio": 0.4618679639, "researchAndDevelopmentExpenses": 108300000, "generalAndAdministrativeExpenses": 856100000, "sellingAndMarketingExpenses": 524000000, "sellingGeneralAndAdministrativeExpenses": 1380100000, "otherExpenses": 0, "operatingExpenses": 1488400000, "costAndExpenses": 3988400000, "interestIncome": 0, "interestExpense": 121400000, "depreciationAndAmortization": 181300000, "ebitda": 657300000, "ebitdaratio": 0.1414856749, "operatingIncome": 657300000, "operatingIncomeRatio": 0.1414856749, "totalOtherIncomeExpensesNet": -129900000, "incomeBeforeTax": 406000000, "incomeBeforeTaxRatio": 0.0873926427, "incomeTaxExpense": 144800000, "netIncome": 261200000, "netIncomeRatio": 0.0562240351, "eps": 3.75, "epsdiluted": 3.72, "weightedAverageShsOut": 69600000, "weightedAverageShsOutDil": 70300000, "link": "https://www.sec.gov/Archives/edgar/data/1096752/000109675211000063/0001096752-11-000063-index.htm", "finalLink": "https://www.sec.gov/Archives/edgar/data/1096752/000109675211000063/enr10k2011.htm", "calculatedOtherExpenses": 0, "calculatedOperatingExpenses": 1488400000, "calculatedNetInterest": -121400000, "calculatedOtherIncome": -129900000, "calculatedIncomeNonControlling": 0, "calculatedEbitda": 838600000}, {"date": "2010-09-30", "symbol": "EPC", "reportedCurrency": "USD", "cik": "0001096752", "fillingDate": "2010-11-23", "acceptedDate": "2010-11-23 17:09:10", "calendarYear": "2010", "period": "FY", "revenue": 4248300000, "costOfRevenue": 2229000000, "grossProfit": 2019300000, "grossProfitRatio": 0.4753195396, "researchAndDevelopmentExpenses": 97100000, "generalAndAdministrativeExpenses": 765700000, "sellingAndMarketingExpenses": 461300000, "sellingGeneralAndAdministrativeExpenses": 1227000000, "otherExpenses": 0, "operatingExpenses": 1324100000, "costAndExpenses": 3553100000, "interestIncome": 0, "interestExpense": 125400000, "depreciationAndAmortization": 139200000, "ebitda": 695200000, "ebitdaratio": 0.1636419274, "operatingIncome": 695200000, "operatingIncomeRatio": 0.1636419274, "totalOtherIncomeExpensesNet": -26400000, "incomeBeforeTax": 543400000, "incomeBeforeTaxRatio": 0.1279099875, "incomeTaxExpense": 140400000, "netIncome": 403000000, "netIncomeRatio": 0.094861474, "eps": 5.76, "epsdiluted": 5.72, "weightedAverageShsOut": 70000000, "weightedAverageShsOutDil": 70500000, "link": "https://www.sec.gov/Archives/edgar/data/1096752/000120677410002425/0001206774-10-002425-index.htm", "finalLink": "https://www.sec.gov/Archives/edgar/data/1096752/000120677410002425/energizer_10k.htm", "calculatedOtherExpenses": 0, "calculatedOperatingExpenses": 1324100000, "calculatedNetInterest": -125400000, "calculatedOtherIncome": -26400000, "calculatedIncomeNonControlling": 0, "calculatedEbitda": 834400000}, {"date": "2009-09-30", "symbol": "EPC", "reportedCurrency": "USD", "cik": "0001096752", "fillingDate": "2009-11-25", "acceptedDate": "2009-11-25 14:57:12", "calendarYear": "2009", "period": "FY", "revenue": 3999800000, "costOfRevenue": 2141200000, "grossProfit": 1858600000, "grossProfitRatio": 0.4646732337, "researchAndDevelopmentExpenses": 90500000, "generalAndAdministrativeExpenses": 742600000, "sellingAndMarketingExpenses": 414500000, "sellingGeneralAndAdministrativeExpenses": 1157100000, "otherExpenses": 0, "operatingExpenses": 1247600000, "costAndExpenses": 3388800000, "interestIncome": 0, "interestExpense": 144700000, "depreciationAndAmortization": 130400000, "ebitda": 741400000, "ebitdaratio": 0.185359268, "operatingIncome": 611000000, "operatingIncomeRatio": 0.1527576379, "totalOtherIncomeExpensesNet": -21000000, "incomeBeforeTax": 445300000, "incomeBeforeTaxRatio": 0.1113305665, "incomeTaxExpense": 147500000, "netIncome": 297800000, "netIncomeRatio": 0.0744537227, "eps": 4.77, "epsdiluted": 4.72, "weightedAverageShsOut": 62400000, "weightedAverageShsOutDil": 63100000, "link": "https://www.sec.gov/Archives/edgar/data/1096752/000120677409002217/0001206774-09-002217-index.htm", "finalLink": "https://www.sec.gov/Archives/edgar/data/1096752/000120677409002217/energizer_10k.htm", "calculatedOtherExpenses": 0, "calculatedOperatingExpenses": 1247600000, "calculatedNetInterest": -144700000, "calculatedOtherIncome": -21000000, "calculatedIncomeNonControlling": 0, "calculatedEbitda": 741400000}, {"date": "2008-09-30", "symbol": "EPC", "reportedCurrency": "USD", "cik": "0001096752", "fillingDate": "2008-11-26", "acceptedDate": "2008-11-26 13:25:24", "calendarYear": "2008", "period": "FY", "revenue": 4331000000, "costOfRevenue": 2293300000, "grossProfit": 2037700000, "grossProfitRatio": 0.4704918033, "researchAndDevelopmentExpenses": 91700000, "generalAndAdministrativeExpenses": 794000000, "sellingAndMarketingExpenses": 486800000, "sellingGeneralAndAdministrativeExpenses": 1280800000, "otherExpenses": 0, "operatingExpenses": 1372500000, "costAndExpenses": 3665800000, "interestIncome": 0, "interestExpense": 0, "depreciationAndAmortization": 141300000, "ebitda": 817200000, "ebitdaratio": 0.1886862157, "operatingIncome": 665200000, "operatingIncomeRatio": 0.1535903948, "totalOtherIncomeExpensesNet": -10700000, "incomeBeforeTax": 473200000, "incomeBeforeTaxRatio": 0.1092588317, "incomeTaxExpense": 143900000, "netIncome": 329300000, "netIncomeRatio": 0.0760332487, "eps": 5.71, "epsdiluted": 5.59, "weightedAverageShsOut": 57600000, "weightedAverageShsOutDil": 58900000, "link": "https://www.sec.gov/Archives/edgar/data/1096752/000120677408001935/0001206774-08-001935-index.htm", "finalLink": "https://www.sec.gov/Archives/edgar/data/1096752/000120677408001935/energizer_10k.htm", "calculatedOtherExpenses": 0, "calculatedOperatingExpenses": 1372500000, "calculatedNetInterest": 0, "calculatedOtherIncome": -192000000, "calculatedIncomeNonControlling": 0, "calculatedEbitda": 806500000}, {"date": "2007-09-30", "symbol": "EPC", "reportedCurrency": "USD", "cik": "0001096752", "fillingDate": "2007-11-29", "acceptedDate": "2007-11-29 13:29:01", "calendarYear": "2007", "period": "FY", "revenue": 3365100000, "costOfRevenue": 1760400000, "grossProfit": 1604700000, "grossProfitRatio": 0.4768654721, "researchAndDevelopmentExpenses": 70700000, "generalAndAdministrativeExpenses": 627900000, "sellingAndMarketingExpenses": 395200000, "sellingGeneralAndAdministrativeExpenses": 1023100000, "otherExpenses": 0, "operatingExpenses": 1093800000, "costAndExpenses": 2854200000, "interestIncome": 0, "interestExpense": 0, "depreciationAndAmortization": 115000000, "ebitda": 611400000, "ebitdaratio": 0.1816885085, "operatingIncome": 510900000, "operatingIncomeRatio": 0.1518231256, "totalOtherIncomeExpensesNet": 14500000, "incomeBeforeTax": 434200000, "incomeBeforeTaxRatio": 0.1290303409, "incomeTaxExpense": 112800000, "netIncome": 321400000, "netIncomeRatio": 0.0955097917, "eps": 5.67, "epsdiluted": 5.51, "weightedAverageShsOut": 56700000, "weightedAverageShsOutDil": 58300000, "link": "https://www.sec.gov/Archives/edgar/data/1096752/000120677407002751/0001206774-07-002751-index.htm", "finalLink": "https://www.sec.gov/Archives/edgar/data/1096752/000120677407002751/energizer_10k.htm", "calculatedOtherExpenses": 0, "calculatedOperatingExpenses": 1093800000, "calculatedNetInterest": 0, "calculatedOtherIncome": -76700000, "calculatedIncomeNonControlling": 0, "calculatedEbitda": 625900000}, {"date": "2006-09-30", "symbol": "EPC", "reportedCurrency": "USD", "cik": "0001096752", "fillingDate": "2006-12-05", "acceptedDate": "2006-12-05 17:23:18", "calendarYear": "2006", "period": "FY", "revenue": 3076900000, "costOfRevenue": 1596100000, "grossProfit": 1480800000, "grossProfitRatio": 0.4812636095, "researchAndDevelopmentExpenses": 74200000, "generalAndAdministrativeExpenses": 601900000, "sellingAndMarketingExpenses": 368900000, "sellingGeneralAndAdministrativeExpenses": 970800000, "otherExpenses": 0, "operatingExpenses": 1045000000, "costAndExpenses": 2641100000, "interestIncome": 0, "interestExpense": 0, "depreciationAndAmortization": 117500000, "ebitda": 554600000, "ebitdaratio": 0.1802463518, "operatingIncome": 435800000, "operatingIncomeRatio": 0.1416360623, "totalOtherIncomeExpensesNet": -1300000, "incomeBeforeTax": 356600000, "incomeBeforeTaxRatio": 0.1158958692, "incomeTaxExpense": 95700000, "netIncome": 260900000, "netIncomeRatio": 0.0847931359, "eps": 4.26, "epsdiluted": 4.14, "weightedAverageShsOut": 61244131, "weightedAverageShsOutDil": 63019324, "link": "https://www.sec.gov/Archives/edgar/data/1096752/000109675206000125/0001096752-06-000125-index.htm", "finalLink": "https://www.sec.gov/Archives/edgar/data/1096752/000109675206000125/form10k.htm", "calculatedOtherExpenses": 0, "calculatedOperatingExpenses": 1045000000, "calculatedNetInterest": 0, "calculatedOtherIncome": -79200000, "calculatedIncomeNonControlling": 0, "calculatedEbitda": 553300000}, {"date": "2005-09-30", "symbol": "EPC", "reportedCurrency": "USD", "cik": "0001096752", "fillingDate": "2005-12-05", "acceptedDate": "2005-12-05 17:10:48", "calendarYear": "2005", "period": "FY", "revenue": 2989800000, "costOfRevenue": 1512100000, "grossProfit": 1477700000, "grossProfitRatio": 0.4942471068, "researchAndDevelopmentExpenses": 69900000, "generalAndAdministrativeExpenses": 572400000, "sellingAndMarketingExpenses": 387600000, "sellingGeneralAndAdministrativeExpenses": 960000000, "otherExpenses": 0, "operatingExpenses": 1029900000, "costAndExpenses": 2542000000, "interestIncome": 0, "interestExpense": 0, "depreciationAndAmortization": 116300000, "ebitda": 561800000, "ebitdaratio": 0.1879055455, "operatingIncome": 447800000, "operatingIncomeRatio": 0.1497759047, "totalOtherIncomeExpensesNet": 2300000, "incomeBeforeTax": 397700000, "incomeBeforeTaxRatio": 0.133018931, "incomeTaxExpense": 111300000, "netIncome": 286400000, "netIncomeRatio": 0.0957923607, "eps": 3.95, "epsdiluted": 3.82, "weightedAverageShsOut": 71063291, "weightedAverageShsOutDil": 73481675, "link": "https://www.sec.gov/Archives/edgar/data/1096752/000109675205000157/0001096752-05-000157-index.htm", "finalLink": "https://www.sec.gov/Archives/edgar/data/1096752/000109675205000157/form10k.htm", "calculatedOtherExpenses": 0, "calculatedOperatingExpenses": 1029900000, "calculatedNetInterest": 0, "calculatedOtherIncome": -50100000, "calculatedIncomeNonControlling": 0, "calculatedEbitda": 564100000}, {"date": "2004-09-30", "symbol": "EPC", "reportedCurrency": "USD", "cik": "0001096752", "fillingDate": "2004-12-10", "acceptedDate": "2004-12-10 11:40:55", "calendarYear": "2004", "period": "FY", "revenue": 2812700000, "costOfRevenue": 1404000000, "grossProfit": 1408700000, "grossProfitRatio": 0.5008354961, "researchAndDevelopmentExpenses": 74000000, "generalAndAdministrativeExpenses": 542100000, "sellingAndMarketingExpenses": 403300000, "sellingGeneralAndAdministrativeExpenses": 945400000, "otherExpenses": 0, "operatingExpenses": 1019400000, "costAndExpenses": 2423400000, "interestIncome": 0, "interestExpense": 0, "depreciationAndAmortization": 115800000, "ebitda": 505600000, "ebitdaratio": 0.1797561062, "operatingIncome": 389300000, "operatingIncomeRatio": 0.1384079354, "totalOtherIncomeExpensesNet": -500000, "incomeBeforeTax": 358000000, "incomeBeforeTaxRatio": 0.1272798379, "incomeTaxExpense": 90600000, "netIncome": 267400000, "netIncomeRatio": 0.0950687951, "eps": 3.24, "epsdiluted": 3.13, "weightedAverageShsOut": 80600000, "weightedAverageShsOutDil": 83400000, "link": "https://www.sec.gov/Archives/edgar/data/1096752/000109675204000134/0001096752-04-000134-index.htm", "finalLink": "https://www.sec.gov/Archives/edgar/data/1096752/000109675204000134/form10k.htm", "calculatedOtherExpenses": 0, "calculatedOperatingExpenses": 1019400000, "calculatedNetInterest": 0, "calculatedOtherIncome": -31300000, "calculatedIncomeNonControlling": 0, "calculatedEbitda": 505100000}, {"date": "2003-09-30", "symbol": "EPC", "reportedCurrency": "USD", "cik": "0001096752", "fillingDate": "2003-12-15", "acceptedDate": "2003-12-15 15:27:02", "calendarYear": "2003", "period": "FY", "revenue": 2232500000, "costOfRevenue": 1274200000, "grossProfit": 958300000, "grossProfitRatio": 0.42924972, "researchAndDevelopmentExpenses": 51500000, "generalAndAdministrativeExpenses": 382600000, "sellingAndMarketingExpenses": 251000000, "sellingGeneralAndAdministrativeExpenses": 633600000, "otherExpenses": 0, "operatingExpenses": 685100000, "costAndExpenses": 1959300000, "interestIncome": 0, "interestExpense": 0, "depreciationAndAmortization": 83200000, "ebitda": 363800000, "ebitdaratio": 0.162956327, "operatingIncome": 273200000, "operatingIncomeRatio": 0.1223740202, "totalOtherIncomeExpensesNet": -7400000, "incomeBeforeTax": 237600000, "incomeBeforeTaxRatio": 0.1064277716, "incomeTaxExpense": 67700000, "netIncome": 169900000, "netIncomeRatio": 0.0761030235, "eps": 1.9, "epsdiluted": 1.85, "weightedAverageShsOut": 89421053, "weightedAverageShsOutDil": 91837838, "link": "https://www.sec.gov/Archives/edgar/data/1096752/000109675203000119/0001096752-03-000119-index.htm", "finalLink": "https://www.sec.gov/Archives/edgar/data/1096752/000109675203000119/form10k2003.htm", "calculatedOtherExpenses": 0, "calculatedOperatingExpenses": 685100000, "calculatedNetInterest": 0, "calculatedOtherIncome": -35600000, "calculatedIncomeNonControlling": 0, "calculatedEbitda": 356400000}, {"date": "2002-09-30", "symbol": "EPC", "reportedCurrency": "USD", "cik": "0001096752", "fillingDate": "2002-12-13", "acceptedDate": "2002-12-13 14:54:00", "calendarYear": "2002", "period": "FY", "revenue": 1739700000, "costOfRevenue": 963800000, "grossProfit": 775900000, "grossProfitRatio": 0.4459964362, "researchAndDevelopmentExpenses": 37100000, "generalAndAdministrativeExpenses": 307000000, "sellingAndMarketingExpenses": 124500000, "sellingGeneralAndAdministrativeExpenses": 431500000, "otherExpenses": 0, "operatingExpenses": 468600000, "costAndExpenses": 1432400000, "interestIncome": 0, "interestExpense": 0, "depreciationAndAmortization": 57400000, "ebitda": 372500000, "ebitdaratio": 0.2141173766, "operatingIncome": 307300000, "operatingIncomeRatio": 0.1766396505, "totalOtherIncomeExpensesNet": -7800000, "incomeBeforeTax": 278400000, "incomeBeforeTaxRatio": 0.160027591, "incomeTaxExpense": 92000000, "netIncome": 186400000, "netIncomeRatio": 0.10714491, "eps": 2.05, "epsdiluted": 2.01, "weightedAverageShsOut": 90926829, "weightedAverageShsOutDil": 92736318, "link": "https://www.sec.gov/Archives/edgar/data/1096752/000109675202000062/0001096752-02-000062-index.htm", "finalLink": "https://www.sec.gov/Archives/edgar/data/1096752/000109675202000062/doc1.txt", "calculatedOtherExpenses": 0, "calculatedOperatingExpenses": 468600000, "calculatedNetInterest": 0, "calculatedOtherIncome": -28900000, "calculatedIncomeNonControlling": 0, "calculatedEbitda": 364700000}, {"date": "2001-09-30", "symbol": "EPC", "reportedCurrency": "USD", "cik": "0001096752", "fillingDate": "2001-12-14", "acceptedDate": "2001-12-14 00:00:00", "calendarYear": "2001", "period": "FY", "revenue": 1694200000, "costOfRevenue": 999100000, "grossProfit": 695100000, "grossProfitRatio": 0.4102821391, "researchAndDevelopmentExpenses": 46400000, "generalAndAdministrativeExpenses": 320300000, "sellingAndMarketingExpenses": 133600000, "sellingGeneralAndAdministrativeExpenses": 453900000, "otherExpenses": 0, "operatingExpenses": 500300000, "costAndExpenses": 1499400000, "interestIncome": 0, "interestExpense": 0, "depreciationAndAmortization": 79800000, "ebitda": 404700000, "ebitdaratio": 0.2388738047, "operatingIncome": 194800000, "operatingIncomeRatio": 0.1149805218, "totalOtherIncomeExpensesNet": -130100000, "incomeBeforeTax": 31500000, "incomeBeforeTaxRatio": 0.0185928462, "incomeTaxExpense": 70500000, "netIncome": -39000000, "netIncomeRatio": -0.0230197143, "eps": -0.42, "epsdiluted": -0.42, "weightedAverageShsOut": 92857143, "weightedAverageShsOutDil": 92857143, "link": "https://www.sec.gov/Archives/edgar/data/1096752/000109675201500015/0001096752-01-500015-index.htm", "finalLink": "https://www.sec.gov/Archives/edgar/data/1096752/000109675201500015/doc1.txt", "calculatedOtherExpenses": 0, "calculatedOperatingExpenses": 500300000, "calculatedNetInterest": 0, "calculatedOtherIncome": -163300000, "calculatedIncomeNonControlling": 0, "calculatedEbitda": 274600000}, {"date": "2000-09-30", "symbol": "EPC", "reportedCurrency": "USD", "cik": "0001096752", "fillingDate": "2000-12-15", "acceptedDate": "2000-12-15 00:00:00", "calendarYear": "2000", "period": "FY", "revenue": 1914300000, "costOfRevenue": 892700000, "grossProfit": 1021600000, "grossProfitRatio": 0.5336676592, "researchAndDevelopmentExpenses": 49900000, "generalAndAdministrativeExpenses": 565400000, "sellingAndMarketingExpenses": 0, "sellingGeneralAndAdministrativeExpenses": 565400000, "otherExpenses": 82000000, "operatingExpenses": 697300000, "costAndExpenses": 1590000000, "interestIncome": 0, "interestExpense": 0, "depreciationAndAmortization": 82000000, "ebitda": 423900000, "ebitdaratio": 0.221438646, "operatingIncome": 324300000, "operatingIncomeRatio": 0.1694091835, "totalOtherIncomeExpensesNet": -17600000, "incomeBeforeTax": 279200000, "incomeBeforeTaxRatio": 0.1458496578, "incomeTaxExpense": 99000000, "netIncome": 181400000, "netIncomeRatio": 0.0947604869, "eps": 1.89, "epsdiluted": 1.88, "weightedAverageShsOut": 95978836, "weightedAverageShsOutDil": 96489362, "link": "https://www.sec.gov/Archives/edgar/data/1096752/000109675200000048/0001096752-00-000048-index.htm", "finalLink": "https://www.sec.gov/Archives/edgar/data/1096752/000109675200000048/0001096752-00-000048-0001.txt", "calculatedOtherExpenses": 82000000, "calculatedOperatingExpenses": 697300000, "calculatedNetInterest": 0, "calculatedOtherIncome": -45100000, "calculatedIncomeNonControlling": -1200000, "calculatedEbitda": 406300000}, {"date": "1999-09-30", "symbol": "EPC", "reportedCurrency": "USD", "cik": "0001096752", "fillingDate": "1999-09-30", "acceptedDate": "1999-09-29 20:00:00", "calendarYear": "1999", "period": "FY", "revenue": 1872300000, "costOfRevenue": 997900000, "grossProfit": 874400000, "grossProfitRatio": 0.4670191743, "researchAndDevelopmentExpenses": 48500000, "generalAndAdministrativeExpenses": 397300000, "sellingAndMarketingExpenses": 164300000, "sellingGeneralAndAdministrativeExpenses": 561600000, "otherExpenses": 8500000, "operatingExpenses": 618600000, "costAndExpenses": 1616500000, "interestIncome": 0, "interestExpense": 0, "depreciationAndAmortization": 94900000, "ebitda": 350700000, "ebitdaratio": 0.187309726, "operatingIncome": 255800000, "operatingIncomeRatio": 0.1366234044, "totalOtherIncomeExpensesNet": -7600000, "incomeBeforeTax": 248200000, "incomeBeforeTaxRatio": 0.1325642258, "incomeTaxExpense": 88400000, "netIncome": 80000000, "netIncomeRatio": 0.0427281953, "eps": 0.78, "epsdiluted": 0.78, "weightedAverageShsOut": 102564103, "weightedAverageShsOutDil": 102564103, "link": "", "finalLink": "", "calculatedOtherExpenses": 8500000, "calculatedOperatingExpenses": 618600000, "calculatedNetInterest": 0, "calculatedOtherIncome": -7600000, "calculatedIncomeNonControlling": 79800000, "calculatedEbitda": 350700000}, {"date": "1998-09-30", "symbol": "EPC", "reportedCurrency": "USD", "cik": "0001096752", "fillingDate": "1998-09-30", "acceptedDate": "1998-09-29 20:00:00", "calendarYear": "1998", "period": "FY", "revenue": 1921800000, "costOfRevenue": 1004400000, "grossProfit": 917400000, "grossProfitRatio": 0.4773649703, "researchAndDevelopmentExpenses": 46600000, "generalAndAdministrativeExpenses": 581500000, "sellingAndMarketingExpenses": 0, "sellingGeneralAndAdministrativeExpenses": 581500000, "otherExpenses": 26800000, "operatingExpenses": 654900000, "costAndExpenses": 1659300000, "interestIncome": 0, "interestExpense": 0, "depreciationAndAmortization": 101200000, "ebitda": 320200000, "ebitdaratio": 0.1666146321, "operatingIncome": 262500000, "operatingIncomeRatio": 0.1365906962, "totalOtherIncomeExpensesNet": 0, "incomeBeforeTax": 262500000, "incomeBeforeTaxRatio": 0.1365906962, "incomeTaxExpense": 54300000, "netIncome": 164700000, "netIncomeRatio": 0.0857009054, "eps": 1.62, "epsdiluted": 1.62, "weightedAverageShsOut": 101600000, "weightedAverageShsOutDil": 101600000, "link": "", "finalLink": "", "calculatedOtherExpenses": 26800000, "calculatedOperatingExpenses": 654900000, "calculatedNetInterest": 0, "calculatedOtherIncome": 0, "calculatedIncomeNonControlling": 43500000, "calculatedEbitda": 363700000}, {"date": "1997-09-30", "symbol": "EPC", "reportedCurrency": "USD", "cik": "0001096752", "fillingDate": "1997-09-30", "acceptedDate": "1997-09-29 20:00:00", "calendarYear": "1997", "period": "FY", "revenue": 2005800000, "costOfRevenue": 1085700000, "grossProfit": 920100000, "grossProfitRatio": 0.4587197128, "researchAndDevelopmentExpenses": 41900000, "generalAndAdministrativeExpenses": 582000000, "sellingAndMarketingExpenses": 0, "sellingGeneralAndAdministrativeExpenses": 582000000, "otherExpenses": 92300000, "operatingExpenses": 716200000, "costAndExpenses": 1801900000, "interestIncome": 0, "interestExpense": 0, "depreciationAndAmortization": 112300000, "ebitda": 316700000, "ebitdaratio": 0.1578921129, "operatingIncome": 203900000, "operatingIncomeRatio": 0.1016551999, "totalOtherIncomeExpensesNet": 0, "incomeBeforeTax": 203900000, "incomeBeforeTaxRatio": 0.1016551999, "incomeTaxExpense": 44600000, "netIncome": 159800000, "netIncomeRatio": 0.07966896, "eps": 1.57, "epsdiluted": 1.57, "weightedAverageShsOut": 102100000, "weightedAverageShsOutDil": 102100000, "link": "", "finalLink": "", "calculatedOtherExpenses": 92300000, "calculatedOperatingExpenses": 716200000, "calculatedNetInterest": 0, "calculatedOtherIncome": 0, "calculatedIncomeNonControlling": -500000, "calculatedEbitda": 316200000}]}