{"originalCurrency": "USD", "convertedCurrency": "USD", "report": [{"date": "2023-12-31", "symbol": "EPD", "reportedCurrency": "USD", "cik": "0001061219", "fillingDate": "2024-02-28", "acceptedDate": "2024-02-28 10:54:40", "calendarYear": "2023", "period": "FY", "revenue": 49715000000, "costOfRevenue": 43017000000, "grossProfit": 6698000000, "grossProfitRatio": 0.1347279493, "researchAndDevelopmentExpenses": 0, "generalAndAdministrativeExpenses": 231000000, "sellingAndMarketingExpenses": 0, "sellingGeneralAndAdministrativeExpenses": 231000000, "otherExpenses": 14000000, "operatingExpenses": 231000000, "costAndExpenses": 43248000000, "interestIncome": 32000000, "interestExpense": 1269000000, "depreciationAndAmortization": 2343000000, "ebitda": 8810000000, "ebitdaratio": 0.1772100976, "operatingIncome": 6467000000, "operatingIncomeRatio": 0.1300814643, "totalOtherIncomeExpensesNet": -766000000, "incomeBeforeTax": 5701000000, "incomeBeforeTaxRatio": 0.1146736397, "incomeTaxExpense": 44000000, "netIncome": 5532000000, "netIncomeRatio": 0.1112742633, "eps": 2.52, "epsdiluted": 2.52, "weightedAverageShsOut": 2172000000, "weightedAverageShsOutDil": 2194000000, "link": "https://www.sec.gov/Archives/edgar/data/1061219/000106121924000006/0001061219-24-000006-index.htm", "finalLink": "https://www.sec.gov/Archives/edgar/data/1061219/000106121924000006/form10k.htm", "calculatedOtherExpenses": 0, "calculatedOperatingExpenses": 231000000, "calculatedNetInterest": -1237000000, "calculatedOtherIncome": 471000000, "calculatedIncomeNonControlling": 125000000, "calculatedEbitda": 8810000000}, {"date": "2022-12-31", "symbol": "EPD", "reportedCurrency": "USD", "cik": "0001061219", "fillingDate": "2023-02-28", "acceptedDate": "2023-02-28 10:29:20", "calendarYear": "2022", "period": "FY", "revenue": 58186000000, "costOfRevenue": 51502000000, "grossProfit": 6684000000, "grossProfitRatio": 0.1148729935, "researchAndDevelopmentExpenses": 0, "generalAndAdministrativeExpenses": 241000000, "sellingAndMarketingExpenses": 0, "sellingGeneralAndAdministrativeExpenses": 241000000, "otherExpenses": 34000000, "operatingExpenses": 241000000, "costAndExpenses": 51743000000, "interestIncome": 11000000, "interestExpense": 1244000000, "depreciationAndAmortization": 1974000000, "ebitda": 6941000000, "ebitdaratio": 0.1192898635, "operatingIncome": 4967000000, "operatingIncomeRatio": 0.0853641769, "totalOtherIncomeExpensesNet": 730000000, "incomeBeforeTax": 5697000000, "incomeBeforeTaxRatio": 0.0979101502, "incomeTaxExpense": 82000000, "netIncome": 5490000000, "netIncomeRatio": 0.0943525934, "eps": 2.53, "epsdiluted": 2.5, "weightedAverageShsOut": 2178000000, "weightedAverageShsOutDil": 2199000000, "link": "https://www.sec.gov/Archives/edgar/data/1061219/000106121923000006/0001061219-23-000006-index.htm", "finalLink": "https://www.sec.gov/Archives/edgar/data/1061219/000106121923000006/form10k.htm", "calculatedOtherExpenses": 1476000000, "calculatedOperatingExpenses": 1717000000, "calculatedNetInterest": -1233000000, "calculatedOtherIncome": 1963000000, "calculatedIncomeNonControlling": 125000000, "calculatedEbitda": 6941000000}, {"date": "2021-12-31", "symbol": "EPD", "reportedCurrency": "USD", "cik": "0001061219", "fillingDate": "2022-02-28", "acceptedDate": "2022-02-28 12:29:19", "calendarYear": "2021", "period": "FY", "revenue": 40806900000, "costOfRevenue": 35077300000, "grossProfit": 5729600000, "grossProfitRatio": 0.1404076271, "researchAndDevelopmentExpenses": 0, "generalAndAdministrativeExpenses": 209300000, "sellingAndMarketingExpenses": 0, "sellingGeneralAndAdministrativeExpenses": 209300000, "otherExpenses": 4600000, "operatingExpenses": 209300000, "costAndExpenses": 35286600000, "interestIncome": 4700000, "interestExpense": 1283000000, "depreciationAndAmortization": 1874400000, "ebitda": 6108300000, "ebitdaratio": 0.1496879204, "operatingIncome": 4233900000, "operatingIncomeRatio": 0.1037545121, "totalOtherIncomeExpensesNet": 591400000, "incomeBeforeTax": 4825300000, "incomeBeforeTaxRatio": 0.1182471592, "incomeTaxExpense": 70000000, "netIncome": 4638000000, "netIncomeRatio": 0.1136572491, "eps": 2.11, "epsdiluted": 2.1, "weightedAverageShsOut": 2183000000, "weightedAverageShsOutDil": 2203000000, "link": "https://www.sec.gov/Archives/edgar/data/1061219/000106121922000008/0001061219-22-000008-index.htm", "finalLink": "https://www.sec.gov/Archives/edgar/data/1061219/000106121922000008/form10k.htm", "calculatedOtherExpenses": 1286400000, "calculatedOperatingExpenses": 1495700000, "calculatedNetInterest": -1278300000, "calculatedOtherIncome": 1869700000, "calculatedIncomeNonControlling": 117300000, "calculatedEbitda": 6108300000}, {"date": "2020-12-31", "symbol": "EPD", "reportedCurrency": "USD", "cik": "0001061219", "fillingDate": "2021-03-01", "acceptedDate": "2021-03-01 10:51:30", "calendarYear": "2020", "period": "FY", "revenue": 27199700000, "costOfRevenue": 22371100000, "grossProfit": 4828600000, "grossProfitRatio": 0.1775240168, "researchAndDevelopmentExpenses": 0, "generalAndAdministrativeExpenses": 219600000, "sellingAndMarketingExpenses": 0, "sellingGeneralAndAdministrativeExpenses": 219600000, "otherExpenses": 13700000, "operatingExpenses": 219600000, "costAndExpenses": 22590700000, "interestIncome": 13400000, "interestExpense": 1287400000, "depreciationAndAmortization": 2071900000, "ebitda": 5048800000, "ebitdaratio": 0.1856196943, "operatingIncome": 2976900000, "operatingIncomeRatio": 0.1094460601, "totalOtherIncomeExpensesNet": 784500000, "incomeBeforeTax": 3761400000, "incomeBeforeTaxRatio": 0.1382882899, "incomeTaxExpense": -124300000, "netIncome": 3776000000, "netIncomeRatio": 0.1388250606, "eps": 1.71, "epsdiluted": 1.71, "weightedAverageShsOut": 2186000000, "weightedAverageShsOutDil": 2202000000, "link": "https://www.sec.gov/Archives/edgar/data/1061219/000106121921000009/0001061219-21-000009-index.htm", "finalLink": "https://www.sec.gov/Archives/edgar/data/1061219/000106121921000009/form10k.htm", "calculatedOtherExpenses": 1632100000, "calculatedOperatingExpenses": 1851700000, "calculatedNetInterest": -1274000000, "calculatedOtherIncome": 2058500000, "calculatedIncomeNonControlling": 109700000, "calculatedEbitda": 5048800000}, {"date": "2019-12-31", "symbol": "EPD", "reportedCurrency": "USD", "cik": "0001061219", "fillingDate": "2020-02-28", "acceptedDate": "2020-02-27 21:13:30", "calendarYear": "2019", "period": "FY", "revenue": 32789200000, "costOfRevenue": 27061800000, "grossProfit": 5727400000, "grossProfitRatio": 0.1746733681, "researchAndDevelopmentExpenses": 0, "generalAndAdministrativeExpenses": 211700000, "sellingAndMarketingExpenses": 0, "sellingGeneralAndAdministrativeExpenses": 211700000, "otherExpenses": -103000000, "operatingExpenses": 211700000, "costAndExpenses": 27273500000, "interestIncome": 11600000, "interestExpense": 1243000000, "depreciationAndAmortization": 1949300000, "ebitda": 5975700000, "ebitdaratio": 0.1822459834, "operatingIncome": 4026400000, "operatingIncomeRatio": 0.1227965306, "totalOtherIncomeExpensesNet": 706300000, "incomeBeforeTax": 4732700000, "incomeBeforeTaxRatio": 0.1443371598, "incomeTaxExpense": 45600000, "netIncome": 4591300000, "netIncomeRatio": 0.1400247643, "eps": 2.1, "epsdiluted": 2.09, "weightedAverageShsOut": 2189226130, "weightedAverageShsOutDil": 2201700000, "link": "https://www.sec.gov/Archives/edgar/data/1061219/000106121920000014/0001061219-20-000014-index.htm", "finalLink": "https://www.sec.gov/Archives/edgar/data/1061219/000106121920000014/form10k.htm", "calculatedOtherExpenses": 1489300000, "calculatedOperatingExpenses": 1701000000, "calculatedNetInterest": -1231400000, "calculatedOtherIncome": 1937700000, "calculatedIncomeNonControlling": 95800000, "calculatedEbitda": 5975700000}, {"date": "2018-12-31", "symbol": "EPD", "reportedCurrency": "USD", "cik": "0001061219", "fillingDate": "2019-03-01", "acceptedDate": "2019-02-28 17:54:53", "calendarYear": "2018", "period": "FY", "revenue": 36534200000, "costOfRevenue": 31397300000, "grossProfit": 5136900000, "grossProfitRatio": 0.1406052411, "researchAndDevelopmentExpenses": 0, "generalAndAdministrativeExpenses": 208300000, "sellingAndMarketingExpenses": 0, "sellingGeneralAndAdministrativeExpenses": 208300000, "otherExpenses": -13100000, "operatingExpenses": 208300000, "costAndExpenses": 31605600000, "interestIncome": 0, "interestExpense": 1096700000, "depreciationAndAmortization": 1791600000, "ebitda": 5395500000, "ebitdaratio": 0.1476835404, "operatingIncome": 5408600000, "operatingIncomeRatio": 0.1480421085, "totalOtherIncomeExpensesNet": 466900000, "incomeBeforeTax": 4298800000, "incomeBeforeTaxRatio": 0.1176650919, "incomeTaxExpense": 60300000, "netIncome": 4172400000, "netIncomeRatio": 0.1142053199, "eps": 1.92, "epsdiluted": 1.91, "weightedAverageShsOut": 2176500000, "weightedAverageShsOutDil": 2187000000, "link": "https://www.sec.gov/Archives/edgar/data/1061219/000106121919000007/0001061219-19-000007-index.htm", "finalLink": "https://www.sec.gov/Archives/edgar/data/1061219/000106121919000007/form10k.htm", "calculatedOtherExpenses": -480000000, "calculatedOperatingExpenses": -271700000, "calculatedNetInterest": -1096700000, "calculatedOtherIncome": -13100000, "calculatedIncomeNonControlling": 66100000, "calculatedEbitda": 7200200000}, {"date": "2017-12-31", "symbol": "EPD", "reportedCurrency": "USD", "cik": "0001061219", "fillingDate": "2018-02-28", "acceptedDate": "2018-02-28 10:37:17", "calendarYear": "2017", "period": "FY", "revenue": 29241500000, "costOfRevenue": 25557500000, "grossProfit": 3684000000, "grossProfitRatio": 0.1259853291, "researchAndDevelopmentExpenses": 0, "generalAndAdministrativeExpenses": 181100000, "sellingAndMarketingExpenses": 0, "sellingGeneralAndAdministrativeExpenses": 181100000, "otherExpenses": -63000000, "operatingExpenses": 181100000, "costAndExpenses": 25738600000, "interestIncome": 0, "interestExpense": 984600000, "depreciationAndAmortization": 1644000000, "ebitda": 3865900000, "ebitdaratio": 0.1322059402, "operatingIncome": 3928900000, "operatingIncomeRatio": 0.1343604124, "totalOtherIncomeExpensesNet": 363000000, "incomeBeforeTax": 2881300000, "incomeBeforeTaxRatio": 0.0985346169, "incomeTaxExpense": 25700000, "netIncome": 2799300000, "netIncomeRatio": 0.0957303832, "eps": 1.3, "epsdiluted": 1.3, "weightedAverageShsOut": 2145000000, "weightedAverageShsOutDil": 2154300000, "link": "https://www.sec.gov/Archives/edgar/data/1061219/000106121918000008/0001061219-18-000008-index.htm", "finalLink": "https://www.sec.gov/Archives/edgar/data/1061219/000106121918000008/form10k.htm", "calculatedOtherExpenses": -426000000, "calculatedOperatingExpenses": -244900000, "calculatedNetInterest": -984600000, "calculatedOtherIncome": -63000000, "calculatedIncomeNonControlling": 56300000, "calculatedEbitda": 5572900000}, {"date": "2016-12-31", "symbol": "EPD", "reportedCurrency": "USD", "cik": "0001061219", "fillingDate": "2017-02-24", "acceptedDate": "2017-02-24 09:53:52", "calendarYear": "2016", "period": "FY", "revenue": 23022300000, "costOfRevenue": 19643500000, "grossProfit": 3378800000, "grossProfitRatio": 0.1467620524, "researchAndDevelopmentExpenses": 0, "generalAndAdministrativeExpenses": 160100000, "sellingAndMarketingExpenses": 0, "sellingGeneralAndAdministrativeExpenses": 160100000, "otherExpenses": -21700000, "operatingExpenses": 160100000, "costAndExpenses": 19803600000, "interestIncome": 0, "interestExpense": 982600000, "depreciationAndAmortization": 1552000000, "ebitda": 3559000000, "ebitdaratio": 0.1545892461, "operatingIncome": 3580700000, "operatingIncomeRatio": 0.1555318105, "totalOtherIncomeExpensesNet": 340300000, "incomeBeforeTax": 2576400000, "incomeBeforeTaxRatio": 0.1119088883, "incomeTaxExpense": 23400000, "netIncome": 2513100000, "netIncomeRatio": 0.1091593803, "eps": 1.19, "epsdiluted": 1.19, "weightedAverageShsOut": 2081400000, "weightedAverageShsOutDil": 2117588414, "link": "https://www.sec.gov/Archives/edgar/data/1061219/000106121917000008/0001061219-17-000008-index.htm", "finalLink": "https://www.sec.gov/Archives/edgar/data/1061219/000106121917000008/form10k.htm", "calculatedOtherExpenses": -362000000, "calculatedOperatingExpenses": -201900000, "calculatedNetInterest": -982600000, "calculatedOtherIncome": -21700000, "calculatedIncomeNonControlling": 39900000, "calculatedEbitda": 5132700000}, {"date": "2015-12-31", "symbol": "EPD", "reportedCurrency": "USD", "cik": "0001061219", "fillingDate": "2016-02-26", "acceptedDate": "2016-02-25 18:04:39", "calendarYear": "2015", "period": "FY", "revenue": 27027900000, "costOfRevenue": 23668700000, "grossProfit": 3359200000, "grossProfitRatio": 0.1242863855, "researchAndDevelopmentExpenses": 0, "generalAndAdministrativeExpenses": 192600000, "sellingAndMarketingExpenses": 0, "sellingGeneralAndAdministrativeExpenses": 192600000, "otherExpenses": -22500000, "operatingExpenses": 192600000, "costAndExpenses": 23861300000, "interestIncome": 0, "interestExpense": 961800000, "depreciationAndAmortization": 1516000000, "ebitda": 3517700000, "ebitdaratio": 0.1301506961, "operatingIncome": 3540200000, "operatingIncomeRatio": 0.1309831692, "totalOtherIncomeExpensesNet": 351100000, "incomeBeforeTax": 2555900000, "incomeBeforeTaxRatio": 0.0945652455, "incomeTaxExpense": -2500000, "netIncome": 2521200000, "netIncomeRatio": 0.093281387, "eps": 1.25, "epsdiluted": 1.25, "weightedAverageShsOut": 1991703415, "weightedAverageShsOutDil": 2012553024, "link": "https://www.sec.gov/Archives/edgar/data/1061219/000106121916000058/0001061219-16-000058-index.htm", "finalLink": "https://www.sec.gov/Archives/edgar/data/1061219/000106121916000058/form10k.htm", "calculatedOtherExpenses": -373600000, "calculatedOperatingExpenses": -181000000, "calculatedNetInterest": -961800000, "calculatedOtherIncome": -22500000, "calculatedIncomeNonControlling": 37200000, "calculatedEbitda": 5056200000}, {"date": "2014-12-31", "symbol": "EPD", "reportedCurrency": "USD", "cik": "0001061219", "fillingDate": "2015-03-02", "acceptedDate": "2015-03-02 09:26:01", "calendarYear": "2014", "period": "FY", "revenue": 47951200000, "costOfRevenue": 44220500000, "grossProfit": 3730700000, "grossProfitRatio": 0.0778020154, "researchAndDevelopmentExpenses": 0, "generalAndAdministrativeExpenses": 214500000, "sellingAndMarketingExpenses": 0, "sellingGeneralAndAdministrativeExpenses": 214500000, "otherExpenses": 1900000, "operatingExpenses": 214500000, "costAndExpenses": 44435000000, "interestIncome": 1300000, "interestExpense": 921000000, "depreciationAndAmortization": 1360500000, "ebitda": 3777600000, "ebitdaratio": 0.0787800931, "operatingIncome": 3775700000, "operatingIncomeRatio": 0.0787404695, "totalOtherIncomeExpensesNet": 261400000, "incomeBeforeTax": 2856600000, "incomeBeforeTaxRatio": 0.059573066, "incomeTaxExpense": 23100000, "netIncome": 2787400000, "netIncomeRatio": 0.0581299321, "eps": 1.44, "epsdiluted": 1.44, "weightedAverageShsOut": 1891664762, "weightedAverageShsOutDil": 1937324817, "link": "https://www.sec.gov/Archives/edgar/data/1061219/000106121915000007/0001061219-15-000007-index.htm", "finalLink": "https://www.sec.gov/Archives/edgar/data/1061219/000106121915000007/form10k.htm", "calculatedOtherExpenses": -259500000, "calculatedOperatingExpenses": -45000000, "calculatedNetInterest": -919700000, "calculatedOtherIncome": 600000, "calculatedIncomeNonControlling": 46100000, "calculatedEbitda": 5136200000}, {"date": "2013-12-31", "symbol": "EPD", "reportedCurrency": "USD", "cik": "0001061219", "fillingDate": "2014-03-03", "acceptedDate": "2014-03-03 10:39:04", "calendarYear": "2013", "period": "FY", "revenue": 47727000000, "costOfRevenue": 44238700000, "grossProfit": 3488300000, "grossProfitRatio": 0.0730886081, "researchAndDevelopmentExpenses": 0, "generalAndAdministrativeExpenses": 188300000, "sellingAndMarketingExpenses": 0, "sellingGeneralAndAdministrativeExpenses": 188300000, "otherExpenses": -200000, "operatingExpenses": 188300000, "costAndExpenses": 44427000000, "interestIncome": 900000, "interestExpense": 802500000, "depreciationAndAmortization": 1217600000, "ebitda": 3467100000, "ebitdaratio": 0.0726444151, "operatingIncome": 3467300000, "operatingIncomeRatio": 0.0726486056, "totalOtherIncomeExpensesNet": 167100000, "incomeBeforeTax": 2664600000, "incomeBeforeTaxRatio": 0.0558300333, "incomeTaxExpense": 57500000, "netIncome": 2596900000, "netIncomeRatio": 0.054411549, "eps": 1.39, "epsdiluted": 1.39, "weightedAverageShsOut": 1841773049, "weightedAverageShsOutDil": 1871370016, "link": "https://www.sec.gov/Archives/edgar/data/1061219/000114036114010442/0001140361-14-010442-index.htm", "finalLink": "https://www.sec.gov/Archives/edgar/data/1061219/000114036114010442/form10k.htm", "calculatedOtherExpenses": -167300000, "calculatedOperatingExpenses": 21000000, "calculatedNetInterest": -801600000, "calculatedOtherIncome": -1100000, "calculatedIncomeNonControlling": 10200000, "calculatedEbitda": 4684900000}, {"date": "2012-12-31", "symbol": "EPD", "reportedCurrency": "USD", "cik": "0001061219", "fillingDate": "2013-03-01", "acceptedDate": "2013-02-28 18:04:13", "calendarYear": "2012", "period": "FY", "revenue": 42524900000, "costOfRevenue": 39309700000, "grossProfit": 3215200000, "grossProfitRatio": 0.0756074676, "researchAndDevelopmentExpenses": 0, "generalAndAdministrativeExpenses": 170300000, "sellingAndMarketingExpenses": 0, "sellingGeneralAndAdministrativeExpenses": 170300000, "otherExpenses": 73400000, "operatingExpenses": 170300000, "costAndExpenses": 39480000000, "interestIncome": 800000, "interestExpense": 771800000, "depreciationAndAmortization": 1104900000, "ebitda": 3182600000, "ebitdaratio": 0.0748408579, "operatingIncome": 3109200000, "operatingIncomeRatio": 0.0731148104, "totalOtherIncomeExpensesNet": 137700000, "incomeBeforeTax": 2410800000, "incomeBeforeTaxRatio": 0.0566914913, "incomeTaxExpense": -17200000, "netIncome": 2419900000, "netIncomeRatio": 0.0569054836, "eps": 1.35, "epsdiluted": 1.35, "weightedAverageShsOut": 1792518518, "weightedAverageShsOutDil": 1797626674, "link": "https://www.sec.gov/Archives/edgar/data/1061219/000106121913000011/0001061219-13-000011-index.htm", "finalLink": "https://www.sec.gov/Archives/edgar/data/1061219/000106121913000011/epdform10k_123112.htm", "calculatedOtherExpenses": -64300000, "calculatedOperatingExpenses": 106000000, "calculatedNetInterest": -771000000, "calculatedOtherIncome": 72600000, "calculatedIncomeNonControlling": 8100000, "calculatedEbitda": 4214100000}, {"date": "2011-12-31", "symbol": "EPD", "reportedCurrency": "USD", "cik": "0001061219", "fillingDate": "2012-02-29", "acceptedDate": "2012-02-29 09:35:12", "calendarYear": "2011", "period": "FY", "revenue": 44313000000, "costOfRevenue": 41318500000, "grossProfit": 2994500000, "grossProfitRatio": 0.0675761063, "researchAndDevelopmentExpenses": 0, "generalAndAdministrativeExpenses": 181800000, "sellingAndMarketingExpenses": 0, "sellingGeneralAndAdministrativeExpenses": 181800000, "otherExpenses": 0, "operatingExpenses": 181800000, "costAndExpenses": 41500300000, "interestIncome": 1100000, "interestExpense": 744100000, "depreciationAndAmortization": 1007000000, "ebitda": 3820800000, "ebitdaratio": 0.0862230045, "operatingIncome": 2859100000, "operatingIncomeRatio": 0.0645205696, "totalOtherIncomeExpensesNet": 45800000, "incomeBeforeTax": 2115500000, "incomeBeforeTaxRatio": 0.0477399409, "incomeTaxExpense": 27200000, "netIncome": 2046900000, "netIncomeRatio": 0.0461918624, "eps": 1.24, "epsdiluted": 1.19, "weightedAverageShsOut": 1649200000, "weightedAverageShsOutDil": 1649200000, "link": "https://www.sec.gov/Archives/edgar/data/1061219/000106121912000006/0001061219-12-000006-index.htm", "finalLink": "https://www.sec.gov/Archives/edgar/data/1061219/000106121912000006/epdform10k_123111.htm", "calculatedOtherExpenses": -46400000, "calculatedOperatingExpenses": 135400000, "calculatedNetInterest": -743000000, "calculatedOtherIncome": -600000, "calculatedIncomeNonControlling": 41400000, "calculatedEbitda": 3866100000}, {"date": "2010-12-31", "symbol": "EPD", "reportedCurrency": "USD", "cik": "0001061219", "fillingDate": "2011-03-01", "acceptedDate": "2011-03-01 11:30:26", "calendarYear": "2010", "period": "FY", "revenue": 33739300000, "costOfRevenue": 31449300000, "grossProfit": 2290000000, "grossProfitRatio": 0.0678733702, "researchAndDevelopmentExpenses": 0, "generalAndAdministrativeExpenses": 204800000, "sellingAndMarketingExpenses": 0, "sellingGeneralAndAdministrativeExpenses": 204800000, "otherExpenses": 2700000, "operatingExpenses": 204800000, "costAndExpenses": 31654100000, "interestIncome": 1800000, "interestExpense": 741900000, "depreciationAndAmortization": 985100000, "ebitda": 2147200000, "ebitdaratio": 0.0636409173, "operatingIncome": 2147200000, "operatingIncomeRatio": 0.0636409173, "totalOtherIncomeExpensesNet": 4500000, "incomeBeforeTax": 1409800000, "incomeBeforeTaxRatio": 0.0417850993, "incomeTaxExpense": 26100000, "netIncome": 320800000, "netIncomeRatio": 0.0095081996, "eps": 0.19, "epsdiluted": 0.19, "weightedAverageShsOut": 1687363144, "weightedAverageShsOutDil": 1687363144, "link": "https://www.sec.gov/Archives/edgar/data/1061219/000106121911000009/0001061219-11-000009-index.htm", "finalLink": "https://www.sec.gov/Archives/edgar/data/1061219/000106121911000009/epdform10k_123110.htm", "calculatedOtherExpenses": -62000000, "calculatedOperatingExpenses": 142800000, "calculatedNetInterest": -740100000, "calculatedOtherIncome": 2700000, "calculatedIncomeNonControlling": 1062900000, "calculatedEbitda": 3132300000}, {"date": "2009-12-31", "symbol": "EPD", "reportedCurrency": "USD", "cik": "0001061219", "fillingDate": "2010-03-01", "acceptedDate": "2010-03-01 11:20:35", "calendarYear": "2009", "period": "FY", "revenue": 25510900000, "costOfRevenue": 23565800000, "grossProfit": 1945100000, "grossProfitRatio": 0.07624584, "researchAndDevelopmentExpenses": 0, "generalAndAdministrativeExpenses": 172300000, "sellingAndMarketingExpenses": 0, "sellingGeneralAndAdministrativeExpenses": 172300000, "otherExpenses": 0, "operatingExpenses": 121100000, "costAndExpenses": 23686900000, "interestIncome": 2300000, "interestExpense": 641800000, "depreciationAndAmortization": 833400000, "ebitda": 2659700000, "ebitdaratio": 0.1042573959, "operatingIncome": 1824000000, "operatingIncomeRatio": 0.0714988495, "totalOtherIncomeExpensesNet": -4100000, "incomeBeforeTax": 1180400000, "incomeBeforeTaxRatio": 0.0462704177, "incomeTaxExpense": 25300000, "netIncome": 1030900000, "netIncomeRatio": 0.0404101776, "eps": 0.5, "epsdiluted": 0.5, "weightedAverageShsOut": 413400000, "weightedAverageShsOutDil": 413400000, "link": "https://www.sec.gov/Archives/edgar/data/1061219/000106121910000011/0001061219-10-000011-index.htm", "finalLink": "https://www.sec.gov/Archives/edgar/data/1061219/000106121910000011/epdform_10k.htm", "calculatedOtherExpenses": -51200000, "calculatedOperatingExpenses": 121100000, "calculatedNetInterest": -639500000, "calculatedOtherIncome": -4100000, "calculatedIncomeNonControlling": 124200000, "calculatedEbitda": 2657400000}, {"date": "2008-12-31", "symbol": "EPD", "reportedCurrency": "USD", "cik": "0001061219", "fillingDate": "2009-03-02", "acceptedDate": "2009-03-02 09:24:06", "calendarYear": "2008", "period": "FY", "revenue": 21905656000, "costOfRevenue": 20460964000, "grossProfit": 1444692000, "grossProfitRatio": 0.0659506385, "researchAndDevelopmentExpenses": 0, "generalAndAdministrativeExpenses": 90550000, "sellingAndMarketingExpenses": 0, "sellingGeneralAndAdministrativeExpenses": 90550000, "otherExpenses": 0, "operatingExpenses": 31446000, "costAndExpenses": 20492410000, "interestIncome": 5523000, "interestExpense": -400686000, "depreciationAndAmortization": 562171000, "ebitda": 1971702000, "ebitdaratio": 0.0900088087, "operatingIncome": 1413246000, "operatingIncomeRatio": 0.0645151188, "totalOtherIncomeExpensesNet": 62819000, "incomeBeforeTax": 1021798000, "incomeBeforeTaxRatio": 0.0466453961, "incomeTaxExpense": 26401000, "netIncome": 954021000, "netIncomeRatio": 0.043551355, "eps": 0.92, "epsdiluted": 0.92, "weightedAverageShsOut": 874800000, "weightedAverageShsOutDil": 875200000, "link": "https://www.sec.gov/Archives/edgar/data/1061219/000106121909000012/0001061219-09-000012-index.htm", "finalLink": "https://www.sec.gov/Archives/edgar/data/1061219/000106121909000012/epdform10k_123108.htm", "calculatedOtherExpenses": -59104000, "calculatedOperatingExpenses": 31446000, "calculatedNetInterest": 406209000, "calculatedOtherIncome": -797657000, "calculatedIncomeNonControlling": 41376000, "calculatedEbitda": 1975417000}, {"date": "2007-12-31", "symbol": "EPD", "reportedCurrency": "USD", "cik": "0001061219", "fillingDate": "2008-02-29", "acceptedDate": "2008-02-29 15:29:19", "calendarYear": "2007", "period": "FY", "revenue": 16950125000, "costOfRevenue": 16009051000, "grossProfit": 941074000, "grossProfitRatio": 0.0555201805, "researchAndDevelopmentExpenses": 0, "generalAndAdministrativeExpenses": 87695000, "sellingAndMarketingExpenses": 0, "sellingGeneralAndAdministrativeExpenses": 87695000, "otherExpenses": 0, "operatingExpenses": 58037000, "costAndExpenses": 16067088000, "interestIncome": 8601000, "interestExpense": -311764000, "depreciationAndAmortization": 523762000, "ebitda": 1407099000, "ebitdaratio": 0.0830140781, "operatingIncome": 883037000, "operatingIncomeRatio": 0.052096194, "totalOtherIncomeExpensesNet": 29358000, "incomeBeforeTax": 579574000, "incomeBeforeTaxRatio": 0.0341929042, "incomeTaxExpense": 15257000, "netIncome": 533674000, "netIncomeRatio": 0.0314849596, "eps": 0.48, "epsdiluted": 0.48, "weightedAverageShsOut": 1111820833, "weightedAverageShsOutDil": 1111820833, "link": "https://www.sec.gov/Archives/edgar/data/1061219/000095012908001371/0000950129-08-001371-index.htm", "finalLink": "https://www.sec.gov/Archives/edgar/data/1061219/000095012908001371/h54099e10vk.htm", "calculatedOtherExpenses": -29658000, "calculatedOperatingExpenses": 58037000, "calculatedNetInterest": 320365000, "calculatedOtherIncome": -623828000, "calculatedIncomeNonControlling": 30643000, "calculatedEbitda": 1406799000}, {"date": "2006-12-31", "symbol": "EPD", "reportedCurrency": "USD", "cik": "0001061219", "fillingDate": "2007-02-28", "acceptedDate": "2007-02-28 16:16:05", "calendarYear": "2006", "period": "FY", "revenue": 13990969000, "costOfRevenue": 13089091000, "grossProfit": 901878000, "grossProfitRatio": 0.0644614394, "researchAndDevelopmentExpenses": 0, "generalAndAdministrativeExpenses": 63391000, "sellingAndMarketingExpenses": 0, "sellingGeneralAndAdministrativeExpenses": 63391000, "otherExpenses": 0, "operatingExpenses": 41826000, "costAndExpenses": 13130917000, "interestIncome": 7589000, "interestExpense": -238023000, "depreciationAndAmortization": 448208000, "ebitda": 1307793000, "ebitdaratio": 0.0934740832, "operatingIncome": 860052000, "operatingIncomeRatio": 0.0614719395, "totalOtherIncomeExpensesNet": 22032000, "incomeBeforeTax": 630085000, "incomeBeforeTaxRatio": 0.0450351223, "incomeTaxExpense": 21323000, "netIncome": 601155000, "netIncomeRatio": 0.0429673599, "eps": 0.61, "epsdiluted": 0.61, "weightedAverageShsOut": 985500000, "weightedAverageShsOutDil": 985500000, "link": "https://www.sec.gov/Archives/edgar/data/1061219/000095012907001030/0000950129-07-001030-index.htm", "finalLink": "https://www.sec.gov/Archives/edgar/data/1061219/000095012907001030/h43968e10vk.htm", "calculatedOtherExpenses": -21565000, "calculatedOperatingExpenses": 41826000, "calculatedNetInterest": 245612000, "calculatedOtherIncome": -475579000, "calculatedIncomeNonControlling": 7607000, "calculatedEbitda": 1308260000}, {"date": "2005-12-31", "symbol": "EPD", "reportedCurrency": "USD", "cik": "0001061219", "fillingDate": "2006-02-27", "acceptedDate": "2006-02-27 08:32:20", "calendarYear": "2005", "period": "FY", "revenue": 12256959000, "costOfRevenue": 11546225000, "grossProfit": 710734000, "grossProfitRatio": 0.0579861612, "researchAndDevelopmentExpenses": 0, "generalAndAdministrativeExpenses": 62266000, "sellingAndMarketingExpenses": 0, "sellingGeneralAndAdministrativeExpenses": 62266000, "otherExpenses": 0, "operatingExpenses": 47718000, "costAndExpenses": 11593943000, "interestIncome": 0, "interestExpense": -230549000, "depreciationAndAmortization": 420777000, "ebitda": 1078422000, "ebitdaratio": 0.0879844666, "operatingIncome": 663016000, "operatingIncomeRatio": 0.0540930258, "totalOtherIncomeExpensesNet": 19919000, "incomeBeforeTax": 437838000, "incomeBeforeTaxRatio": 0.0357215848, "incomeTaxExpense": 8362000, "netIncome": 419508000, "netIncomeRatio": 0.0342261078, "eps": 0.46, "epsdiluted": 0.46, "weightedAverageShsOut": 921995604, "weightedAverageShsOutDil": 921995604, "link": "https://www.sec.gov/Archives/edgar/data/1061219/000095012906001866/0000950129-06-001866-index.htm", "finalLink": "https://www.sec.gov/Archives/edgar/data/1061219/000095012906001866/h33229e10vk.htm", "calculatedOtherExpenses": -14548000, "calculatedOperatingExpenses": 47718000, "calculatedNetInterest": 230549000, "calculatedOtherIncome": -455727000, "calculatedIncomeNonControlling": 9968000, "calculatedEbitda": 1083793000}, {"date": "2004-12-31", "symbol": "EPD", "reportedCurrency": "USD", "cik": "0001061219", "fillingDate": "2005-03-15", "acceptedDate": "2005-03-15 16:03:39", "calendarYear": "2004", "period": "FY", "revenue": 8321202000, "costOfRevenue": 7904336000, "grossProfit": 416866000, "grossProfitRatio": 0.050096849, "researchAndDevelopmentExpenses": 0, "generalAndAdministrativeExpenses": 0, "sellingAndMarketingExpenses": 0, "sellingGeneralAndAdministrativeExpenses": 46659000, "otherExpenses": 0, "operatingExpenses": -6128000, "costAndExpenses": 7898208000, "interestIncome": 2083000, "interestExpense": -155740000, "depreciationAndAmortization": 198887000, "ebitda": 621849000, "ebitdaratio": 0.0747306699, "operatingIncome": 422994000, "operatingIncomeRatio": 0.0508332811, "totalOtherIncomeExpensesNet": 52819000, "incomeBeforeTax": 269369000, "incomeBeforeTaxRatio": 0.032371405, "incomeTaxExpense": 3761000, "netIncome": 268261000, "netIncomeRatio": 0.0322382512, "eps": 0.44, "epsdiluted": 0.44, "weightedAverageShsOut": 616691954, "weightedAverageShsOutDil": 616691954, "link": "https://www.sec.gov/Archives/edgar/data/1061219/000095012905002430/0000950129-05-002430-index.htm", "finalLink": "https://www.sec.gov/Archives/edgar/data/1061219/000095012905002430/h23086e10vk.htm", "calculatedOtherExpenses": -52787000, "calculatedOperatingExpenses": -6128000, "calculatedNetInterest": 157823000, "calculatedOtherIncome": -311448000, "calculatedIncomeNonControlling": -2653000, "calculatedEbitda": 621881000}, {"date": "2003-12-31", "symbol": "EPD", "reportedCurrency": "USD", "cik": "0001061219", "fillingDate": "2004-03-10", "acceptedDate": "2004-03-10 12:26:19", "calendarYear": "2003", "period": "FY", "revenue": 5346431000, "costOfRevenue": 5046777000, "grossProfit": 299654000, "grossProfitRatio": 0.0560474829, "researchAndDevelopmentExpenses": 0, "generalAndAdministrativeExpenses": 0, "sellingAndMarketingExpenses": 0, "sellingGeneralAndAdministrativeExpenses": 37590000, "otherExpenses": 0, "operatingExpenses": 51550000, "costAndExpenses": 5098327000, "interestIncome": 0, "interestExpense": -140806000, "depreciationAndAmortization": 128435000, "ebitda": 370911000, "ebitdaratio": 0.0693754394, "operatingIncome": 248104000, "operatingIncomeRatio": 0.0464055367, "totalOtherIncomeExpensesNet": -8332000, "incomeBeforeTax": 113698000, "incomeBeforeTaxRatio": 0.0212661493, "incomeTaxExpense": 5293000, "netIncome": 113096000, "netIncomeRatio": 0.0211535508, "eps": 0.21, "epsdiluted": 0.21, "weightedAverageShsOut": 497838095, "weightedAverageShsOutDil": 509980488, "link": "https://www.sec.gov/Archives/edgar/data/1061219/000106121904000033/0001061219-04-000033-index.htm", "finalLink": "https://www.sec.gov/Archives/edgar/data/1061219/000106121904000033/form10k2003.htm", "calculatedOtherExpenses": 13960000, "calculatedOperatingExpenses": 51550000, "calculatedNetInterest": 140806000, "calculatedOtherIncome": -275212000, "calculatedIncomeNonControlling": -4691000, "calculatedEbitda": 376539000}, {"date": "2002-12-31", "symbol": "EPD", "reportedCurrency": "USD", "cik": "0001061219", "fillingDate": "2003-03-31", "acceptedDate": "2003-03-31 13:12:06", "calendarYear": "2002", "period": "FY", "revenue": 3584783000, "costOfRevenue": 3382561000, "grossProfit": 202222000, "grossProfitRatio": 0.0564112249, "researchAndDevelopmentExpenses": 0, "generalAndAdministrativeExpenses": 0, "sellingAndMarketingExpenses": 0, "sellingGeneralAndAdministrativeExpenses": 42890000, "otherExpenses": 0, "operatingExpenses": 7637000, "costAndExpenses": 3390198000, "interestIncome": 0, "interestExpense": 0, "depreciationAndAmortization": 94925000, "ebitda": 284886000, "ebitdaratio": 0.0794709192, "operatingIncome": 194585000, "operatingIncomeRatio": 0.0542808309, "totalOtherIncomeExpensesNet": 39877000, "incomeBeforeTax": 100081000, "incomeBeforeTaxRatio": 0.0279182868, "incomeTaxExpense": 1634000, "netIncome": 95500000, "netIncomeRatio": 0.0266403852, "eps": 0.28, "epsdiluted": 0.24, "weightedAverageShsOut": 334327273, "weightedAverageShsOutDil": 334327273, "link": "https://www.sec.gov/Archives/edgar/data/1061219/000095012903001725/0000950129-03-001725-index.htm", "finalLink": "https://www.sec.gov/Archives/edgar/data/1061219/000095012903001725/h04315e10vk.txt", "calculatedOtherExpenses": -35253000, "calculatedOperatingExpenses": 7637000, "calculatedNetInterest": 0, "calculatedOtherIncome": -94504000, "calculatedIncomeNonControlling": 2947000, "calculatedEbitda": 289510000}, {"date": "2001-12-31", "symbol": "EPD", "reportedCurrency": "USD", "cik": "0001061219", "fillingDate": "2002-03-21", "acceptedDate": "2002-03-21 00:00:00", "calendarYear": "2001", "period": "FY", "revenue": 3179727000, "costOfRevenue": 2861743000, "grossProfit": 317984000, "grossProfitRatio": 0.1000035538, "researchAndDevelopmentExpenses": 0, "generalAndAdministrativeExpenses": 0, "sellingAndMarketingExpenses": 0, "sellingGeneralAndAdministrativeExpenses": 30296000, "otherExpenses": 0, "operatingExpenses": 30296000, "costAndExpenses": 2892039000, "interestIncome": 0, "interestExpense": 0, "depreciationAndAmortization": 51903000, "ebitda": 337233000, "ebitdaratio": 0.1060572181, "operatingIncome": 287688000, "operatingIncomeRatio": 0.0904756918, "totalOtherIncomeExpensesNet": 27716000, "incomeBeforeTax": 315404000, "incomeBeforeTaxRatio": 0.0991921634, "incomeTaxExpense": 70868000, "netIncome": 242178000, "netIncomeRatio": 0.0761631423, "eps": 0.85, "epsdiluted": 0.7, "weightedAverageShsOut": 204222860, "weightedAverageShsOutDil": 204222860, "link": "https://www.sec.gov/Archives/edgar/data/1061219/000089924302000673/0000899243-02-000673-index.htm", "finalLink": "https://www.sec.gov/Archives/edgar/data/1061219/000089924302000673/d10k.txt", "calculatedOtherExpenses": 0, "calculatedOperatingExpenses": 30296000, "calculatedNetInterest": 0, "calculatedOtherIncome": 27716000, "calculatedIncomeNonControlling": 2358000, "calculatedEbitda": 339591000}, {"date": "2000-12-31", "symbol": "EPD", "reportedCurrency": "USD", "cik": "0001061219", "fillingDate": "2001-03-22", "acceptedDate": "2001-03-22 00:00:00", "calendarYear": "2000", "period": "FY", "revenue": 3049020000, "costOfRevenue": 2760044000, "grossProfit": 288976000, "grossProfitRatio": 0.0947766823, "researchAndDevelopmentExpenses": 0, "generalAndAdministrativeExpenses": 0, "sellingAndMarketingExpenses": 0, "sellingGeneralAndAdministrativeExpenses": 28345000, "otherExpenses": 0, "operatingExpenses": 69361000, "costAndExpenses": 2829405000, "interestIncome": 0, "interestExpense": 0, "depreciationAndAmortization": 41016000, "ebitda": 229693000, "ebitdaratio": 0.0753333858, "operatingIncome": 219615000, "operatingIncomeRatio": 0.0720280615, "totalOtherIncomeExpensesNet": 30938000, "incomeBeforeTax": 250553000, "incomeBeforeTaxRatio": 0.0821749283, "incomeTaxExpense": -891000, "netIncome": 220506000, "netIncomeRatio": 0.0723202865, "eps": 0.81, "epsdiluted": 0.66, "weightedAverageShsOut": 186098060, "weightedAverageShsOutDil": 186098060, "link": "https://www.sec.gov/Archives/edgar/data/1061219/000106121901000008/0001061219-01-000008-index.htm", "finalLink": "https://www.sec.gov/Archives/edgar/data/1061219/000106121901000008/0001061219-01-000008-0001.txt", "calculatedOtherExpenses": 41016000, "calculatedOperatingExpenses": 69361000, "calculatedNetInterest": 0, "calculatedOtherIncome": 30938000, "calculatedIncomeNonControlling": 30938000, "calculatedEbitda": 260631000}, {"date": "1999-12-31", "symbol": "EPD", "reportedCurrency": "USD", "cik": "0001061219", "fillingDate": "2000-03-01", "acceptedDate": "2000-03-01 00:00:00", "calendarYear": "1999", "period": "FY", "revenue": 1346500000, "costOfRevenue": 1176300000, "grossProfit": 170200000, "grossProfitRatio": 0.1264017824, "researchAndDevelopmentExpenses": 0, "generalAndAdministrativeExpenses": 0, "sellingAndMarketingExpenses": 0, "sellingGeneralAndAdministrativeExpenses": 12500000, "otherExpenses": 0, "operatingExpenses": 37800000, "costAndExpenses": 1214100000, "interestIncome": 0, "interestExpense": 0, "depreciationAndAmortization": 25300000, "ebitda": 154600000, "ebitdaratio": 0.1148161901, "operatingIncome": 132400000, "operatingIncomeRatio": 0.0983290011, "totalOtherIncomeExpensesNet": 3100000, "incomeBeforeTax": 135500000, "incomeBeforeTaxRatio": 0.1006312662, "incomeTaxExpense": 12100000, "netIncome": 120300000, "netIncomeRatio": 0.0893427404, "eps": 0.45, "epsdiluted": 0.41, "weightedAverageShsOut": 182211660, "weightedAverageShsOutDil": 182211660, "link": "https://www.sec.gov/Archives/edgar/data/1061219/000106121900000015/0001061219-00-000015-index.html", "finalLink": "https://www.sec.gov/Archives/edgar/data/1061219/000106121900000015/", "calculatedOtherExpenses": 25300000, "calculatedOperatingExpenses": 37800000, "calculatedNetInterest": 0, "calculatedOtherIncome": 3100000, "calculatedIncomeNonControlling": 3100000, "calculatedEbitda": 157700000}, {"date": "1998-12-31", "symbol": "EPD", "reportedCurrency": "USD", "cik": "0001061219", "fillingDate": "1999-03-17", "acceptedDate": "1999-03-17 00:00:00", "calendarYear": "1998", "period": "FY", "revenue": 738900000, "costOfRevenue": 667000000, "grossProfit": 71900000, "grossProfitRatio": 0.0973068074, "researchAndDevelopmentExpenses": 0, "generalAndAdministrativeExpenses": 0, "sellingAndMarketingExpenses": 0, "sellingGeneralAndAdministrativeExpenses": 18200000, "otherExpenses": 0, "operatingExpenses": 37400000, "costAndExpenses": 704400000, "interestIncome": 0, "interestExpense": 0, "depreciationAndAmortization": 19200000, "ebitda": 36100000, "ebitdaratio": 0.0488564082, "operatingIncome": 34500000, "operatingIncomeRatio": 0.0466910272, "totalOtherIncomeExpensesNet": 17600000, "incomeBeforeTax": 52100000, "incomeBeforeTaxRatio": 0.0705102179, "incomeTaxExpense": 24300000, "netIncome": 10200000, "netIncomeRatio": 0.0138043037, "eps": 0.045, "epsdiluted": 0.045, "weightedAverageShsOut": 226666667, "weightedAverageShsOutDil": 226666667, "link": "https://www.sec.gov/Archives/edgar/data/1061219/000089924399000461/0000899243-99-000461-index.html", "finalLink": "https://www.sec.gov/Archives/edgar/data/1061219/", "calculatedOtherExpenses": 19200000, "calculatedOperatingExpenses": 37400000, "calculatedNetInterest": 0, "calculatedOtherIncome": 17600000, "calculatedIncomeNonControlling": 17600000, "calculatedEbitda": 53700000}]}