{"originalCurrency": "USD", "convertedCurrency": "USD", "report": [{"date": "2023-12-31", "symbol": "EPR", "reportedCurrency": "USD", "cik": "0001045450", "fillingDate": "2024-02-29", "acceptedDate": "2024-02-29 09:30:24", "calendarYear": "2023", "period": "FY", "revenue": 705668000, "costOfRevenue": 225511000, "grossProfit": 480157000, "grossProfitRatio": 0.6804290403, "researchAndDevelopmentExpenses": 0, "generalAndAdministrativeExpenses": 56442000, "sellingAndMarketingExpenses": 0, "sellingGeneralAndAdministrativeExpenses": 56442000, "otherExpenses": -104195000, "operatingExpenses": 104195000, "costAndExpenses": 329706000, "interestIncome": 5857000, "interestExpense": 134929000, "depreciationAndAmortization": 168033000, "ebitda": 543995000, "ebitdaratio": 0.770893678, "operatingIncome": 375962000, "operatingIncomeRatio": 0.5327746192, "totalOtherIncomeExpensesNet": -201189000, "incomeBeforeTax": 174773000, "incomeBeforeTaxRatio": 0.2476702925, "incomeTaxExpense": 1727000, "netIncome": 173046000, "netIncomeRatio": 0.245222966, "eps": 1.98, "epsdiluted": 1.97, "weightedAverageShsOut": 75260000, "weightedAverageShsOutDil": 75715000, "link": "https://www.sec.gov/Archives/edgar/data/1045450/000104545024000027/0001045450-24-000027-index.htm", "finalLink": "https://www.sec.gov/Archives/edgar/data/1045450/000104545024000027/epr-20231231.htm", "calculatedOtherExpenses": 47753000, "calculatedOperatingExpenses": 104195000, "calculatedNetInterest": -129072000, "calculatedOtherIncome": -72117000, "calculatedIncomeNonControlling": 0, "calculatedEbitda": 543995000}, {"date": "2022-12-31", "symbol": "EPR", "reportedCurrency": "USD", "cik": "0001045450", "fillingDate": "2023-02-23", "acceptedDate": "2023-02-23 09:25:19", "calendarYear": "2022", "period": "FY", "revenue": 658031000, "costOfRevenue": 55985000, "grossProfit": 602046000, "grossProfitRatio": 0.9149204217, "researchAndDevelopmentExpenses": 0, "generalAndAdministrativeExpenses": 51579000, "sellingAndMarketingExpenses": 0, "sellingGeneralAndAdministrativeExpenses": 51579000, "otherExpenses": 208277000, "operatingExpenses": 259856000, "costAndExpenses": 315841000, "interestIncome": 1651000, "interestExpense": 131175000, "depreciationAndAmortization": 193211000, "ebitda": 504170000, "ebitdaratio": 0.7661797089, "operatingIncome": 310959000, "operatingIncomeRatio": 0.4725598034, "totalOtherIncomeExpensesNet": -133494000, "incomeBeforeTax": 177465000, "incomeBeforeTaxRatio": 0.2696909416, "incomeTaxExpense": 1236000, "netIncome": 176229000, "netIncomeRatio": 0.2678126107, "eps": 2.03, "epsdiluted": 2.03, "weightedAverageShsOut": 74967000, "weightedAverageShsOutDil": 75043000, "link": "https://www.sec.gov/Archives/edgar/data/1045450/000104545023000033/0001045450-23-000033-index.htm", "finalLink": "https://www.sec.gov/Archives/edgar/data/1045450/000104545023000033/epr-20221231.htm", "calculatedOtherExpenses": 239508000, "calculatedOperatingExpenses": 291087000, "calculatedNetInterest": -129524000, "calculatedOtherIncome": -3970000, "calculatedIncomeNonControlling": 0, "calculatedEbitda": 504170000}, {"date": "2021-12-31", "symbol": "EPR", "reportedCurrency": "USD", "cik": "0001045450", "fillingDate": "2022-02-23", "acceptedDate": "2022-02-23 10:01:09", "calendarYear": "2021", "period": "FY", "revenue": 531680000, "costOfRevenue": 56739000, "grossProfit": 474941000, "grossProfitRatio": 0.893283554, "researchAndDevelopmentExpenses": 0, "generalAndAdministrativeExpenses": 44362000, "sellingAndMarketingExpenses": 0, "sellingGeneralAndAdministrativeExpenses": 44362000, "otherExpenses": 163539000, "operatingExpenses": 207901000, "costAndExpenses": 264640000, "interestIncome": 153000, "interestExpense": 148095000, "depreciationAndAmortization": 163770000, "ebitda": 400300000, "ebitdaratio": 0.7528964791, "operatingIncome": 236530000, "operatingIncomeRatio": 0.4448728559, "totalOtherIncomeExpensesNet": -136327000, "incomeBeforeTax": 100203000, "incomeBeforeTaxRatio": 0.1884648661, "incomeTaxExpense": 1597000, "netIncome": 98606000, "netIncomeRatio": 0.1854611797, "eps": 1, "epsdiluted": 1, "weightedAverageShsOut": 74755000, "weightedAverageShsOutDil": 74756000, "link": "https://www.sec.gov/Archives/edgar/data/1045450/000104545022000038/0001045450-22-000038-index.htm", "finalLink": "https://www.sec.gov/Archives/edgar/data/1045450/000104545022000038/epr-20211231.htm", "calculatedOtherExpenses": 194049000, "calculatedOperatingExpenses": 238411000, "calculatedNetInterest": -147942000, "calculatedOtherIncome": 11615000, "calculatedIncomeNonControlling": 0, "calculatedEbitda": 400300000}, {"date": "2020-12-31", "symbol": "EPR", "reportedCurrency": "USD", "cik": "0001045450", "fillingDate": "2021-02-25", "acceptedDate": "2021-02-25 13:44:57", "calendarYear": "2020", "period": "FY", "revenue": 414661000, "costOfRevenue": 58587000, "grossProfit": 356074000, "grossProfitRatio": 0.8587110917, "researchAndDevelopmentExpenses": 0, "generalAndAdministrativeExpenses": 42596000, "sellingAndMarketingExpenses": 0, "sellingGeneralAndAdministrativeExpenses": 42596000, "otherExpenses": 217502000, "operatingExpenses": 260098000, "costAndExpenses": 318685000, "interestIncome": 2820000, "interestExpense": 157675000, "depreciationAndAmortization": 170333000, "ebitda": 260125000, "ebitdaratio": 0.6273196659, "operatingIncome": 89792000, "operatingIncomeRatio": 0.2165431521, "totalOtherIncomeExpensesNet": -204764000, "incomeBeforeTax": -114972000, "incomeBeforeTaxRatio": -0.2772674546, "incomeTaxExpense": 16756000, "netIncome": -131728000, "netIncomeRatio": -0.317676367, "eps": -1.73, "epsdiluted": -1.73, "weightedAverageShsOut": 75994000, "weightedAverageShsOutDil": 75994000, "link": "https://www.sec.gov/Archives/edgar/data/1045450/000104545021000020/0001045450-21-000020-index.htm", "finalLink": "https://www.sec.gov/Archives/edgar/data/1045450/000104545021000020/epr-20201231.htm", "calculatedOtherExpenses": 223686000, "calculatedOperatingExpenses": 266282000, "calculatedNetInterest": -154855000, "calculatedOtherIncome": -49909000, "calculatedIncomeNonControlling": 0, "calculatedEbitda": 260125000}, {"date": "2019-12-31", "symbol": "EPR", "reportedCurrency": "USD", "cik": "0001045450", "fillingDate": "2020-02-25", "acceptedDate": "2020-02-25 10:28:25", "calendarYear": "2019", "period": "FY", "revenue": 651969000, "costOfRevenue": 60739000, "grossProfit": 591230000, "grossProfitRatio": 0.906837595, "researchAndDevelopmentExpenses": 0, "generalAndAdministrativeExpenses": 46371000, "sellingAndMarketingExpenses": 0, "sellingGeneralAndAdministrativeExpenses": 46371000, "otherExpenses": 188501000, "operatingExpenses": 234872000, "costAndExpenses": 295611000, "interestIncome": 2177000, "interestExpense": 142002000, "depreciationAndAmortization": 158834000, "ebitda": 476542000, "ebitdaratio": 0.7309273907, "operatingIncome": 317708000, "operatingIncomeRatio": 0.487305378, "totalOtherIncomeExpensesNet": -166187000, "incomeBeforeTax": 151521000, "incomeBeforeTaxRatio": 0.2324052217, "incomeTaxExpense": -3035000, "netIncome": 154556000, "netIncomeRatio": 0.237060351, "eps": 2.01, "epsdiluted": 2.01, "weightedAverageShsOut": 76746000, "weightedAverageShsOutDil": 76782000, "link": "https://www.sec.gov/Archives/edgar/data/1045450/000104545020000019/0001045450-20-000019-index.htm", "finalLink": "https://www.sec.gov/Archives/edgar/data/1045450/000104545020000019/epr-12312019x10k.htm", "calculatedOtherExpenses": 227151000, "calculatedOperatingExpenses": 273522000, "calculatedNetInterest": -139825000, "calculatedOtherIncome": -26362000, "calculatedIncomeNonControlling": 0, "calculatedEbitda": 476542000}, {"date": "2018-12-31", "symbol": "EPR", "reportedCurrency": "USD", "cik": "0001045450", "fillingDate": "2019-02-28", "acceptedDate": "2019-02-28 14:26:09", "calendarYear": "2018", "period": "FY", "revenue": 700731000, "costOfRevenue": 30756000, "grossProfit": 669975000, "grossProfitRatio": 0.9561086922, "researchAndDevelopmentExpenses": 0, "generalAndAdministrativeExpenses": 48889000, "sellingAndMarketingExpenses": 0, "sellingGeneralAndAdministrativeExpenses": 48889000, "otherExpenses": -443000, "operatingExpenses": 202762000, "costAndExpenses": 233518000, "interestIncome": 367000, "interestExpense": 135507000, "depreciationAndAmortization": 153430000, "ebitda": 588663000, "ebitdaratio": 0.8400698699, "operatingIncome": 467656000, "operatingIncomeRatio": 0.6673830614, "totalOtherIncomeExpensesNet": -30480000, "incomeBeforeTax": 269268000, "incomeBeforeTaxRatio": 0.3842672866, "incomeTaxExpense": 2285000, "netIncome": 266983000, "netIncomeRatio": 0.3810064062, "eps": 3.59, "epsdiluted": 3.59, "weightedAverageShsOut": 74292000, "weightedAverageShsOutDil": 74337000, "link": "https://www.sec.gov/Archives/edgar/data/1045450/000104545019000027/0001045450-19-000027-index.htm", "finalLink": "https://www.sec.gov/Archives/edgar/data/1045450/000104545019000027/epr-12312018x10k.htm", "calculatedOtherExpenses": 153430000, "calculatedOperatingExpenses": 202319000, "calculatedNetInterest": -135140000, "calculatedOtherIncome": -63248000, "calculatedIncomeNonControlling": 0, "calculatedEbitda": 621086000}, {"date": "2017-12-31", "symbol": "EPR", "reportedCurrency": "USD", "cik": "0001045450", "fillingDate": "2018-03-01", "acceptedDate": "2018-02-28 17:57:20", "calendarYear": "2017", "period": "FY", "revenue": 575991000, "costOfRevenue": 31653000, "grossProfit": 544338000, "grossProfitRatio": 0.9450460163, "researchAndDevelopmentExpenses": 0, "generalAndAdministrativeExpenses": 43383000, "sellingAndMarketingExpenses": 0, "sellingGeneralAndAdministrativeExpenses": 43383000, "otherExpenses": -242000, "operatingExpenses": 176571000, "costAndExpenses": 208224000, "interestIncome": 192000, "interestExpense": 133124000, "depreciationAndAmortization": 132946000, "ebitda": 499236000, "ebitdaratio": 0.8667427095, "operatingIncome": 240810000, "operatingIncomeRatio": 0.4180794492, "totalOtherIncomeExpensesNet": 32273000, "incomeBeforeTax": 265367000, "incomeBeforeTaxRatio": 0.4607137959, "incomeTaxExpense": 2399000, "netIncome": 262968000, "netIncomeRatio": 0.4565488002, "eps": 3.29, "epsdiluted": 3.29, "weightedAverageShsOut": 71191000, "weightedAverageShsOutDil": 71254000, "link": "https://www.sec.gov/Archives/edgar/data/1045450/000104545018000021/0001045450-18-000021-index.htm", "finalLink": "https://www.sec.gov/Archives/edgar/data/1045450/000104545018000021/epr-12312017x10k.htm", "calculatedOtherExpenses": 260145000, "calculatedOperatingExpenses": 303528000, "calculatedNetInterest": -132932000, "calculatedOtherIncome": 157489000, "calculatedIncomeNonControlling": 0, "calculatedEbitda": 373756000}, {"date": "2016-12-31", "symbol": "EPR", "reportedCurrency": "USD", "cik": "0001045450", "fillingDate": "2017-03-01", "acceptedDate": "2017-02-28 17:57:22", "calendarYear": "2016", "period": "FY", "revenue": 493242000, "costOfRevenue": 22602000, "grossProfit": 470640000, "grossProfitRatio": 0.9541766516, "researchAndDevelopmentExpenses": 0, "generalAndAdministrativeExpenses": 37543000, "sellingAndMarketingExpenses": 0, "sellingGeneralAndAdministrativeExpenses": 37543000, "otherExpenses": -5000, "operatingExpenses": 145121000, "costAndExpenses": 167723000, "interestIncome": 0, "interestExpense": 97144000, "depreciationAndAmortization": 107573000, "ebitda": 432806000, "ebitdaratio": 0.8774719103, "operatingIncome": 233162000, "operatingIncomeRatio": 0.4727131915, "totalOtherIncomeExpensesNet": -1935000, "incomeBeforeTax": 225535000, "incomeBeforeTaxRatio": 0.4572501936, "incomeTaxExpense": 553000, "netIncome": 224982000, "netIncomeRatio": 0.4561290401, "eps": 3.17, "epsdiluted": 3.17, "weightedAverageShsOut": 63381000, "weightedAverageShsOutDil": 63474000, "link": "https://www.sec.gov/Archives/edgar/data/1045450/000104545017000026/0001045450-17-000026-index.htm", "finalLink": "https://www.sec.gov/Archives/edgar/data/1045450/000104545017000026/epr-12312016x10k.htm", "calculatedOtherExpenses": 199935000, "calculatedOperatingExpenses": 237478000, "calculatedNetInterest": -97144000, "calculatedOtherIncome": 89517000, "calculatedIncomeNonControlling": 0, "calculatedEbitda": 340735000}, {"date": "2015-12-31", "symbol": "EPR", "reportedCurrency": "USD", "cik": "0001045450", "fillingDate": "2016-02-25", "acceptedDate": "2016-02-24 20:04:01", "calendarYear": "2015", "period": "FY", "revenue": 421017000, "costOfRevenue": 23433000, "grossProfit": 397584000, "grossProfitRatio": 0.9443419149, "researchAndDevelopmentExpenses": 0, "generalAndAdministrativeExpenses": 49599000, "sellingAndMarketingExpenses": 0, "sellingGeneralAndAdministrativeExpenses": 49599000, "otherExpenses": -648000, "operatingExpenses": 139864000, "costAndExpenses": 163297000, "interestIncome": 25000, "interestExpense": 79915000, "depreciationAndAmortization": 89617000, "ebitda": 348036000, "ebitdaratio": 0.8266554557, "operatingIncome": 182393000, "operatingIncomeRatio": 0.4332200362, "totalOtherIncomeExpensesNet": 17280000, "incomeBeforeTax": 194815000, "incomeBeforeTaxRatio": 0.4627247831, "incomeTaxExpense": 482000, "netIncome": 194532000, "netIncomeRatio": 0.4620526012, "eps": 2.94, "epsdiluted": 2.93, "weightedAverageShsOut": 58138000, "weightedAverageShsOutDil": 58328000, "link": "https://www.sec.gov/Archives/edgar/data/1045450/000104545016000117/0001045450-16-000117-index.htm", "finalLink": "https://www.sec.gov/Archives/edgar/data/1045450/000104545016000117/epr-12312015x10k.htm", "calculatedOtherExpenses": 165592000, "calculatedOperatingExpenses": 215191000, "calculatedNetInterest": -79890000, "calculatedOtherIncome": 92312000, "calculatedIncomeNonControlling": -199000, "calculatedEbitda": 272010000}, {"date": "2014-12-31", "symbol": "EPR", "reportedCurrency": "USD", "cik": "0001045450", "fillingDate": "2015-02-25", "acceptedDate": "2015-02-25 12:53:08", "calendarYear": "2014", "period": "FY", "revenue": 385051000, "costOfRevenue": 24897000, "grossProfit": 360154000, "grossProfitRatio": 0.9353410327, "researchAndDevelopmentExpenses": 0, "generalAndAdministrativeExpenses": 27566000, "sellingAndMarketingExpenses": 0, "sellingGeneralAndAdministrativeExpenses": 27566000, "otherExpenses": -771000, "operatingExpenses": 98853000, "costAndExpenses": 123750000, "interestIncome": 27000, "interestExpense": 81270000, "depreciationAndAmortization": 66739000, "ebitda": 329012000, "ebitdaratio": 0.8544634347, "operatingIncome": 184279000, "operatingIncomeRatio": 0.4785833565, "totalOtherIncomeExpensesNet": 250000, "incomeBeforeTax": 179980000, "incomeBeforeTaxRatio": 0.4674186017, "incomeTaxExpense": 4228000, "netIncome": 179633000, "netIncomeRatio": 0.4665174224, "eps": 2.87, "epsdiluted": 2.86, "weightedAverageShsOut": 54244000, "weightedAverageShsOutDil": 54444000, "link": "https://www.sec.gov/Archives/edgar/data/1045450/000104545015000023/0001045450-15-000023-index.htm", "finalLink": "https://www.sec.gov/Archives/edgar/data/1045450/000104545015000023/epr-12312014x10k.htm", "calculatedOtherExpenses": 148309000, "calculatedOperatingExpenses": 175875000, "calculatedNetInterest": -81243000, "calculatedOtherIncome": 76944000, "calculatedIncomeNonControlling": -3881000, "calculatedEbitda": 251018000}, {"date": "2013-12-31", "symbol": "EPR", "reportedCurrency": "USD", "cik": "0001045450", "fillingDate": "2014-02-28", "acceptedDate": "2014-02-28 14:33:12", "calendarYear": "2013", "period": "FY", "revenue": 343064000, "costOfRevenue": 26016000, "grossProfit": 317048000, "grossProfitRatio": 0.9241657533, "researchAndDevelopmentExpenses": 0, "generalAndAdministrativeExpenses": 25613000, "sellingAndMarketingExpenses": 0, "sellingGeneralAndAdministrativeExpenses": 25613000, "otherExpenses": -658000, "operatingExpenses": 80217000, "costAndExpenses": 106233000, "interestIncome": 24000, "interestExpense": 81056000, "depreciationAndAmortization": 53946000, "ebitda": 290862000, "ebitdaratio": 0.8478359723, "operatingIncome": 159816000, "operatingIncomeRatio": 0.4658489378, "totalOtherIncomeExpensesNet": 11852000, "incomeBeforeTax": 161461000, "incomeBeforeTaxRatio": 0.4706439615, "incomeTaxExpense": -14176000, "netIncome": 180226000, "netIncomeRatio": 0.5253422102, "eps": 3.26, "epsdiluted": 3.24, "weightedAverageShsOut": 48028000, "weightedAverageShsOutDil": 48214000, "link": "https://www.sec.gov/Archives/edgar/data/1045450/000104545014000021/0001045450-14-000021-index.htm", "finalLink": "https://www.sec.gov/Archives/edgar/data/1045450/000104545014000021/epr-12312013x10k.htm", "calculatedOtherExpenses": 131619000, "calculatedOperatingExpenses": 157232000, "calculatedNetInterest": -81032000, "calculatedOtherIncome": 82677000, "calculatedIncomeNonControlling": -4589000, "calculatedEbitda": 213762000}, {"date": "2012-12-31", "symbol": "EPR", "reportedCurrency": "USD", "cik": "0001045450", "fillingDate": "2013-02-27", "acceptedDate": "2013-02-27 14:59:39", "calendarYear": "2012", "period": "FY", "revenue": 321786000, "costOfRevenue": 25283000, "grossProfit": 296503000, "grossProfitRatio": 0.9214291486, "researchAndDevelopmentExpenses": 0, "generalAndAdministrativeExpenses": 23170000, "sellingAndMarketingExpenses": 0, "sellingGeneralAndAdministrativeExpenses": 23170000, "otherExpenses": -1681000, "operatingExpenses": 75105000, "costAndExpenses": 100388000, "interestIncome": 67000, "interestExpense": 72505000, "depreciationAndAmortization": 50254000, "ebitda": 267899000, "ebitdaratio": 0.8325377736, "operatingIncome": 148960000, "operatingIncomeRatio": 0.4629163481, "totalOtherIncomeExpensesNet": -10249000, "incomeBeforeTax": 133866000, "incomeBeforeTaxRatio": 0.4160093975, "incomeTaxExpense": 85840000, "netIncome": 121556000, "netIncomeRatio": 0.3777541596, "eps": 1.99, "epsdiluted": 1.98, "weightedAverageShsOut": 46798000, "weightedAverageShsOutDil": 47049000, "link": "https://www.sec.gov/Archives/edgar/data/1045450/000104545013000019/0001045450-13-000019-index.htm", "finalLink": "https://www.sec.gov/Archives/edgar/data/1045450/000104545013000019/epr-12312012x10k.htm", "calculatedOtherExpenses": 124373000, "calculatedOperatingExpenses": 147543000, "calculatedNetInterest": -72438000, "calculatedOtherIncome": 57344000, "calculatedIncomeNonControlling": -73530000, "calculatedEbitda": 199214000}, {"date": "2011-12-31", "symbol": "EPR", "reportedCurrency": "USD", "cik": "0001045450", "fillingDate": "2012-02-24", "acceptedDate": "2012-02-24 12:30:02", "calendarYear": "2011", "period": "FY", "revenue": 229980000, "costOfRevenue": 1730000, "grossProfit": 228250000, "grossProfitRatio": 0.9924776067, "researchAndDevelopmentExpenses": 0, "generalAndAdministrativeExpenses": 21903000, "sellingAndMarketingExpenses": 0, "sellingGeneralAndAdministrativeExpenses": 21903000, "otherExpenses": 73097000, "operatingExpenses": 95000000, "costAndExpenses": 23547000, "interestIncome": 0, "interestExpense": 71679000, "depreciationAndAmortization": 47927000, "ebitda": 163155000, "ebitdaratio": 0.7094312549, "operatingIncome": 102563000, "operatingIncomeRatio": 0.4459648665, "totalOtherIncomeExpensesNet": 12665000, "incomeBeforeTax": 115228000, "incomeBeforeTaxRatio": 0.5010348726, "incomeTaxExpense": 12665000, "netIncome": 115228000, "netIncomeRatio": 0.5010348726, "eps": 1.81, "epsdiluted": 1.8, "weightedAverageShsOut": 46640000, "weightedAverageShsOutDil": 46901000, "link": "https://www.sec.gov/Archives/edgar/data/1045450/000104545012000018/0001045450-12-000018-index.htm", "finalLink": "https://www.sec.gov/Archives/edgar/data/1045450/000104545012000018/epr-12312011x10k.htm", "calculatedOtherExpenses": 103784000, "calculatedOperatingExpenses": 125687000, "calculatedNetInterest": -71679000, "calculatedOtherIncome": 84344000, "calculatedIncomeNonControlling": -12665000, "calculatedEbitda": 150490000}, {"date": "2010-12-31", "symbol": "EPR", "reportedCurrency": "USD", "cik": "0001045450", "fillingDate": "2011-03-01", "acceptedDate": "2011-03-01 11:18:53", "calendarYear": "2010", "period": "FY", "revenue": 238262000, "costOfRevenue": 7787000, "grossProfit": 230475000, "grossProfitRatio": 0.9673174908, "researchAndDevelopmentExpenses": 0, "generalAndAdministrativeExpenses": 18227000, "sellingAndMarketingExpenses": 0, "sellingGeneralAndAdministrativeExpenses": 18227000, "otherExpenses": 79773000, "operatingExpenses": 98000000, "costAndExpenses": 35830000, "interestIncome": 0, "interestExpense": 74802000, "depreciationAndAmortization": 52099000, "ebitda": 166973000, "ebitdaratio": 0.7007957626, "operatingIncome": 117773000, "operatingIncomeRatio": 0.494300392, "totalOtherIncomeExpensesNet": -2899000, "incomeBeforeTax": 114874000, "incomeBeforeTaxRatio": 0.482133114, "incomeTaxExpense": -2899000, "netIncome": 114874000, "netIncomeRatio": 0.482133114, "eps": 1.87, "epsdiluted": 1.86, "weightedAverageShsOut": 45206000, "weightedAverageShsOutDil": 45555000, "link": "https://www.sec.gov/Archives/edgar/data/1045450/000119312511051389/0001193125-11-051389-index.htm", "finalLink": "https://www.sec.gov/Archives/edgar/data/1045450/000119312511051389/d10k.htm", "calculatedOtherExpenses": 94475000, "calculatedOperatingExpenses": 112702000, "calculatedNetInterest": -74802000, "calculatedOtherIncome": 71903000, "calculatedIncomeNonControlling": 2899000, "calculatedEbitda": 169872000}, {"date": "2009-12-31", "symbol": "EPR", "reportedCurrency": "USD", "cik": "0001045450", "fillingDate": "2010-03-01", "acceptedDate": "2010-02-26 19:49:52", "calendarYear": "2009", "period": "FY", "revenue": 198096000, "costOfRevenue": 3321000, "grossProfit": 194775000, "grossProfitRatio": 0.983235401, "researchAndDevelopmentExpenses": 0, "generalAndAdministrativeExpenses": 15177000, "sellingAndMarketingExpenses": 3321000, "sellingGeneralAndAdministrativeExpenses": 18498000, "otherExpenses": 138502000, "operatingExpenses": 157000000, "costAndExpenses": 28839000, "interestIncome": 0, "interestExpense": 72715000, "depreciationAndAmortization": 47720000, "ebitda": 55727000, "ebitdaratio": 0.2813131007, "operatingIncome": -11906000, "operatingIncomeRatio": -0.0601021727, "totalOtherIncomeExpensesNet": 19913000, "incomeBeforeTax": 8007000, "incomeBeforeTaxRatio": 0.0404197965, "incomeTaxExpense": 19913000, "netIncome": 8007000, "netIncomeRatio": 0.0404197965, "eps": -0.61, "epsdiluted": -0.61, "weightedAverageShsOut": 36122000, "weightedAverageShsOutDil": 36235000, "link": "https://www.sec.gov/Archives/edgar/data/1045450/000119312510043312/0001193125-10-043312-index.htm", "finalLink": "https://www.sec.gov/Archives/edgar/data/1045450/000119312510043312/d10k.htm", "calculatedOtherExpenses": 188183000, "calculatedOperatingExpenses": 206681000, "calculatedNetInterest": -72715000, "calculatedOtherIncome": 92628000, "calculatedIncomeNonControlling": -19913000, "calculatedEbitda": 35814000}, {"date": "2008-12-31", "symbol": "EPR", "reportedCurrency": "USD", "cik": "0001045450", "fillingDate": "2009-02-24", "acceptedDate": "2009-02-24 16:58:20", "calendarYear": "2008", "period": "FY", "revenue": 359053000, "costOfRevenue": 0, "grossProfit": 359053000, "grossProfitRatio": 1, "researchAndDevelopmentExpenses": 0, "generalAndAdministrativeExpenses": 16914000, "sellingAndMarketingExpenses": 0, "sellingGeneralAndAdministrativeExpenses": 16914000, "otherExpenses": 62086000, "operatingExpenses": 79000000, "costAndExpenses": 79000000, "interestIncome": 0, "interestExpense": 60505000, "depreciationAndAmortization": 43829000, "ebitda": 173805000, "ebitdaratio": 0.4840650266, "operatingIncome": 100585000, "operatingIncomeRatio": 0.2801397008, "totalOtherIncomeExpensesNet": 4079000, "incomeBeforeTax": 104664000, "incomeBeforeTaxRatio": 0.2915001406, "incomeTaxExpense": 4079000, "netIncome": 129976000, "netIncomeRatio": 0.3619966969, "eps": 3.29, "epsdiluted": 3.26, "weightedAverageShsOut": 30910000, "weightedAverageShsOutDil": 31177000, "link": "https://www.sec.gov/Archives/edgar/data/1045450/000095013709001267/0000950137-09-001267-index.htm", "finalLink": "https://www.sec.gov/Archives/edgar/data/1045450/000095013709001267/c49499e10vk.htm", "calculatedOtherExpenses": 241554000, "calculatedOperatingExpenses": 258468000, "calculatedNetInterest": -60505000, "calculatedOtherIncome": 64584000, "calculatedIncomeNonControlling": -29391000, "calculatedEbitda": 144414000}, {"date": "2007-12-31", "symbol": "EPR", "reportedCurrency": "USD", "cik": "0001045450", "fillingDate": "2008-02-26", "acceptedDate": "2008-02-26 17:20:06", "calendarYear": "2007", "period": "FY", "revenue": 176910000, "costOfRevenue": 3240000, "grossProfit": 173670000, "grossProfitRatio": 0.9816856028, "researchAndDevelopmentExpenses": 0, "generalAndAdministrativeExpenses": 12970000, "sellingAndMarketingExpenses": 0, "sellingGeneralAndAdministrativeExpenses": 12970000, "otherExpenses": 65030000, "operatingExpenses": 78000000, "costAndExpenses": 23102000, "interestIncome": 0, "interestExpense": 60505000, "depreciationAndAmortization": 40327000, "ebitda": 144991000, "ebitdaratio": 0.8195749251, "operatingIncome": 100647000, "operatingIncomeRatio": 0.5689163982, "totalOtherIncomeExpensesNet": 4017000, "incomeBeforeTax": 104664000, "incomeBeforeTaxRatio": 0.5916228591, "incomeTaxExpense": 4017000, "netIncome": 104664000, "netIncomeRatio": 0.5916228591, "eps": 3.04, "epsdiluted": 2.99, "weightedAverageShsOut": 26690000, "weightedAverageShsOutDil": 27171000, "link": "https://www.sec.gov/Archives/edgar/data/1045450/000095013708002775/0000950137-08-002775-index.htm", "finalLink": "https://www.sec.gov/Archives/edgar/data/1045450/000095013708002775/c24077e10vk.htm", "calculatedOtherExpenses": 60053000, "calculatedOperatingExpenses": 73023000, "calculatedNetInterest": -60505000, "calculatedOtherIncome": 64522000, "calculatedIncomeNonControlling": -4017000, "calculatedEbitda": 140974000}, {"date": "2006-12-31", "symbol": "EPR", "reportedCurrency": "USD", "cik": "0001045450", "fillingDate": "2007-02-28", "acceptedDate": "2007-02-28 17:14:05", "calendarYear": "2006", "period": "FY", "revenue": 149166000, "costOfRevenue": 3486000, "grossProfit": 145680000, "grossProfitRatio": 0.9766300632, "researchAndDevelopmentExpenses": 0, "generalAndAdministrativeExpenses": 12515000, "sellingAndMarketingExpenses": 0, "sellingGeneralAndAdministrativeExpenses": 12515000, "otherExpenses": 63000000, "operatingExpenses": 63000000, "costAndExpenses": 19048000, "interestIncome": 0, "interestExpense": 47438000, "depreciationAndAmortization": 33868000, "ebitda": 116157000, "ebitdaratio": 0.7787096255, "operatingIncome": 176452000, "operatingIncomeRatio": 1.1829237226, "totalOtherIncomeExpensesNet": -94163000, "incomeBeforeTax": 82289000, "incomeBeforeTaxRatio": 0.5516605661, "incomeTaxExpense": -94163000, "netIncome": 82289000, "netIncomeRatio": 0.5516605661, "eps": 2.69, "epsdiluted": 2.65, "weightedAverageShsOut": 26147000, "weightedAverageShsOutDil": 26627000, "link": "https://www.sec.gov/Archives/edgar/data/1045450/000095013707003012/0000950137-07-003012-index.htm", "finalLink": "https://www.sec.gov/Archives/edgar/data/1045450/000095013707003012/c12725e10vk.htm", "calculatedOtherExpenses": -43287000, "calculatedOperatingExpenses": -30772000, "calculatedNetInterest": -47438000, "calculatedOtherIncome": -46725000, "calculatedIncomeNonControlling": 94163000, "calculatedEbitda": 210320000}, {"date": "2005-12-31", "symbol": "EPR", "reportedCurrency": "USD", "cik": "0001045450", "fillingDate": "2006-02-28", "acceptedDate": "2006-02-28 14:21:22", "calendarYear": "2005", "period": "FY", "revenue": 123116000, "costOfRevenue": 0, "grossProfit": 123116000, "grossProfitRatio": 1, "researchAndDevelopmentExpenses": 0, "generalAndAdministrativeExpenses": 5544000, "sellingAndMarketingExpenses": 0, "sellingGeneralAndAdministrativeExpenses": 5544000, "otherExpenses": 45456000, "operatingExpenses": 51000000, "costAndExpenses": 51000000, "interestIncome": 0, "interestExpense": 0, "depreciationAndAmortization": 30942000, "ebitda": 100002000, "ebitdaratio": 0.812258358, "operatingIncome": 69060000, "operatingIncomeRatio": 0.5609344033, "totalOtherIncomeExpensesNet": 0, "incomeBeforeTax": 0, "incomeBeforeTaxRatio": 0, "incomeTaxExpense": 0, "netIncome": 69060000, "netIncomeRatio": 0.5609344033, "eps": 2.31, "epsdiluted": 2.26, "weightedAverageShsOut": 24981385, "weightedAverageShsOutDil": 25534071, "link": "https://www.sec.gov/Archives/edgar/data/1045450/000095013706002349/0000950137-06-002349-index.htm", "finalLink": "https://www.sec.gov/Archives/edgar/data/1045450/000095013706002349/c02916e10vk.txt", "calculatedOtherExpenses": 48512000, "calculatedOperatingExpenses": 54056000, "calculatedNetInterest": 0, "calculatedOtherIncome": -69060000, "calculatedIncomeNonControlling": -69060000, "calculatedEbitda": 100002000}, {"date": "2004-12-31", "symbol": "EPR", "reportedCurrency": "USD", "cik": "0001045450", "fillingDate": "2005-03-04", "acceptedDate": "2005-03-04 17:31:00", "calendarYear": "2004", "period": "FY", "revenue": 87580000, "costOfRevenue": 0, "grossProfit": 87580000, "grossProfitRatio": 1, "researchAndDevelopmentExpenses": 0, "generalAndAdministrativeExpenses": 4716000, "sellingAndMarketingExpenses": 0, "sellingGeneralAndAdministrativeExpenses": 4716000, "otherExpenses": -38583000, "operatingExpenses": -33867000, "costAndExpenses": -33867000, "interestIncome": 0, "interestExpense": 0, "depreciationAndAmortization": 26664000, "ebitda": 80377000, "ebitdaratio": 0.9177551953, "operatingIncome": 53713000, "operatingIncomeRatio": 0.6133021238, "totalOtherIncomeExpensesNet": 0, "incomeBeforeTax": 0, "incomeBeforeTaxRatio": 0, "incomeTaxExpense": 0, "netIncome": 53713000, "netIncomeRatio": 0.6133021238, "eps": 2.12, "epsdiluted": 2.07, "weightedAverageShsOut": 22721000, "weightedAverageShsOutDil": 23664000, "link": "https://www.sec.gov/Archives/edgar/data/1045450/000095013705002690/0000950137-05-002690-index.htm", "finalLink": "https://www.sec.gov/Archives/edgar/data/1045450/000095013705002690/c92844e10vk.txt", "calculatedOtherExpenses": 29151000, "calculatedOperatingExpenses": 33867000, "calculatedNetInterest": 0, "calculatedOtherIncome": -53713000, "calculatedIncomeNonControlling": -53713000, "calculatedEbitda": 80377000}, {"date": "2003-12-31", "symbol": "EPR", "reportedCurrency": "USD", "cik": "0001045450", "fillingDate": "2004-03-05", "acceptedDate": "2004-03-05 13:00:35", "calendarYear": "2003", "period": "FY", "revenue": 60991000, "costOfRevenue": 0, "grossProfit": 60991000, "grossProfitRatio": 1, "researchAndDevelopmentExpenses": 0, "generalAndAdministrativeExpenses": 3859000, "sellingAndMarketingExpenses": 0, "sellingGeneralAndAdministrativeExpenses": 3859000, "otherExpenses": -27256000, "operatingExpenses": -23397000, "costAndExpenses": -23397000, "interestIncome": 0, "interestExpense": 0, "depreciationAndAmortization": 16359000, "ebitda": 53953000, "ebitdaratio": 0.8846059255, "operatingIncome": 37594000, "operatingIncomeRatio": 0.6163860242, "totalOtherIncomeExpensesNet": 0, "incomeBeforeTax": 0, "incomeBeforeTaxRatio": 0, "incomeTaxExpense": 0, "netIncome": 37594000, "netIncomeRatio": 0.6163860242, "eps": 1.81, "epsdiluted": 1.77, "weightedAverageShsOut": 17780000, "weightedAverageShsOutDil": 19051000, "link": "https://www.sec.gov/Archives/edgar/data/1045450/000095013704001492/0000950137-04-001492-index.htm", "finalLink": "https://www.sec.gov/Archives/edgar/data/1045450/000095013704001492/c83503e10vk.txt", "calculatedOtherExpenses": 19538000, "calculatedOperatingExpenses": 23397000, "calculatedNetInterest": 0, "calculatedOtherIncome": -37594000, "calculatedIncomeNonControlling": -37594000, "calculatedEbitda": 53953000}, {"date": "2002-12-31", "symbol": "EPR", "reportedCurrency": "USD", "cik": "0001045450", "fillingDate": "2003-03-28", "acceptedDate": "2003-03-28 15:25:23", "calendarYear": "2002", "period": "FY", "revenue": 48758000, "costOfRevenue": 0, "grossProfit": 48758000, "grossProfitRatio": 1, "researchAndDevelopmentExpenses": 0, "generalAndAdministrativeExpenses": 2293000, "sellingAndMarketingExpenses": 0, "sellingGeneralAndAdministrativeExpenses": 2293000, "otherExpenses": -19892000, "operatingExpenses": -17599000, "costAndExpenses": -17599000, "interestIncome": 0, "interestExpense": 0, "depreciationAndAmortization": 13910000, "ebitda": 45069000, "ebitdaratio": 0.924340621, "operatingIncome": 31159000, "operatingIncomeRatio": 0.6390541039, "totalOtherIncomeExpensesNet": 0, "incomeBeforeTax": 0, "incomeBeforeTaxRatio": 0, "incomeTaxExpense": 0, "netIncome": 31159000, "netIncomeRatio": 0.6390541039, "eps": 1.66, "epsdiluted": 1.64, "weightedAverageShsOut": 16791000, "weightedAverageShsOutDil": 17762000, "link": "https://www.sec.gov/Archives/edgar/data/1045450/000095013403004833/0000950134-03-004833-index.htm", "finalLink": "https://www.sec.gov/Archives/edgar/data/1045450/000095013403004833/c75496e10vk.txt", "calculatedOtherExpenses": 15306000, "calculatedOperatingExpenses": 17599000, "calculatedNetInterest": 0, "calculatedOtherIncome": -31159000, "calculatedIncomeNonControlling": -31159000, "calculatedEbitda": 45069000}, {"date": "2001-12-31", "symbol": "EPR", "reportedCurrency": "USD", "cik": "0001045450", "fillingDate": "2002-04-01", "acceptedDate": "2002-04-01 00:00:00", "calendarYear": "2001", "period": "FY", "revenue": 36536000, "costOfRevenue": 0, "grossProfit": 36536000, "grossProfitRatio": 1, "researchAndDevelopmentExpenses": 0, "generalAndAdministrativeExpenses": 2507000, "sellingAndMarketingExpenses": 0, "sellingGeneralAndAdministrativeExpenses": 2507000, "otherExpenses": -15463000, "operatingExpenses": -12956000, "costAndExpenses": -12956000, "interestIncome": 0, "interestExpense": 0, "depreciationAndAmortization": 10449000, "ebitda": 34029000, "ebitdaratio": 0.9313827458, "operatingIncome": 23580000, "operatingIncomeRatio": 0.6453908474, "totalOtherIncomeExpensesNet": 0, "incomeBeforeTax": 0, "incomeBeforeTaxRatio": 0, "incomeTaxExpense": 0, "netIncome": 23580000, "netIncomeRatio": 0.6453908474, "eps": 1.6, "epsdiluted": 1.6, "weightedAverageShsOut": 14715000, "weightedAverageShsOutDil": 14783000, "link": "https://www.sec.gov/Archives/edgar/data/1045450/000095013402003111/0000950134-02-003111-index.htm", "finalLink": "https://www.sec.gov/Archives/edgar/data/1045450/000095013402003111/c68200e10-k.txt", "calculatedOtherExpenses": 10449000, "calculatedOperatingExpenses": 12956000, "calculatedNetInterest": 0, "calculatedOtherIncome": -23580000, "calculatedIncomeNonControlling": -23580000, "calculatedEbitda": 34029000}, {"date": "2000-12-31", "symbol": "EPR", "reportedCurrency": "USD", "cik": "0001045450", "fillingDate": "2001-03-30", "acceptedDate": "2001-03-30 00:00:00", "calendarYear": "2000", "period": "FY", "revenue": 36482000, "costOfRevenue": 0, "grossProfit": 36482000, "grossProfitRatio": 1, "researchAndDevelopmentExpenses": 0, "generalAndAdministrativeExpenses": 1850000, "sellingAndMarketingExpenses": 0, "sellingGeneralAndAdministrativeExpenses": 1850000, "otherExpenses": -14160000, "operatingExpenses": -12310000, "costAndExpenses": -12310000, "interestIncome": 0, "interestExpense": 0, "depreciationAndAmortization": 10460000, "ebitda": 34632000, "ebitdaratio": 0.9492900609, "operatingIncome": 24172000, "operatingIncomeRatio": 0.6625733238, "totalOtherIncomeExpensesNet": 0, "incomeBeforeTax": 0, "incomeBeforeTaxRatio": 0, "incomeTaxExpense": 0, "netIncome": 24172000, "netIncomeRatio": 0.6625733238, "eps": 1.63, "epsdiluted": 1.63, "weightedAverageShsOut": 14786000, "weightedAverageShsOutDil": 14810000, "link": "https://www.sec.gov/Archives/edgar/data/1045450/000095012401001834/0000950124-01-001834-index.htm", "finalLink": "https://www.sec.gov/Archives/edgar/data/1045450/000095012401001834/c61149e10-k.txt", "calculatedOtherExpenses": 10460000, "calculatedOperatingExpenses": 12310000, "calculatedNetInterest": 0, "calculatedOtherIncome": -24172000, "calculatedIncomeNonControlling": -24172000, "calculatedEbitda": 34632000}, {"date": "1999-12-31", "symbol": "EPR", "reportedCurrency": "USD", "cik": "0001045450", "fillingDate": "2000-03-31", "acceptedDate": "2000-03-31 00:00:00", "calendarYear": "1999", "period": "FY", "revenue": 35400000, "costOfRevenue": 0, "grossProfit": 35400000, "grossProfitRatio": 1, "researchAndDevelopmentExpenses": 0, "generalAndAdministrativeExpenses": 2200000, "sellingAndMarketingExpenses": 0, "sellingGeneralAndAdministrativeExpenses": 2200000, "otherExpenses": -14400000, "operatingExpenses": -12200000, "costAndExpenses": -12200000, "interestIncome": 0, "interestExpense": 0, "depreciationAndAmortization": 10000000, "ebitda": 33200000, "ebitdaratio": 0.9378531073, "operatingIncome": 23200000, "operatingIncomeRatio": 0.6553672316, "totalOtherIncomeExpensesNet": 0, "incomeBeforeTax": 0, "incomeBeforeTaxRatio": 0, "incomeTaxExpense": 0, "netIncome": 23200000, "netIncomeRatio": 0.6553672316, "eps": 1.6, "epsdiluted": 1.59, "weightedAverageShsOut": 14516000, "weightedAverageShsOutDil": 14552000, "link": "https://www.sec.gov/Archives/edgar/data/1045450/000095012400001906/0000950124-00-001906-index.html", "finalLink": "https://www.sec.gov/Archives/edgar/data/1045450/000095012400001906/", "calculatedOtherExpenses": 10000000, "calculatedOperatingExpenses": 12200000, "calculatedNetInterest": 0, "calculatedOtherIncome": -23200000, "calculatedIncomeNonControlling": -23200000, "calculatedEbitda": 33200000}, {"date": "1998-12-31", "symbol": "EPR", "reportedCurrency": "USD", "cik": "0001045450", "fillingDate": "1999-03-30", "acceptedDate": "1999-03-30 00:00:00", "calendarYear": "1998", "period": "FY", "revenue": 28500000, "costOfRevenue": 0, "grossProfit": 28500000, "grossProfitRatio": 1, "researchAndDevelopmentExpenses": 0, "generalAndAdministrativeExpenses": 2100000, "sellingAndMarketingExpenses": 0, "sellingGeneralAndAdministrativeExpenses": 2100000, "otherExpenses": -11400000, "operatingExpenses": -9300000, "costAndExpenses": -9300000, "interestIncome": 0, "interestExpense": 0, "depreciationAndAmortization": 7300000, "ebitda": 26500000, "ebitdaratio": 0.9298245614, "operatingIncome": 19200000, "operatingIncomeRatio": 0.6736842105, "totalOtherIncomeExpensesNet": 0, "incomeBeforeTax": 0, "incomeBeforeTaxRatio": 0, "incomeTaxExpense": 0, "netIncome": 19200000, "netIncomeRatio": 0.6736842105, "eps": 1.39, "epsdiluted": 1.38, "weightedAverageShsOut": 13802000, "weightedAverageShsOutDil": 13880000, "link": "https://www.sec.gov/Archives/edgar/data/1045450/000095012499002205/0000950124-99-002205-index.html", "finalLink": "https://www.sec.gov/Archives/edgar/data/1045450/", "calculatedOtherExpenses": 7200000, "calculatedOperatingExpenses": 9300000, "calculatedNetInterest": 0, "calculatedOtherIncome": -19200000, "calculatedIncomeNonControlling": -19200000, "calculatedEbitda": 26500000}, {"date": "1997-12-31", "symbol": "EPR", "reportedCurrency": "USD", "cik": "0001045450", "fillingDate": "1998-03-31", "acceptedDate": "1998-03-31 00:00:00", "calendarYear": "1997", "period": "FY", "revenue": 2500000, "costOfRevenue": 0, "grossProfit": 2500000, "grossProfitRatio": 1, "researchAndDevelopmentExpenses": 0, "generalAndAdministrativeExpenses": 0, "sellingAndMarketingExpenses": 0, "sellingGeneralAndAdministrativeExpenses": 0, "otherExpenses": -1100000, "operatingExpenses": -1100000, "costAndExpenses": -1100000, "interestIncome": 0, "interestExpense": 0, "depreciationAndAmortization": 700000, "ebitda": 2100000, "ebitdaratio": 0.84, "operatingIncome": 1400000, "operatingIncomeRatio": 0.56, "totalOtherIncomeExpensesNet": 0, "incomeBeforeTax": 0, "incomeBeforeTaxRatio": 0, "incomeTaxExpense": 0, "netIncome": 1400000, "netIncomeRatio": 0.56, "eps": 0.1, "epsdiluted": 0.1, "weightedAverageShsOut": 14000000, "weightedAverageShsOutDil": 14000000, "link": "https://www.sec.gov/Archives/edgar/data/1045450/000092702598000049/0000927025-98-000049-index.html", "finalLink": "https://www.sec.gov/Archives/edgar/data/1045450/", "calculatedOtherExpenses": 1100000, "calculatedOperatingExpenses": 1100000, "calculatedNetInterest": 0, "calculatedOtherIncome": -1400000, "calculatedIncomeNonControlling": -1400000, "calculatedEbitda": 2100000}]}