{"originalCurrency": "USD", "convertedCurrency": "USD", "report": [{"date": "2023-12-31", "symbol": "EQC", "reportedCurrency": "USD", "cik": "0000803649", "fillingDate": "2024-02-13", "acceptedDate": "2024-02-13 16:12:48", "calendarYear": "2023", "period": "FY", "revenue": 60524000, "costOfRevenue": 27462000, "grossProfit": 33062000, "grossProfitRatio": 0.5462626396, "researchAndDevelopmentExpenses": 0, "generalAndAdministrativeExpenses": 36974000, "sellingAndMarketingExpenses": 0, "sellingGeneralAndAdministrativeExpenses": 36974000, "otherExpenses": -36974000, "operatingExpenses": 54418000, "costAndExpenses": 81880000, "interestIncome": 114667000, "interestExpense": 0, "depreciationAndAmortization": 17444000, "ebitda": -3912000, "ebitdaratio": -0.0646355165, "operatingIncome": 33062000, "operatingIncomeRatio": 0.5462626396, "totalOtherIncomeExpensesNet": 60249000, "incomeBeforeTax": 93311000, "incomeBeforeTaxRatio": 1.5417189875, "incomeTaxExpense": 1866000, "netIncome": 91164000, "netIncomeRatio": 1.5062454563, "eps": 0.76, "epsdiluted": 0.75, "weightedAverageShsOut": 108841000, "weightedAverageShsOutDil": 110185000, "link": "https://www.sec.gov/Archives/edgar/data/803649/000080364924000025/0000803649-24-000025-index.htm", "finalLink": "https://www.sec.gov/Archives/edgar/data/803649/000080364924000025/eqc-20231231.htm", "calculatedOtherExpenses": -36974000, "calculatedOperatingExpenses": 0, "calculatedNetInterest": 114667000, "calculatedOtherIncome": -54418000, "calculatedIncomeNonControlling": 281000, "calculatedEbitda": 50506000}, {"date": "2022-12-31", "symbol": "EQC", "reportedCurrency": "USD", "cik": "0000803649", "fillingDate": "2023-02-09", "acceptedDate": "2023-02-09 16:18:10", "calendarYear": "2022", "period": "FY", "revenue": 63140000, "costOfRevenue": 24184000, "grossProfit": 38956000, "grossProfitRatio": 0.6169781438, "researchAndDevelopmentExpenses": 0, "generalAndAdministrativeExpenses": 30378000, "sellingAndMarketingExpenses": 0, "sellingGeneralAndAdministrativeExpenses": 30378000, "otherExpenses": 17810000, "operatingExpenses": 48188000, "costAndExpenses": 72372000, "interestIncome": 46945000, "interestExpense": -47045000, "depreciationAndAmortization": 17810000, "ebitda": 8481000, "ebitdaratio": 0.1343205575, "operatingIncome": -9329000, "operatingIncomeRatio": -0.1477510295, "totalOtherIncomeExpensesNet": 47139000, "incomeBeforeTax": 37810000, "incomeBeforeTaxRatio": 0.5988280013, "incomeTaxExpense": 453000, "netIncome": 29275000, "netIncomeRatio": 0.4636522015, "eps": 0.26, "epsdiluted": 0.26, "weightedAverageShsOut": 111674000, "weightedAverageShsOutDil": 112825000, "link": "https://www.sec.gov/Archives/edgar/data/803649/000080364923000030/0000803649-23-000030-index.htm", "finalLink": "https://www.sec.gov/Archives/edgar/data/803649/000080364923000030/eqc-20221231.htm", "calculatedOtherExpenses": 17907000, "calculatedOperatingExpenses": 48285000, "calculatedNetInterest": 93990000, "calculatedOtherIncome": -46851000, "calculatedIncomeNonControlling": 8082000, "calculatedEbitda": 8481000}, {"date": "2021-12-31", "symbol": "EQC", "reportedCurrency": "USD", "cik": "0000803649", "fillingDate": "2022-02-10", "acceptedDate": "2022-02-10 16:16:01", "calendarYear": "2021", "period": "FY", "revenue": 58002000, "costOfRevenue": 25893000, "grossProfit": 32109000, "grossProfitRatio": 0.5535843592, "researchAndDevelopmentExpenses": 0, "generalAndAdministrativeExpenses": 37444000, "sellingAndMarketingExpenses": 0, "sellingGeneralAndAdministrativeExpenses": 37444000, "otherExpenses": 17774000, "operatingExpenses": 55218000, "costAndExpenses": 81111000, "interestIncome": 6800000, "interestExpense": 0, "depreciationAndAmortization": 17774000, "ebitda": 1465000, "ebitdaratio": 0.0252577497, "operatingIncome": -16309000, "operatingIncomeRatio": -0.2811799593, "totalOtherIncomeExpensesNet": 6799999, "incomeBeforeTax": -16309000, "incomeBeforeTaxRatio": -0.2811799593, "incomeTaxExpense": 120000, "netIncome": -16429000, "netIncomeRatio": -0.2832488535, "eps": -0.14, "epsdiluted": -0.14, "weightedAverageShsOut": 121411000, "weightedAverageShsOutDil": 121411000, "link": "https://www.sec.gov/Archives/edgar/data/803649/000080364922000026/0000803649-22-000026-index.htm", "finalLink": "https://www.sec.gov/Archives/edgar/data/803649/000080364922000026/eqc-20211231.htm", "calculatedOtherExpenses": 10974000, "calculatedOperatingExpenses": 48418000, "calculatedNetInterest": 6800000, "calculatedOtherIncome": -6800000, "calculatedIncomeNonControlling": 0, "calculatedEbitda": 1465000}, {"date": "2020-12-31", "symbol": "EQC", "reportedCurrency": "USD", "cik": "0000803649", "fillingDate": "2021-02-11", "acceptedDate": "2021-02-11 16:16:04", "calendarYear": "2020", "period": "FY", "revenue": 66278000, "costOfRevenue": 28858000, "grossProfit": 37420000, "grossProfitRatio": 0.5645915688, "researchAndDevelopmentExpenses": 0, "generalAndAdministrativeExpenses": 33233000, "sellingAndMarketingExpenses": 0, "sellingGeneralAndAdministrativeExpenses": 33233000, "otherExpenses": 19329000, "operatingExpenses": 52562000, "costAndExpenses": 81420000, "interestIncome": 21228000, "interestExpense": 620000, "depreciationAndAmortization": 19329000, "ebitda": 25415000, "ebitdaratio": 0.3834605752, "operatingIncome": 6086000, "operatingIncomeRatio": 0.0918253417, "totalOtherIncomeExpensesNet": 446255000, "incomeBeforeTax": 452341000, "incomeBeforeTaxRatio": 6.8249041914, "incomeTaxExpense": 248000, "netIncome": 451294000, "netIncomeRatio": 6.8091070944, "eps": 3.64, "epsdiluted": 3.56, "weightedAverageShsOut": 121786000, "weightedAverageShsOutDil": 126606000, "link": "https://www.sec.gov/Archives/edgar/data/803649/000080364921000023/0000803649-21-000023-index.htm", "finalLink": "https://www.sec.gov/Archives/edgar/data/803649/000080364921000023/eqc-20201231.htm", "calculatedOtherExpenses": -1899000, "calculatedOperatingExpenses": 31334000, "calculatedNetInterest": 20608000, "calculatedOtherIncome": 425647000, "calculatedIncomeNonControlling": 799000, "calculatedEbitda": 25415000}, {"date": "2019-12-31", "symbol": "EQC", "reportedCurrency": "USD", "cik": "0000803649", "fillingDate": "2020-02-13", "acceptedDate": "2020-02-13 16:23:06", "calendarYear": "2019", "period": "FY", "revenue": 127850000, "costOfRevenue": 46418000, "grossProfit": 81432000, "grossProfitRatio": 0.6369339069, "researchAndDevelopmentExpenses": 0, "generalAndAdministrativeExpenses": 38442000, "sellingAndMarketingExpenses": 0, "sellingGeneralAndAdministrativeExpenses": 38442000, "otherExpenses": 28122000, "operatingExpenses": 66564000, "costAndExpenses": 112982000, "interestIncome": 72392000, "interestExpense": 8908000, "depreciationAndAmortization": 28122000, "ebitda": 115382000, "ebitdaratio": 0.9024794681, "operatingIncome": 87260000, "operatingIncomeRatio": 0.6825185765, "totalOtherIncomeExpensesNet": 406890000, "incomeBeforeTax": 494150000, "incomeBeforeTaxRatio": 3.8650762612, "incomeTaxExpense": 1284000, "netIncome": 492680000, "netIncomeRatio": 3.8535784122, "eps": 3.97, "epsdiluted": 3.9, "weightedAverageShsOut": 122091000, "weightedAverageShsOutDil": 126260000, "link": "https://www.sec.gov/Archives/edgar/data/803649/000080364920000038/0000803649-20-000038-index.htm", "finalLink": "https://www.sec.gov/Archives/edgar/data/803649/000080364920000038/eqc-20191231.htm", "calculatedOtherExpenses": -44270000, "calculatedOperatingExpenses": -5828000, "calculatedNetInterest": 63484000, "calculatedOtherIncome": 343406000, "calculatedIncomeNonControlling": 186000, "calculatedEbitda": 115382000}, {"date": "2018-12-31", "symbol": "EQC", "reportedCurrency": "USD", "cik": "0000803649", "fillingDate": "2019-02-14", "acceptedDate": "2019-02-14 16:17:54", "calendarYear": "2018", "period": "FY", "revenue": 197022000, "costOfRevenue": 79916000, "grossProfit": 117106000, "grossProfitRatio": 0.594380323, "researchAndDevelopmentExpenses": 0, "generalAndAdministrativeExpenses": 44439000, "sellingAndMarketingExpenses": 0, "sellingGeneralAndAdministrativeExpenses": 44439000, "otherExpenses": 49041000, "operatingExpenses": 93480000, "costAndExpenses": 173396000, "interestIncome": 46815000, "interestExpense": 26585000, "depreciationAndAmortization": 49041000, "ebitda": 119482000, "ebitdaratio": 0.60643989, "operatingIncome": 11539000, "operatingIncomeRatio": 0.0585670636, "totalOtherIncomeExpensesNet": 232208000, "incomeBeforeTax": 276064000, "incomeBeforeTaxRatio": 1.4011836242, "incomeTaxExpense": 3156000, "netIncome": 272813000, "netIncomeRatio": 1.3846829288, "eps": 2.23, "epsdiluted": 2.21, "weightedAverageShsOut": 122314000, "weightedAverageShsOutDil": 123385000, "link": "https://www.sec.gov/Archives/edgar/data/803649/000080364919000033/0000803649-19-000033-index.htm", "finalLink": "https://www.sec.gov/Archives/edgar/data/803649/000080364919000033/eqc12311810-k.htm", "calculatedOtherExpenses": 61128000, "calculatedOperatingExpenses": 105567000, "calculatedNetInterest": 20230000, "calculatedOtherIncome": 244295000, "calculatedIncomeNonControlling": 95000, "calculatedEbitda": 60580000}, {"date": "2017-12-31", "symbol": "EQC", "reportedCurrency": "USD", "cik": "0000803649", "fillingDate": "2018-02-15", "acceptedDate": "2018-02-15 16:27:38", "calendarYear": "2017", "period": "FY", "revenue": 340571000, "costOfRevenue": 141425000, "grossProfit": 199146000, "grossProfitRatio": 0.5847415076, "researchAndDevelopmentExpenses": 0, "generalAndAdministrativeExpenses": 47760000, "sellingAndMarketingExpenses": 0, "sellingGeneralAndAdministrativeExpenses": 47760000, "otherExpenses": 90708000, "operatingExpenses": 138468000, "costAndExpenses": 279893000, "interestIncome": 26380000, "interestExpense": 52183000, "depreciationAndAmortization": 90708000, "ebitda": 177766000, "ebitdaratio": 0.521964583, "operatingIncome": 40964000, "operatingIncomeRatio": 0.1202803527, "totalOtherIncomeExpensesNet": -4709000, "incomeBeforeTax": 30166000, "incomeBeforeTaxRatio": 0.0885747759, "incomeTaxExpense": 500000, "netIncome": 29656000, "netIncomeRatio": 0.0870772908, "eps": 0.17, "epsdiluted": 0.17, "weightedAverageShsOut": 124125000, "weightedAverageShsOutDil": 125129000, "link": "https://www.sec.gov/Archives/edgar/data/803649/000080364918000007/0000803649-18-000007-index.htm", "finalLink": "https://www.sec.gov/Archives/edgar/data/803649/000080364918000007/eqc12311710-k.htm", "calculatedOtherExpenses": 110422000, "calculatedOperatingExpenses": 158182000, "calculatedNetInterest": -25803000, "calculatedOtherIncome": 15005000, "calculatedIncomeNonControlling": 10000, "calculatedEbitda": 131672000}, {"date": "2016-12-31", "symbol": "EQC", "reportedCurrency": "USD", "cik": "0000803649", "fillingDate": "2017-02-16", "acceptedDate": "2017-02-16 17:09:52", "calendarYear": "2016", "period": "FY", "revenue": 500680000, "costOfRevenue": 200706000, "grossProfit": 299974000, "grossProfitRatio": 0.5991331789, "researchAndDevelopmentExpenses": 0, "generalAndAdministrativeExpenses": 50256000, "sellingAndMarketingExpenses": 0, "sellingGeneralAndAdministrativeExpenses": 50256000, "otherExpenses": 131806000, "operatingExpenses": 182062000, "costAndExpenses": 382768000, "interestIncome": 10331000, "interestExpense": 84329000, "depreciationAndAmortization": 131806000, "ebitda": 260049000, "ebitdaratio": 0.5193916274, "operatingIncome": 59436000, "operatingIncomeRatio": 0.1187105536, "totalOtherIncomeExpensesNet": 189725000, "incomeBeforeTax": 233639000, "incomeBeforeTaxRatio": 0.466643365, "incomeTaxExpense": 745000, "netIncome": 232894000, "netIncomeRatio": 0.4651553887, "eps": 1.64, "epsdiluted": 1.62, "weightedAverageShsOut": 125474000, "weightedAverageShsOutDil": 126768000, "link": "https://www.sec.gov/Archives/edgar/data/803649/000080364917000006/0000803649-17-000006-index.htm", "finalLink": "https://www.sec.gov/Archives/edgar/data/803649/000080364917000006/eqc12311610-k.htm", "calculatedOtherExpenses": 190282000, "calculatedOperatingExpenses": 240538000, "calculatedNetInterest": -73998000, "calculatedOtherIncome": 248201000, "calculatedIncomeNonControlling": 0, "calculatedEbitda": 191242000}, {"date": "2015-12-31", "symbol": "EQC", "reportedCurrency": "USD", "cik": "0000803649", "fillingDate": "2016-02-18", "acceptedDate": "2016-02-18 16:26:48", "calendarYear": "2015", "period": "FY", "revenue": 714891000, "costOfRevenue": 324948000, "grossProfit": 389943000, "grossProfitRatio": 0.5454579789, "researchAndDevelopmentExpenses": 0, "generalAndAdministrativeExpenses": 57457000, "sellingAndMarketingExpenses": 0, "sellingGeneralAndAdministrativeExpenses": 57457000, "otherExpenses": 194001000, "operatingExpenses": 251458000, "costAndExpenses": 576406000, "interestIncome": 5989000, "interestExpense": 107316000, "depreciationAndAmortization": 194001000, "ebitda": 338475000, "ebitdaratio": 0.4734637868, "operatingIncome": 121323000, "operatingIncomeRatio": 0.1697083891, "totalOtherIncomeExpensesNet": 65063000, "incomeBeforeTax": 102221000, "incomeBeforeTaxRatio": 0.1429882318, "incomeTaxExpense": 2364000, "netIncome": 99857000, "netIncomeRatio": 0.139681434, "eps": 0.56, "epsdiluted": 0.56, "weightedAverageShsOut": 128621000, "weightedAverageShsOutDil": 129437000, "link": "https://www.sec.gov/Archives/edgar/data/803649/000080364916000024/0000803649-16-000024-index.htm", "finalLink": "https://www.sec.gov/Archives/edgar/data/803649/000080364916000024/eqc12311510-k.htm", "calculatedOtherExpenses": 211163000, "calculatedOperatingExpenses": 268620000, "calculatedNetInterest": -101327000, "calculatedOtherIncome": 82225000, "calculatedIncomeNonControlling": 0, "calculatedEbitda": 315324000}, {"date": "2014-12-31", "symbol": "EQC", "reportedCurrency": "USD", "cik": "0000803649", "fillingDate": "2015-02-19", "acceptedDate": "2015-02-19 16:34:22", "calendarYear": "2014", "period": "FY", "revenue": 861857000, "costOfRevenue": 387982000, "grossProfit": 473875000, "grossProfitRatio": 0.5498301922, "researchAndDevelopmentExpenses": 0, "generalAndAdministrativeExpenses": 113155000, "sellingAndMarketingExpenses": 0, "sellingGeneralAndAdministrativeExpenses": 113155000, "otherExpenses": 227532000, "operatingExpenses": 340687000, "costAndExpenses": 728669000, "interestIncome": 1561000, "interestExpense": 143230000, "depreciationAndAmortization": 227532000, "ebitda": 379301000, "ebitdaratio": 0.4400973711, "operatingIncome": -51884000, "operatingIncomeRatio": -0.060200242, "totalOtherIncomeExpensesNet": 8418000, "incomeBeforeTax": -63000, "incomeBeforeTaxRatio": -7.3098e-05, "incomeTaxExpense": 3191000, "netIncome": 24012000, "netIncomeRatio": 0.0278607704, "eps": -0.19, "epsdiluted": -0.19, "weightedAverageShsOut": 125163000, "weightedAverageShsOutDil": 125163000, "link": "https://www.sec.gov/Archives/edgar/data/803649/000162828015000849/0001628280-15-000849-index.htm", "finalLink": "https://www.sec.gov/Archives/edgar/data/803649/000162828015000849/eqc12311410-k.htm", "calculatedOtherExpenses": 412604000, "calculatedOperatingExpenses": 525759000, "calculatedNetInterest": -141669000, "calculatedOtherIncome": 193490000, "calculatedIncomeNonControlling": -27266000, "calculatedEbitda": 175648000}, {"date": "2013-12-31", "symbol": "EQC", "reportedCurrency": "USD", "cik": "0000803649", "fillingDate": "2014-02-28", "acceptedDate": "2014-02-28 16:47:05", "calendarYear": "2013", "period": "FY", "revenue": 885536000, "costOfRevenue": 370869000, "grossProfit": 514667000, "grossProfitRatio": 0.5811926336, "researchAndDevelopmentExpenses": 0, "generalAndAdministrativeExpenses": 77209000, "sellingAndMarketingExpenses": 0, "sellingGeneralAndAdministrativeExpenses": 77209000, "otherExpenses": 218854000, "operatingExpenses": 296063000, "costAndExpenses": 666932000, "interestIncome": 1229000, "interestExpense": 173011000, "depreciationAndAmortization": 218854000, "ebitda": 438687000, "ebitdaratio": 0.4953914917, "operatingIncome": 218286000, "operatingIncomeRatio": 0.2465015539, "totalOtherIncomeExpensesNet": 5923000, "incomeBeforeTax": 52745000, "incomeBeforeTaxRatio": 0.0595627959, "incomeTaxExpense": 2634000, "netIncome": -177060000, "netIncomeRatio": -0.1999466989, "eps": -1.58, "epsdiluted": -1.58, "weightedAverageShsOut": 112104395, "weightedAverageShsOutDil": 112378000, "link": "https://www.sec.gov/Archives/edgar/data/803649/000104746914001585/0001047469-14-001585-index.htm", "finalLink": "https://www.sec.gov/Archives/edgar/data/803649/000104746914001585/a2218525z10-k.htm", "calculatedOtherExpenses": 219172000, "calculatedOperatingExpenses": 296381000, "calculatedNetInterest": -171782000, "calculatedOtherIncome": 6241000, "calculatedIncomeNonControlling": 227171000, "calculatedEbitda": 437140000}, {"date": "2012-12-31", "symbol": "EQC", "reportedCurrency": "USD", "cik": "0000803649", "fillingDate": "2013-02-25", "acceptedDate": "2013-02-25 06:42:57", "calendarYear": "2012", "period": "FY", "revenue": 1013092000, "costOfRevenue": 419681000, "grossProfit": 593411000, "grossProfitRatio": 0.5857424597, "researchAndDevelopmentExpenses": 0, "generalAndAdministrativeExpenses": 51697000, "sellingAndMarketingExpenses": 0, "sellingGeneralAndAdministrativeExpenses": 51697000, "otherExpenses": 245729000, "operatingExpenses": 297426000, "costAndExpenses": 717107000, "interestIncome": 1428000, "interestExpense": 204244000, "depreciationAndAmortization": 268254000, "ebitda": 584333000, "ebitdaratio": 0.576781773, "operatingIncome": 290337000, "operatingIncomeRatio": 0.2865850288, "totalOtherIncomeExpensesNet": 11123000, "incomeBeforeTax": 104292000, "incomeBeforeTaxRatio": 0.1029442538, "incomeTaxExpense": 3207000, "netIncome": -95421000, "netIncomeRatio": -0.0941878921, "eps": -1.14, "epsdiluted": -1.14, "weightedAverageShsOut": 83750000, "weightedAverageShsOutDil": 83750000, "link": "https://www.sec.gov/Archives/edgar/data/803649/000104746913001551/0001047469-13-001551-index.htm", "finalLink": "https://www.sec.gov/Archives/edgar/data/803649/000104746913001551/a2213090z10-k.htm", "calculatedOtherExpenses": 251377000, "calculatedOperatingExpenses": 303074000, "calculatedNetInterest": -202816000, "calculatedOtherIncome": 16771000, "calculatedIncomeNonControlling": 196506000, "calculatedEbitda": 558591000}, {"date": "2011-12-31", "symbol": "EQC", "reportedCurrency": "USD", "cik": "0000803649", "fillingDate": "2012-02-27", "acceptedDate": "2012-02-27 17:31:34", "calendarYear": "2011", "period": "FY", "revenue": 911948000, "costOfRevenue": 392131000, "grossProfit": 519817000, "grossProfitRatio": 0.5700072811, "researchAndDevelopmentExpenses": 0, "generalAndAdministrativeExpenses": 39737000, "sellingAndMarketingExpenses": 7021000, "sellingGeneralAndAdministrativeExpenses": 46758000, "otherExpenses": 218688000, "operatingExpenses": 265446000, "costAndExpenses": 657577000, "interestIncome": 1718000, "interestExpense": 195024000, "depreciationAndAmortization": 218688000, "ebitda": 486154000, "ebitdaratio": 0.5330939922, "operatingIncome": 233943000, "operatingIncomeRatio": 0.2565310741, "totalOtherIncomeExpensesNet": 2091000, "incomeBeforeTax": 63156000, "incomeBeforeTaxRatio": 0.0692539487, "incomeTaxExpense": 1347000, "netIncome": 109984000, "netIncomeRatio": 0.1206033677, "eps": 0.81, "epsdiluted": 0.81, "weightedAverageShsOut": 77428000, "weightedAverageShsOutDil": 77428000, "link": "https://www.sec.gov/Archives/edgar/data/803649/000104746912001632/0001047469-12-001632-index.htm", "finalLink": "https://www.sec.gov/Archives/edgar/data/803649/000104746912001632/a2207400z10-k.htm", "calculatedOtherExpenses": 239116000, "calculatedOperatingExpenses": 285874000, "calculatedNetInterest": -193306000, "calculatedOtherIncome": 22519000, "calculatedIncomeNonControlling": -48175000, "calculatedEbitda": 452631000}, {"date": "2010-12-31", "symbol": "EQC", "reportedCurrency": "USD", "cik": "0000803649", "fillingDate": "2011-02-25", "acceptedDate": "2011-02-25 15:53:16", "calendarYear": "2010", "period": "FY", "revenue": 793370000, "costOfRevenue": 333889000, "grossProfit": 459481000, "grossProfitRatio": 0.5791509636, "researchAndDevelopmentExpenses": 0, "generalAndAdministrativeExpenses": 39646000, "sellingAndMarketingExpenses": 0, "sellingGeneralAndAdministrativeExpenses": 39646000, "otherExpenses": 207884000, "operatingExpenses": 247530000, "costAndExpenses": 581419000, "interestIncome": 3159000, "interestExpense": 179642000, "depreciationAndAmortization": 204477000, "ebitda": 431458000, "ebitdaratio": 0.5438294869, "operatingIncome": 190391000, "operatingIncomeRatio": 0.2399775641, "totalOtherIncomeExpensesNet": 44833000, "incomeBeforeTax": 80301000, "incomeBeforeTaxRatio": 0.1012150699, "incomeTaxExpense": 550000, "netIncome": 135409000, "netIncomeRatio": 0.1706757251, "eps": 1.26, "epsdiluted": 1.26, "weightedAverageShsOut": 64703000, "weightedAverageShsOutDil": 64703000, "link": "https://www.sec.gov/Archives/edgar/data/803649/000104746911001393/0001047469-11-001393-index.htm", "finalLink": "https://www.sec.gov/Archives/edgar/data/803649/000104746911001393/a2202190z10-k.htm", "calculatedOtherExpenses": 229444000, "calculatedOperatingExpenses": 269090000, "calculatedNetInterest": -176483000, "calculatedOtherIncome": 66393000, "calculatedIncomeNonControlling": -55658000, "calculatedEbitda": 394868000}, {"date": "2009-12-31", "symbol": "EQC", "reportedCurrency": "USD", "cik": "0000803649", "fillingDate": "2010-02-23", "acceptedDate": "2010-02-23 17:25:29", "calendarYear": "2009", "period": "FY", "revenue": 849722000, "costOfRevenue": 356001000, "grossProfit": 493721000, "grossProfitRatio": 0.581038269, "researchAndDevelopmentExpenses": 0, "generalAndAdministrativeExpenses": 39427000, "sellingAndMarketingExpenses": 0, "sellingGeneralAndAdministrativeExpenses": 39427000, "otherExpenses": 195681000, "operatingExpenses": 235108000, "costAndExpenses": 591109000, "interestIncome": 1194000, "interestExpense": 173458000, "depreciationAndAmortization": 170547000, "ebitda": 482720000, "ebitdaratio": 0.5680916818, "operatingIncome": 254315000, "operatingIncomeRatio": 0.2992920037, "totalOtherIncomeExpensesNet": -29634000, "incomeBeforeTax": 77401000, "incomeBeforeTaxRatio": 0.0910897917, "incomeTaxExpense": 735000, "netIncome": 164674000, "netIncomeRatio": 0.1937975008, "eps": 2.03, "epsdiluted": 2.03, "weightedAverageShsOut": 56055000, "weightedAverageShsOutDil": 63353000, "link": "https://www.sec.gov/Archives/edgar/data/803649/000104746910001165/0001047469-10-001165-index.htm", "finalLink": "https://www.sec.gov/Archives/edgar/data/803649/000104746910001165/a2196601z10-k.htm", "calculatedOtherExpenses": 199979000, "calculatedOperatingExpenses": 239406000, "calculatedNetInterest": -172264000, "calculatedOtherIncome": -4650000, "calculatedIncomeNonControlling": -88008000, "calculatedEbitda": 424862000}, {"date": "2008-12-31", "symbol": "EQC", "reportedCurrency": "USD", "cik": "0000803649", "fillingDate": "2009-03-02", "acceptedDate": "2009-03-02 14:56:20", "calendarYear": "2008", "period": "FY", "revenue": 835540000, "costOfRevenue": 347958000, "grossProfit": 487582000, "grossProfitRatio": 0.5835531513, "researchAndDevelopmentExpenses": 0, "generalAndAdministrativeExpenses": 33711000, "sellingAndMarketingExpenses": 3101000, "sellingGeneralAndAdministrativeExpenses": 36812000, "otherExpenses": 185657000, "operatingExpenses": 347958000, "costAndExpenses": 347958000, "interestIncome": 1442000, "interestExpense": 180193000, "depreciationAndAmortization": 185657000, "ebitda": 449929000, "ebitdaratio": 0.5384888814, "operatingIncome": 265113000, "operatingIncomeRatio": 0.3172954018, "totalOtherIncomeExpensesNet": -2283000, "incomeBeforeTax": 84079000, "incomeBeforeTaxRatio": 0.1006283362, "incomeTaxExpense": 773000, "netIncome": 244645000, "netIncomeRatio": 0.2927986691, "eps": 3.43, "epsdiluted": 3.43, "weightedAverageShsOut": 56617000, "weightedAverageShsOutDil": 63915000, "link": "https://www.sec.gov/Archives/edgar/data/803649/000104746909002103/0001047469-09-002103-index.htm", "finalLink": "https://www.sec.gov/Archives/edgar/data/803649/000104746909002103/a2190977z10-k.htm", "calculatedOtherExpenses": 185657000, "calculatedOperatingExpenses": 222469000, "calculatedNetInterest": -178751000, "calculatedOtherIncome": -2283000, "calculatedIncomeNonControlling": -161339000, "calculatedEbitda": 450770000}, {"date": "2007-12-31", "symbol": "EQC", "reportedCurrency": "USD", "cik": "0000803649", "fillingDate": "2008-02-29", "acceptedDate": "2008-02-28 21:57:43", "calendarYear": "2007", "period": "FY", "revenue": 840010000, "costOfRevenue": 0, "grossProfit": 840010000, "grossProfitRatio": 1, "researchAndDevelopmentExpenses": 0, "generalAndAdministrativeExpenses": 35717000, "sellingAndMarketingExpenses": 0, "sellingGeneralAndAdministrativeExpenses": 35717000, "otherExpenses": 511389000, "operatingExpenses": 547106000, "costAndExpenses": 547106000, "interestIncome": 2736000, "interestExpense": -165894000, "depreciationAndAmortization": 197317000, "ebitda": 491643000, "ebitdaratio": 0.5852823181, "operatingIncome": 292193000, "operatingIncomeRatio": 0.3478446685, "totalOtherIncomeExpensesNet": -1422000, "incomeBeforeTax": 122206000, "incomeBeforeTaxRatio": 0.1454816014, "incomeTaxExpense": 395000, "netIncome": 124255000, "netIncomeRatio": 0.1479208581, "eps": 1.12, "epsdiluted": 1.12, "weightedAverageShsOut": 53590250, "weightedAverageShsOutDil": 60888500, "link": "https://www.sec.gov/Archives/edgar/data/803649/000110465908013945/0001104659-08-013945-index.htm", "finalLink": "https://www.sec.gov/Archives/edgar/data/803649/000110465908013945/a08-2559_110k.htm", "calculatedOtherExpenses": 512100000, "calculatedOperatingExpenses": 547817000, "calculatedNetInterest": 168630000, "calculatedOtherIncome": -338617000, "calculatedIncomeNonControlling": -2444000, "calculatedEbitda": 489510000}, {"date": "2006-12-31", "symbol": "EQC", "reportedCurrency": "USD", "cik": "0000803649", "fillingDate": "2007-03-01", "acceptedDate": "2007-03-01 12:07:59", "calendarYear": "2006", "period": "FY", "revenue": 795821000, "costOfRevenue": 0, "grossProfit": 795821000, "grossProfitRatio": 1, "researchAndDevelopmentExpenses": 0, "generalAndAdministrativeExpenses": 32133000, "sellingAndMarketingExpenses": 0, "sellingGeneralAndAdministrativeExpenses": 32133000, "otherExpenses": 470538000, "operatingExpenses": 502671000, "costAndExpenses": 502671000, "interestIncome": 2736000, "interestExpense": -165894000, "depreciationAndAmortization": 140250000, "ebitda": 333772000, "ebitdaratio": 0.4194058714, "operatingIncome": 293150000, "operatingIncomeRatio": 0.3683617296, "totalOtherIncomeExpensesNet": 119204000, "incomeBeforeTax": 250580000, "incomeBeforeTaxRatio": 0.3148698011, "incomeTaxExpense": 62146000, "netIncome": 250580000, "netIncomeRatio": 0.3148698011, "eps": 3.8, "epsdiluted": 3.76, "weightedAverageShsOut": 52491250, "weightedAverageShsOutDil": 54131000, "link": "https://www.sec.gov/Archives/edgar/data/803649/000110465907015333/0001104659-07-015333-index.htm", "finalLink": "https://www.sec.gov/Archives/edgar/data/803649/000110465907015333/a07-5534_110k.htm", "calculatedOtherExpenses": 470538000, "calculatedOperatingExpenses": 502671000, "calculatedNetInterest": 168630000, "calculatedOtherIncome": -211200000, "calculatedIncomeNonControlling": -62146000, "calculatedEbitda": 433400000}, {"date": "2005-12-31", "symbol": "EQC", "reportedCurrency": "USD", "cik": "0000803649", "fillingDate": "2006-03-10", "acceptedDate": "2006-03-10 16:55:13", "calendarYear": "2005", "period": "FY", "revenue": 710758000, "costOfRevenue": 0, "grossProfit": 710758000, "grossProfitRatio": 1, "researchAndDevelopmentExpenses": 0, "generalAndAdministrativeExpenses": 30446000, "sellingAndMarketingExpenses": 0, "sellingGeneralAndAdministrativeExpenses": 30446000, "otherExpenses": 406615000, "operatingExpenses": 437061000, "costAndExpenses": 437061000, "interestIncome": 1490000, "interestExpense": -143663000, "depreciationAndAmortization": 120822000, "ebitda": 390649000, "ebitdaratio": 0.5496230785, "operatingIncome": 273697000, "operatingIncomeRatio": 0.3850776214, "totalOtherIncomeExpensesNet": 19355000, "incomeBeforeTax": 164984000, "incomeBeforeTaxRatio": 0.2321240141, "incomeTaxExpense": 124198000, "netIncome": 164984000, "netIncomeRatio": 0.2321240141, "eps": 2.4, "epsdiluted": 2.4, "weightedAverageShsOut": 49457750, "weightedAverageShsOutDil": 49457750, "link": "https://www.sec.gov/Archives/edgar/data/803649/000110465906015845/0001104659-06-015845-index.htm", "finalLink": "https://www.sec.gov/Archives/edgar/data/803649/000110465906015845/a06-1982_110k.htm", "calculatedOtherExpenses": 406615000, "calculatedOperatingExpenses": 437061000, "calculatedNetInterest": 145153000, "calculatedOtherIncome": -253866000, "calculatedIncomeNonControlling": -124198000, "calculatedEbitda": 394519000}, {"date": "2004-12-31", "symbol": "EQC", "reportedCurrency": "USD", "cik": "0000803649", "fillingDate": "2005-03-14", "acceptedDate": "2005-03-11 21:25:08", "calendarYear": "2004", "period": "FY", "revenue": 603229000, "costOfRevenue": 0, "grossProfit": 603229000, "grossProfitRatio": 1, "researchAndDevelopmentExpenses": 0, "generalAndAdministrativeExpenses": 25170000, "sellingAndMarketingExpenses": 0, "sellingGeneralAndAdministrativeExpenses": 25170000, "otherExpenses": 340233000, "operatingExpenses": 365403000, "costAndExpenses": 365403000, "interestIncome": 638000, "interestExpense": -118212000, "depreciationAndAmortization": 102116000, "ebitda": 350206000, "ebitdaratio": 0.5805523276, "operatingIncome": 237826000, "operatingIncomeRatio": 0.3942549181, "totalOtherIncomeExpensesNet": -74997000, "incomeBeforeTax": 162829000, "incomeBeforeTaxRatio": 0.2699289988, "incomeTaxExpense": 10264000, "netIncome": 162829000, "netIncomeRatio": 0.2699289988, "eps": 2.64, "epsdiluted": 2.64, "weightedAverageShsOut": 44039250, "weightedAverageShsOutDil": 44039250, "link": "https://www.sec.gov/Archives/edgar/data/803649/000110465905010698/0001104659-05-010698-index.htm", "finalLink": "https://www.sec.gov/Archives/edgar/data/803649/000110465905010698/a05-1828_110k.htm", "calculatedOtherExpenses": 340233000, "calculatedOperatingExpenses": 365403000, "calculatedNetInterest": 118850000, "calculatedOtherIncome": -193847000, "calculatedIncomeNonControlling": -10264000, "calculatedEbitda": 339942000}, {"date": "2003-12-31", "symbol": "EQC", "reportedCurrency": "USD", "cik": "0000803649", "fillingDate": "2004-03-15", "acceptedDate": "2004-03-15 14:26:02", "calendarYear": "2003", "period": "FY", "revenue": 500727000, "costOfRevenue": 0, "grossProfit": 500727000, "grossProfitRatio": 1, "researchAndDevelopmentExpenses": 0, "generalAndAdministrativeExpenses": 19338000, "sellingAndMarketingExpenses": 0, "sellingGeneralAndAdministrativeExpenses": 19338000, "otherExpenses": 289324000, "operatingExpenses": 308662000, "costAndExpenses": 308662000, "interestIncome": 0, "interestExpense": 0, "depreciationAndAmortization": 85224000, "ebitda": 285338000, "ebitdaratio": 0.5698474418, "operatingIncome": 192065000, "operatingIncomeRatio": 0.3835722859, "totalOtherIncomeExpensesNet": -77619000, "incomeBeforeTax": 114446000, "incomeBeforeTaxRatio": 0.2285596742, "incomeTaxExpense": 8049000, "netIncome": 114446000, "netIncomeRatio": 0.2285596742, "eps": 2, "epsdiluted": 2, "weightedAverageShsOut": 34067500, "weightedAverageShsOutDil": 34067500, "link": "https://www.sec.gov/Archives/edgar/data/803649/000110465904007410/0001104659-04-007410-index.htm", "finalLink": "https://www.sec.gov/Archives/edgar/data/803649/000110465904007410/a04-3254_110k.htm", "calculatedOtherExpenses": 289324000, "calculatedOperatingExpenses": 308662000, "calculatedNetInterest": 0, "calculatedOtherIncome": -77619000, "calculatedIncomeNonControlling": -8049000, "calculatedEbitda": 277289000}, {"date": "2002-12-31", "symbol": "EQC", "reportedCurrency": "USD", "cik": "0000803649", "fillingDate": "2003-03-28", "acceptedDate": "2003-03-28 16:36:49", "calendarYear": "2002", "period": "FY", "revenue": 416966000, "costOfRevenue": 202694000, "grossProfit": 214272000, "grossProfitRatio": 0.513883626, "researchAndDevelopmentExpenses": 0, "generalAndAdministrativeExpenses": 16815000, "sellingAndMarketingExpenses": 0, "sellingGeneralAndAdministrativeExpenses": 16815000, "otherExpenses": 221364000, "operatingExpenses": 238179000, "costAndExpenses": 238179000, "interestIncome": 0, "interestExpense": 0, "depreciationAndAmortization": 68750000, "ebitda": 247537000, "ebitdaratio": 0.593662313, "operatingIncome": 178787000, "operatingIncomeRatio": 0.4287807639, "totalOtherIncomeExpensesNet": 45105000, "incomeBeforeTax": 106763000, "incomeBeforeTaxRatio": 0.2560472557, "incomeTaxExpense": 117129000, "netIncome": 106763000, "netIncomeRatio": 0.2560472557, "eps": 2.44, "epsdiluted": 2.44, "weightedAverageShsOut": 32433607, "weightedAverageShsOutDil": 32433607, "link": "https://www.sec.gov/Archives/edgar/data/803649/000110465903005287/0001104659-03-005287-index.htm", "finalLink": "https://www.sec.gov/Archives/edgar/data/803649/000110465903005287/j8808_10k.htm", "calculatedOtherExpenses": 18670000, "calculatedOperatingExpenses": 35485000, "calculatedNetInterest": 0, "calculatedOtherIncome": -72024000, "calculatedIncomeNonControlling": -117129000, "calculatedEbitda": 247537000}, {"date": "2001-12-31", "symbol": "EQC", "reportedCurrency": "USD", "cik": "0000803649", "fillingDate": "2002-03-20", "acceptedDate": "2002-03-20 00:00:00", "calendarYear": "2001", "period": "FY", "revenue": 394172000, "costOfRevenue": 0, "grossProfit": 394172000, "grossProfitRatio": 1, "researchAndDevelopmentExpenses": 0, "generalAndAdministrativeExpenses": 15614000, "sellingAndMarketingExpenses": 0, "sellingGeneralAndAdministrativeExpenses": 15614000, "otherExpenses": 205779000, "operatingExpenses": 221393000, "costAndExpenses": 221393000, "interestIncome": 0, "interestExpense": 0, "depreciationAndAmortization": 65187000, "ebitda": 234011000, "ebitdaratio": 0.5936773794, "operatingIncome": 176734000, "operatingIncomeRatio": 0.4483677176, "totalOtherIncomeExpensesNet": 3955000, "incomeBeforeTax": 180689000, "incomeBeforeTaxRatio": 0.4584014085, "incomeTaxExpense": 89975000, "netIncome": 82804000, "netIncomeRatio": 0.2100707305, "eps": 2.04, "epsdiluted": 2.04, "weightedAverageShsOut": 32563250, "weightedAverageShsOutDil": 32563250, "link": "https://www.sec.gov/Archives/edgar/data/803649/000090873702000112/0000908737-02-000112-index.htm", "finalLink": "https://www.sec.gov/Archives/edgar/data/803649/000090873702000112/hrp10k_2002.txt", "calculatedOtherExpenses": 201824000, "calculatedOperatingExpenses": 217438000, "calculatedNetInterest": 0, "calculatedOtherIncome": 3955000, "calculatedIncomeNonControlling": 7910000, "calculatedEbitda": 241921000}, {"date": "2000-12-31", "symbol": "EQC", "reportedCurrency": "USD", "cik": "0000803649", "fillingDate": "2001-03-30", "acceptedDate": "2001-03-30 00:00:00", "calendarYear": "2000", "period": "FY", "revenue": 405006000, "costOfRevenue": 0, "grossProfit": 405006000, "grossProfitRatio": 1, "researchAndDevelopmentExpenses": 0, "generalAndAdministrativeExpenses": 17271000, "sellingAndMarketingExpenses": 0, "sellingGeneralAndAdministrativeExpenses": 17271000, "otherExpenses": 202750000, "operatingExpenses": 220021000, "costAndExpenses": 220021000, "interestIncome": 0, "interestExpense": 0, "depreciationAndAmortization": 63813000, "ebitda": 248798000, "ebitdaratio": 0.6143069485, "operatingIncome": 184985000, "operatingIncomeRatio": 0.4567463198, "totalOtherIncomeExpensesNet": 0, "incomeBeforeTax": 0, "incomeBeforeTaxRatio": 0, "incomeTaxExpense": 42713000, "netIncome": 142272000, "netIncomeRatio": 0.3512836847, "eps": 4.32, "epsdiluted": 4.32, "weightedAverageShsOut": 32984250, "weightedAverageShsOutDil": 32984250, "link": "https://www.sec.gov/Archives/edgar/data/803649/000090873701000099/0000908737-01-000099-index.htm", "finalLink": "https://www.sec.gov/Archives/edgar/data/803649/000090873701000099/0000908737-01-000099-0001.txt", "calculatedOtherExpenses": 202750000, "calculatedOperatingExpenses": 220021000, "calculatedNetInterest": 0, "calculatedOtherIncome": -184985000, "calculatedIncomeNonControlling": -184985000, "calculatedEbitda": 248798000}, {"date": "1999-12-31", "symbol": "EQC", "reportedCurrency": "USD", "cik": "0000803649", "fillingDate": "2000-03-30", "acceptedDate": "2000-03-30 00:00:00", "calendarYear": "1999", "period": "FY", "revenue": 427541000, "costOfRevenue": 0, "grossProfit": 427541000, "grossProfitRatio": 1, "researchAndDevelopmentExpenses": 0, "generalAndAdministrativeExpenses": 18704000, "sellingAndMarketingExpenses": 0, "sellingGeneralAndAdministrativeExpenses": 18704000, "otherExpenses": 213486000, "operatingExpenses": 232190000, "costAndExpenses": 232190000, "interestIncome": 0, "interestExpense": 0, "depreciationAndAmortization": 73382000, "ebitda": 269433000, "ebitdaratio": 0.6301921921, "operatingIncome": 195351000, "operatingIncomeRatio": 0.4569175822, "totalOtherIncomeExpensesNet": -700000, "incomeBeforeTax": 194651000, "incomeBeforeTaxRatio": 0.4552803123, "incomeTaxExpense": 81489000, "netIncome": 113862000, "netIncomeRatio": 0.266318318, "eps": 3.44, "epsdiluted": 3.44, "weightedAverageShsOut": 32960750, "weightedAverageShsOutDil": 32960750, "link": "https://www.sec.gov/Archives/edgar/data/803649/000090873700000100/0000908737-00-000100-index.html", "finalLink": "https://www.sec.gov/Archives/edgar/data/803649/000090873700000100/", "calculatedOtherExpenses": 213486000, "calculatedOperatingExpenses": 232190000, "calculatedNetInterest": 0, "calculatedOtherIncome": -700000, "calculatedIncomeNonControlling": -700000, "calculatedEbitda": 268733000}, {"date": "1998-12-31", "symbol": "EQC", "reportedCurrency": "USD", "cik": "0000803649", "fillingDate": "1999-03-31", "acceptedDate": "1999-03-31 00:00:00", "calendarYear": "1998", "period": "FY", "revenue": 356554000, "costOfRevenue": 0, "grossProfit": 356554000, "grossProfitRatio": 1, "researchAndDevelopmentExpenses": 0, "generalAndAdministrativeExpenses": 17172000, "sellingAndMarketingExpenses": 0, "sellingGeneralAndAdministrativeExpenses": 17172000, "otherExpenses": 138300000, "operatingExpenses": 155472000, "costAndExpenses": 155472000, "interestIncome": 0, "interestExpense": 0, "depreciationAndAmortization": 60764000, "ebitda": 261846000, "ebitdaratio": 0.7343796452, "operatingIncome": 201082000, "operatingIncomeRatio": 0.5639594564, "totalOtherIncomeExpensesNet": 0, "incomeBeforeTax": 0, "incomeBeforeTaxRatio": 0, "incomeTaxExpense": 56566000, "netIncome": 144516000, "netIncomeRatio": 0.4053130802, "eps": 4.84, "epsdiluted": 4.84, "weightedAverageShsOut": 29966750, "weightedAverageShsOutDil": 29966750, "link": "https://www.sec.gov/Archives/edgar/data/803649/000090873799000110/0000908737-99-000110-index.html", "finalLink": "https://www.sec.gov/Archives/edgar/data/803649/", "calculatedOtherExpenses": 138300000, "calculatedOperatingExpenses": 155472000, "calculatedNetInterest": 0, "calculatedOtherIncome": -201082000, "calculatedIncomeNonControlling": -201082000, "calculatedEbitda": 261846000}, {"date": "1997-12-31", "symbol": "EQC", "reportedCurrency": "USD", "cik": "0000803649", "fillingDate": "1998-03-12", "acceptedDate": "1998-03-12 00:00:00", "calendarYear": "1997", "period": "FY", "revenue": 208863000, "costOfRevenue": 0, "grossProfit": 208863000, "grossProfitRatio": 1, "researchAndDevelopmentExpenses": 0, "generalAndAdministrativeExpenses": 11670000, "sellingAndMarketingExpenses": 0, "sellingGeneralAndAdministrativeExpenses": 11670000, "otherExpenses": 66095000, "operatingExpenses": 77765000, "costAndExpenses": 77765000, "interestIncome": 0, "interestExpense": 0, "depreciationAndAmortization": 39330000, "ebitda": 170428000, "ebitdaratio": 0.8159798528, "operatingIncome": 131098000, "operatingIncomeRatio": 0.6276746001, "totalOtherIncomeExpensesNet": 0, "incomeBeforeTax": 0, "incomeBeforeTaxRatio": 0, "incomeTaxExpense": 17098000, "netIncome": 114000000, "netIncomeRatio": 0.5458123267, "eps": 4.96, "epsdiluted": 4.96, "weightedAverageShsOut": 23042000, "weightedAverageShsOutDil": 23042000, "link": "https://www.sec.gov/Archives/edgar/data/803649/000090873798000279/0000908737-98-000279-index.html", "finalLink": "https://www.sec.gov/Archives/edgar/data/803649/", "calculatedOtherExpenses": 66095000, "calculatedOperatingExpenses": 77765000, "calculatedNetInterest": 0, "calculatedOtherIncome": -131098000, "calculatedIncomeNonControlling": -131098000, "calculatedEbitda": 170428000}, {"date": "1996-12-31", "symbol": "EQC", "reportedCurrency": "USD", "cik": "0000803649", "fillingDate": "1997-03-31", "acceptedDate": "1997-03-31 00:00:00", "calendarYear": "1996", "period": "FY", "revenue": 120183000, "costOfRevenue": 0, "grossProfit": 120183000, "grossProfitRatio": 1, "researchAndDevelopmentExpenses": 0, "generalAndAdministrativeExpenses": 7055000, "sellingAndMarketingExpenses": 0, "sellingGeneralAndAdministrativeExpenses": 7055000, "otherExpenses": 25882000, "operatingExpenses": 32937000, "costAndExpenses": 32937000, "interestIncome": 0, "interestExpense": 0, "depreciationAndAmortization": 22106000, "ebitda": 109352000, "ebitdaratio": 0.909879101, "operatingIncome": 87246000, "operatingIncomeRatio": 0.725942937, "totalOtherIncomeExpensesNet": 0, "incomeBeforeTax": 0, "incomeBeforeTaxRatio": 0, "incomeTaxExpense": 13992000, "netIncome": 73254000, "netIncomeRatio": 0.6095204813, "eps": 4.44, "epsdiluted": 4.44, "weightedAverageShsOut": 16563750, "weightedAverageShsOutDil": 16563750, "link": "https://www.sec.gov/Archives/edgar/data/803649/000090873797000124/0000908737-97-000124-index.html", "finalLink": "https://www.sec.gov/Archives/edgar/data/803649/", "calculatedOtherExpenses": 25882000, "calculatedOperatingExpenses": 32937000, "calculatedNetInterest": 0, "calculatedOtherIncome": -87246000, "calculatedIncomeNonControlling": -87246000, "calculatedEbitda": 109352000}, {"date": "1995-12-31", "symbol": "EQC", "reportedCurrency": "USD", "cik": "0000803649", "fillingDate": "1996-03-29", "acceptedDate": "1996-03-29 00:00:00", "calendarYear": "1995", "period": "FY", "revenue": 112678000, "costOfRevenue": 0, "grossProfit": 112678000, "grossProfitRatio": 1, "researchAndDevelopmentExpenses": 0, "generalAndAdministrativeExpenses": 6914000, "sellingAndMarketingExpenses": 0, "sellingGeneralAndAdministrativeExpenses": 6914000, "otherExpenses": 22849000, "operatingExpenses": 29763000, "costAndExpenses": 29763000, "interestIncome": 0, "interestExpense": 0, "depreciationAndAmortization": 22849000, "ebitda": 103288000, "ebitdaratio": 0.9166651875, "operatingIncome": 82915000, "operatingIncomeRatio": 0.7358579315, "totalOtherIncomeExpensesNet": 2476000, "incomeBeforeTax": 85391000, "incomeBeforeTaxRatio": 0.7578320524, "incomeTaxExpense": 18679000, "netIncome": 64236000, "netIncomeRatio": 0.570084666, "eps": 5.4, "epsdiluted": 5.4, "weightedAverageShsOut": 11888889, "weightedAverageShsOutDil": 11888889, "link": "https://www.sec.gov/Archives/edgar/data/803649/000090873796000067/0000908737-96-000067-index.html", "finalLink": "https://www.sec.gov/Archives/edgar/data/803649/", "calculatedOtherExpenses": 22849000, "calculatedOperatingExpenses": 29763000, "calculatedNetInterest": 0, "calculatedOtherIncome": 2476000, "calculatedIncomeNonControlling": 2476000, "calculatedEbitda": 105764000}, {"date": "1994-12-31", "symbol": "EQC", "reportedCurrency": "USD", "cik": "0000803649", "fillingDate": "1995-03-31", "acceptedDate": "1995-03-31 00:00:00", "calendarYear": "1994", "period": "FY", "revenue": 86683000, "costOfRevenue": 0, "grossProfit": 86683000, "grossProfitRatio": 1, "researchAndDevelopmentExpenses": 0, "generalAndAdministrativeExpenses": 5116000, "sellingAndMarketingExpenses": 0, "sellingGeneralAndAdministrativeExpenses": 5116000, "otherExpenses": 14724000, "operatingExpenses": 19840000, "costAndExpenses": 19840000, "interestIncome": 0, "interestExpense": 0, "depreciationAndAmortization": 14724000, "ebitda": 77573000, "ebitdaratio": 0.8949044219, "operatingIncome": 66843000, "operatingIncomeRatio": 0.7711200581, "totalOtherIncomeExpensesNet": 3994000, "incomeBeforeTax": 70837000, "incomeBeforeTaxRatio": 0.81719599, "incomeTaxExpense": 16924000, "netIncome": 49919000, "netIncomeRatio": 0.5758799303, "eps": 3.8, "epsdiluted": 3.8, "weightedAverageShsOut": 13184500, "weightedAverageShsOutDil": 13184500, "link": "https://www.sec.gov/Archives/edgar/data/803649/000090873795000026/0000908737-95-000026-index.html", "finalLink": "https://www.sec.gov/Archives/edgar/data/803649/", "calculatedOtherExpenses": 14724000, "calculatedOperatingExpenses": 19840000, "calculatedNetInterest": 0, "calculatedOtherIncome": 3994000, "calculatedIncomeNonControlling": 3994000, "calculatedEbitda": 81567000}, {"date": "1993-12-31", "symbol": "EQC", "reportedCurrency": "USD", "cik": "0000803649", "fillingDate": "1994-03-23", "acceptedDate": "1994-03-23 00:00:00", "calendarYear": "1993", "period": "FY", "revenue": 56500000, "costOfRevenue": 0, "grossProfit": 56500000, "grossProfitRatio": 1, "researchAndDevelopmentExpenses": 0, "generalAndAdministrativeExpenses": 900000, "sellingAndMarketingExpenses": 0, "sellingGeneralAndAdministrativeExpenses": 900000, "otherExpenses": -12600000, "operatingExpenses": -11700000, "costAndExpenses": -11700000, "interestIncome": 0, "interestExpense": 0, "depreciationAndAmortization": 9100000, "ebitda": 77300000, "ebitdaratio": 1.3681415929, "operatingIncome": 68200000, "operatingIncomeRatio": 1.207079646, "totalOtherIncomeExpensesNet": 0, "incomeBeforeTax": 0, "incomeBeforeTaxRatio": 0, "incomeTaxExpense": 34800000, "netIncome": 33400000, "netIncomeRatio": 0.5911504425, "eps": 3.88, "epsdiluted": 3.88, "weightedAverageShsOut": 8608247, "weightedAverageShsOutDil": 8608247, "link": "https://www.sec.gov/Archives/edgar/data/803649/000090873794000007/0000908737-94-000007-index.html", "finalLink": "https://www.sec.gov/Archives/edgar/data/803649/", "calculatedOtherExpenses": -12600000, "calculatedOperatingExpenses": -11700000, "calculatedNetInterest": 0, "calculatedOtherIncome": -68200000, "calculatedIncomeNonControlling": -68200000, "calculatedEbitda": 77300000}, {"date": "1992-12-31", "symbol": "EQC", "reportedCurrency": "USD", "cik": "0000803649", "fillingDate": "1992-12-31", "acceptedDate": "1992-12-30 19:00:00", "calendarYear": "1992", "period": "FY", "revenue": 48700000, "costOfRevenue": 0, "grossProfit": 48700000, "grossProfitRatio": 1, "researchAndDevelopmentExpenses": 0, "generalAndAdministrativeExpenses": 700000, "sellingAndMarketingExpenses": 0, "sellingGeneralAndAdministrativeExpenses": 700000, "otherExpenses": -12000000, "operatingExpenses": -11300000, "costAndExpenses": -11300000, "interestIncome": 0, "interestExpense": 0, "depreciationAndAmortization": 9600000, "ebitda": 69600000, "ebitdaratio": 1.4291581109, "operatingIncome": 60000000, "operatingIncomeRatio": 1.2320328542, "totalOtherIncomeExpensesNet": 0, "incomeBeforeTax": 0, "incomeBeforeTaxRatio": 0, "incomeTaxExpense": 32800000, "netIncome": 27200000, "netIncomeRatio": 0.5585215606, "eps": 4.08, "epsdiluted": 4.08, "weightedAverageShsOut": 6666667, "weightedAverageShsOutDil": 6666667, "link": "", "finalLink": "", "calculatedOtherExpenses": -12000000, "calculatedOperatingExpenses": -11300000, "calculatedNetInterest": 0, "calculatedOtherIncome": -60000000, "calculatedIncomeNonControlling": -60000000, "calculatedEbitda": 69600000}, {"date": "1991-12-31", "symbol": "EQC", "reportedCurrency": "USD", "cik": "0000803649", "fillingDate": "1991-12-31", "acceptedDate": "1991-12-30 19:00:00", "calendarYear": "1991", "period": "FY", "revenue": 43800000, "costOfRevenue": 0, "grossProfit": 43800000, "grossProfitRatio": 1, "researchAndDevelopmentExpenses": 0, "generalAndAdministrativeExpenses": 700000, "sellingAndMarketingExpenses": 0, "sellingGeneralAndAdministrativeExpenses": 700000, "otherExpenses": -10000000, "operatingExpenses": -9300000, "costAndExpenses": -9300000, "interestIncome": 0, "interestExpense": 0, "depreciationAndAmortization": 7300000, "ebitda": 60400000, "ebitdaratio": 1.3789954338, "operatingIncome": 53100000, "operatingIncomeRatio": 1.2123287671, "totalOtherIncomeExpensesNet": 0, "incomeBeforeTax": 0, "incomeBeforeTaxRatio": 0, "incomeTaxExpense": 31000000, "netIncome": 22100000, "netIncomeRatio": 0.50456621, "eps": 4.04, "epsdiluted": 4.04, "weightedAverageShsOut": 5470297, "weightedAverageShsOutDil": 5470297, "link": "", "finalLink": "", "calculatedOtherExpenses": -10000000, "calculatedOperatingExpenses": -9300000, "calculatedNetInterest": 0, "calculatedOtherIncome": -53100000, "calculatedIncomeNonControlling": -53100000, "calculatedEbitda": 60400000}, {"date": "1990-12-31", "symbol": "EQC", "reportedCurrency": "USD", "cik": "0000803649", "fillingDate": "1990-12-31", "acceptedDate": "1990-12-30 19:00:00", "calendarYear": "1990", "period": "FY", "revenue": 32900000, "costOfRevenue": 0, "grossProfit": 32900000, "grossProfitRatio": 1, "researchAndDevelopmentExpenses": 0, "generalAndAdministrativeExpenses": 400000, "sellingAndMarketingExpenses": 0, "sellingGeneralAndAdministrativeExpenses": 400000, "otherExpenses": -9100000, "operatingExpenses": -8700000, "costAndExpenses": -8700000, "interestIncome": 0, "interestExpense": 0, "depreciationAndAmortization": 5100000, "ebitda": 46700000, "ebitdaratio": 1.4194528875, "operatingIncome": 41600000, "operatingIncomeRatio": 1.26443769, "totalOtherIncomeExpensesNet": 0, "incomeBeforeTax": 0, "incomeBeforeTaxRatio": 0, "incomeTaxExpense": 27300000, "netIncome": 14300000, "netIncomeRatio": 0.4346504559, "eps": 3.56, "epsdiluted": 3.56, "weightedAverageShsOut": 4016854, "weightedAverageShsOutDil": 4016854, "link": "", "finalLink": "", "calculatedOtherExpenses": -9100000, "calculatedOperatingExpenses": -8700000, "calculatedNetInterest": 0, "calculatedOtherIncome": -41600000, "calculatedIncomeNonControlling": -41600000, "calculatedEbitda": 46700000}, {"date": "1989-12-31", "symbol": "EQC", "reportedCurrency": "USD", "cik": "0000803649", "fillingDate": "1989-12-31", "acceptedDate": "1989-12-30 19:00:00", "calendarYear": "1989", "period": "FY", "revenue": 23200000, "costOfRevenue": 0, "grossProfit": 23200000, "grossProfitRatio": 1, "researchAndDevelopmentExpenses": 0, "generalAndAdministrativeExpenses": 400000, "sellingAndMarketingExpenses": 0, "sellingGeneralAndAdministrativeExpenses": 400000, "otherExpenses": -5700000, "operatingExpenses": -5300000, "costAndExpenses": -5300000, "interestIncome": 0, "interestExpense": 0, "depreciationAndAmortization": 4600000, "ebitda": 33100000, "ebitdaratio": 1.4267241379, "operatingIncome": 28500000, "operatingIncomeRatio": 1.2284482759, "totalOtherIncomeExpensesNet": 0, "incomeBeforeTax": 0, "incomeBeforeTaxRatio": 0, "incomeTaxExpense": 20600000, "netIncome": 7900000, "netIncomeRatio": 0.3405172414, "eps": 3.04, "epsdiluted": 3.04, "weightedAverageShsOut": 2500000, "weightedAverageShsOutDil": 2500000, "link": "", "finalLink": "", "calculatedOtherExpenses": -5700000, "calculatedOperatingExpenses": -5300000, "calculatedNetInterest": 0, "calculatedOtherIncome": -28500000, "calculatedIncomeNonControlling": -28500000, "calculatedEbitda": 33100000}, {"date": "1988-12-31", "symbol": "EQC", "reportedCurrency": "USD", "cik": "0000803649", "fillingDate": "1988-12-31", "acceptedDate": "1988-12-30 19:00:00", "calendarYear": "1988", "period": "FY", "revenue": 18900000, "costOfRevenue": 0, "grossProfit": 18900000, "grossProfitRatio": 1, "researchAndDevelopmentExpenses": 0, "generalAndAdministrativeExpenses": 0, "sellingAndMarketingExpenses": 0, "sellingGeneralAndAdministrativeExpenses": 0, "otherExpenses": -4700000, "operatingExpenses": -4700000, "costAndExpenses": -4700000, "interestIncome": 0, "interestExpense": 0, "depreciationAndAmortization": 0, "ebitda": 23600000, "ebitdaratio": 1.2486772487, "operatingIncome": 23600000, "operatingIncomeRatio": 1.2486772487, "totalOtherIncomeExpensesNet": 0, "incomeBeforeTax": 0, "incomeBeforeTaxRatio": 0, "incomeTaxExpense": -7700000, "netIncome": 7700000, "netIncomeRatio": 0.4074074074, "eps": 3.08, "epsdiluted": 3.08, "weightedAverageShsOut": 2500000, "weightedAverageShsOutDil": 2500000, "link": "", "finalLink": "", "calculatedOtherExpenses": -4700000, "calculatedOperatingExpenses": -4700000, "calculatedNetInterest": 0, "calculatedOtherIncome": -23600000, "calculatedIncomeNonControlling": 0, "calculatedEbitda": 23600000}, {"date": "1987-12-31", "symbol": "EQC", "reportedCurrency": "USD", "cik": "0000803649", "fillingDate": "1987-12-31", "acceptedDate": "1987-12-30 19:00:00", "calendarYear": "1987", "period": "FY", "revenue": 10800000, "costOfRevenue": 0, "grossProfit": 10800000, "grossProfitRatio": 1, "researchAndDevelopmentExpenses": 0, "generalAndAdministrativeExpenses": 0, "sellingAndMarketingExpenses": 0, "sellingGeneralAndAdministrativeExpenses": 0, "otherExpenses": -2500000, "operatingExpenses": -2500000, "costAndExpenses": -2500000, "interestIncome": 0, "interestExpense": 0, "depreciationAndAmortization": 0, "ebitda": 13300000, "ebitdaratio": 1.2314814815, "operatingIncome": 13300000, "operatingIncomeRatio": 1.2314814815, "totalOtherIncomeExpensesNet": 0, "incomeBeforeTax": 0, "incomeBeforeTaxRatio": 0, "incomeTaxExpense": -6100000, "netIncome": 6100000, "netIncomeRatio": 0.5648148148, "eps": 3.4, "epsdiluted": 3.4, "weightedAverageShsOut": 1794118, "weightedAverageShsOutDil": 1794118, "link": "", "finalLink": "", "calculatedOtherExpenses": -2500000, "calculatedOperatingExpenses": -2500000, "calculatedNetInterest": 0, "calculatedOtherIncome": -13300000, "calculatedIncomeNonControlling": 0, "calculatedEbitda": 13300000}, {"date": "1986-12-31", "symbol": "EQC", "reportedCurrency": "USD", "cik": "0000803649", "fillingDate": "1986-12-31", "acceptedDate": "1986-12-30 19:00:00", "calendarYear": "1986", "period": "FY", "revenue": 200000, "costOfRevenue": 0, "grossProfit": 200000, "grossProfitRatio": 1, "researchAndDevelopmentExpenses": 0, "generalAndAdministrativeExpenses": 0, "sellingAndMarketingExpenses": 0, "sellingGeneralAndAdministrativeExpenses": 0, "otherExpenses": 0, "operatingExpenses": 0, "costAndExpenses": 0, "interestIncome": 0, "interestExpense": 0, "depreciationAndAmortization": 0, "ebitda": 200000, "ebitdaratio": 1, "operatingIncome": 200000, "operatingIncomeRatio": 1, "totalOtherIncomeExpensesNet": 0, "incomeBeforeTax": 0, "incomeBeforeTaxRatio": 0, "incomeTaxExpense": -200000, "netIncome": 200000, "netIncomeRatio": 1, "eps": 0.12, "epsdiluted": 0.12, "weightedAverageShsOut": 1666667, "weightedAverageShsOutDil": 1666667, "link": "", "finalLink": "", "calculatedOtherExpenses": 0, "calculatedOperatingExpenses": 0, "calculatedNetInterest": 0, "calculatedOtherIncome": -200000, "calculatedIncomeNonControlling": 0, "calculatedEbitda": 200000}]}