{"originalCurrency": "USD", "convertedCurrency": "USD", "report": [{"date": "2023-12-31", "symbol": "EQH", "reportedCurrency": "USD", "cik": "0001333986", "fillingDate": "2024-02-26", "acceptedDate": "2024-02-26 16:19:21", "calendarYear": "2023", "period": "FY", "revenue": 12335000000, "costOfRevenue": 7664000000, "grossProfit": 4671000000, "grossProfitRatio": 0.378678557, "researchAndDevelopmentExpenses": 0, "generalAndAdministrativeExpenses": 2328000000, "sellingAndMarketingExpenses": 0, "sellingGeneralAndAdministrativeExpenses": 2328000000, "otherExpenses": -6457000000, "operatingExpenses": 6457000000, "costAndExpenses": -11369000000, "interestIncome": 228000000, "interestExpense": 228000000, "depreciationAndAmortization": 812000000, "ebitda": 1733999808, "ebitdaratio": 0.1405755823, "operatingIncome": 966000000, "operatingIncomeRatio": 0.0783137414, "totalOtherIncomeExpensesNet": 738000000, "incomeBeforeTax": 738000000, "incomeBeforeTaxRatio": 0.0598297527, "incomeTaxExpense": -905000000, "netIncome": 1302000000, "netIncomeRatio": 0.1055533036, "eps": 3.49, "epsdiluted": 3.48, "weightedAverageShsOut": 350100000, "weightedAverageShsOutDil": 351600000, "link": "https://www.sec.gov/Archives/edgar/data/1333986/000133398624000009/0001333986-24-000009-index.htm", "finalLink": "https://www.sec.gov/Archives/edgar/data/1333986/000133398624000009/eqh-20231231.htm", "calculatedOtherExpenses": 1377000000, "calculatedOperatingExpenses": 3705000000, "calculatedNetInterest": 0, "calculatedOtherIncome": -228000000, "calculatedIncomeNonControlling": 341000000, "calculatedEbitda": 1778000000}, {"date": "2022-12-31", "symbol": "EQH", "reportedCurrency": "USD", "cik": "0001333986", "fillingDate": "2023-02-21", "acceptedDate": "2023-02-21 11:23:25", "calendarYear": "2022", "period": "FY", "revenue": 12644000000, "costOfRevenue": 2199000000, "grossProfit": 10445000000, "grossProfitRatio": 0.8260835179, "researchAndDevelopmentExpenses": 0, "generalAndAdministrativeExpenses": 2201000000, "sellingAndMarketingExpenses": 0, "sellingGeneralAndAdministrativeExpenses": 2201000000, "otherExpenses": -10161000000, "operatingExpenses": -7960000000, "costAndExpenses": 9652000000, "interestIncome": 693000000, "interestExpense": 201000000, "depreciationAndAmortization": 814000000, "ebitda": 3299000000, "ebitdaratio": 0.2609142676, "operatingIncome": 2485000000, "operatingIncomeRatio": 0.1965359064, "totalOtherIncomeExpensesNet": 507000000, "incomeBeforeTax": 2992000000, "incomeBeforeTaxRatio": 0.2366339766, "incomeTaxExpense": 598000000, "netIncome": 2153000000, "netIncomeRatio": 0.1702783929, "eps": 5.49, "epsdiluted": 5.46, "weightedAverageShsOut": 377600000, "weightedAverageShsOutDil": 379900000, "link": "https://www.sec.gov/Archives/edgar/data/1333986/000133398623000004/0001333986-23-000004-index.htm", "finalLink": "https://www.sec.gov/Archives/edgar/data/1333986/000133398623000004/eqh-20221231.htm", "calculatedOtherExpenses": 5759000000, "calculatedOperatingExpenses": 7960000000, "calculatedNetInterest": 492000000, "calculatedOtherIncome": 15000000, "calculatedIncomeNonControlling": 241000000, "calculatedEbitda": 3299000000}, {"date": "2021-12-31", "symbol": "EQH", "reportedCurrency": "USD", "cik": "0001333986", "fillingDate": "2022-02-22", "acceptedDate": "2022-02-22 16:03:16", "calendarYear": "2021", "period": "FY", "revenue": 11036000000, "costOfRevenue": 4469000000, "grossProfit": 6567000000, "grossProfitRatio": 0.5950525553, "researchAndDevelopmentExpenses": 0, "generalAndAdministrativeExpenses": 2360000000, "sellingAndMarketingExpenses": 0, "sellingGeneralAndAdministrativeExpenses": 2360000000, "otherExpenses": -14775000000, "operatingExpenses": -12415000000, "costAndExpenses": 11205000000, "interestIncome": 2561000000, "interestExpense": 244000000, "depreciationAndAmortization": 497000000, "ebitda": -882000000, "ebitdaratio": -0.079920261, "operatingIncome": -1379000000, "operatingIncomeRatio": -0.1249546937, "totalOtherIncomeExpensesNet": 1210000000, "incomeBeforeTax": -169000000, "incomeBeforeTaxRatio": -0.0153135194, "incomeTaxExpense": -145000000, "netIncome": -24000000, "netIncomeRatio": -0.002174701, "eps": -0.0575, "epsdiluted": -0.0575, "weightedAverageShsOut": 417400000, "weightedAverageShsOutDil": 417400000, "link": "https://www.sec.gov/Archives/edgar/data/1333986/000133398622000006/0001333986-22-000006-index.htm", "finalLink": "https://www.sec.gov/Archives/edgar/data/1333986/000133398622000006/eqh-20211231.htm", "calculatedOtherExpenses": 5586000000, "calculatedOperatingExpenses": 7946000000, "calculatedNetInterest": 2317000000, "calculatedOtherIncome": -1107000000, "calculatedIncomeNonControlling": 0, "calculatedEbitda": -882000000}, {"date": "2020-12-31", "symbol": "EQH", "reportedCurrency": "USD", "cik": "0001333986", "fillingDate": "2021-02-24", "acceptedDate": "2021-02-24 08:21:37", "calendarYear": "2020", "period": "FY", "revenue": 12415000000, "costOfRevenue": 3796000000, "grossProfit": 8619000000, "grossProfitRatio": 0.6942408377, "researchAndDevelopmentExpenses": 0, "generalAndAdministrativeExpenses": 2096000000, "sellingAndMarketingExpenses": 0, "sellingGeneralAndAdministrativeExpenses": 2096000000, "otherExpenses": -16479000000, "operatingExpenses": -14383000000, "costAndExpenses": 13508000000, "interestIncome": 2632000000, "interestExpense": 200000000, "depreciationAndAmortization": 1757000000, "ebitda": -211000000, "ebitdaratio": -0.0169955699, "operatingIncome": -1968000000, "operatingIncomeRatio": -0.1585179219, "totalOtherIncomeExpensesNet": 875000000, "incomeBeforeTax": -1093000000, "incomeBeforeTaxRatio": -0.0880386629, "incomeTaxExpense": -744000000, "netIncome": -349000000, "netIncomeRatio": -0.0281111559, "eps": -0.77, "epsdiluted": -0.77, "weightedAverageShsOut": 450400000, "weightedAverageShsOutDil": 450400000, "link": "https://www.sec.gov/Archives/edgar/data/1333986/000133398621000011/0001333986-21-000011-index.htm", "finalLink": "https://www.sec.gov/Archives/edgar/data/1333986/000133398621000011/eqh-20201231.htm", "calculatedOtherExpenses": 8491000000, "calculatedOperatingExpenses": 10587000000, "calculatedNetInterest": 2432000000, "calculatedOtherIncome": -1557000000, "calculatedIncomeNonControlling": 0, "calculatedEbitda": -211000000}, {"date": "2019-12-31", "symbol": "EQH", "reportedCurrency": "USD", "cik": "0001333986", "fillingDate": "2020-02-27", "acceptedDate": "2020-02-27 08:59:06", "calendarYear": "2019", "period": "FY", "revenue": 9591000000, "costOfRevenue": 3973000000, "grossProfit": 5618000000, "grossProfitRatio": 0.585757481, "researchAndDevelopmentExpenses": 0, "generalAndAdministrativeExpenses": 2081000000, "sellingAndMarketingExpenses": 0, "sellingGeneralAndAdministrativeExpenses": 2081000000, "otherExpenses": -14558000000, "operatingExpenses": -12477000000, "costAndExpenses": 11626000000, "interestIncome": 1812000000, "interestExpense": 221000000, "depreciationAndAmortization": 657000000, "ebitda": -2229000000, "ebitdaratio": -0.23240538, "operatingIncome": -2886000000, "operatingIncomeRatio": -0.3009071004, "totalOtherIncomeExpensesNet": 851000000, "incomeBeforeTax": -2035000000, "incomeBeforeTaxRatio": -0.2121780836, "incomeTaxExpense": -599000000, "netIncome": -1436000000, "netIncomeRatio": -0.1497236993, "eps": -2.91, "epsdiluted": -2.91, "weightedAverageShsOut": 493600000, "weightedAverageShsOutDil": 493600000, "link": "https://www.sec.gov/Archives/edgar/data/1333986/000133398620000015/0001333986-20-000015-index.htm", "finalLink": "https://www.sec.gov/Archives/edgar/data/1333986/000133398620000015/eqh201910-k.htm", "calculatedOtherExpenses": 6423000000, "calculatedOperatingExpenses": 8504000000, "calculatedNetInterest": 1591000000, "calculatedOtherIncome": -740000000, "calculatedIncomeNonControlling": 0, "calculatedEbitda": -2229000000}, {"date": "2018-12-31", "symbol": "EQH", "reportedCurrency": "USD", "cik": "0001333986", "fillingDate": "2019-03-08", "acceptedDate": "2019-03-08 14:16:54", "calendarYear": "2018", "period": "FY", "revenue": 12078000000, "costOfRevenue": 3888000000, "grossProfit": 8190000000, "grossProfitRatio": 0.6780923994, "researchAndDevelopmentExpenses": 0, "generalAndAdministrativeExpenses": 2079000000, "sellingAndMarketingExpenses": 0, "sellingGeneralAndAdministrativeExpenses": 2079000000, "otherExpenses": -11799000000, "operatingExpenses": -9720000000, "costAndExpenses": 9617000000, "interestIncome": 0, "interestExpense": 231000000, "depreciationAndAmortization": 257000000, "ebitda": 2615000000, "ebitdaratio": 0.2165093559, "operatingIncome": 2358000000, "operatingIncomeRatio": 0.1952309985, "totalOtherIncomeExpensesNet": 516000000, "incomeBeforeTax": 2461000000, "incomeBeforeTaxRatio": 0.2037589005, "incomeTaxExpense": 307000000, "netIncome": 1820000000, "netIncomeRatio": 0.1506871999, "eps": 3.27, "epsdiluted": 3.27, "weightedAverageShsOut": 556400000, "weightedAverageShsOutDil": 556500000, "link": "https://www.sec.gov/Archives/edgar/data/1333986/000133398619000010/0001333986-19-000010-index.htm", "finalLink": "https://www.sec.gov/Archives/edgar/data/1333986/000133398619000010/eqhs-1and10xk.htm", "calculatedOtherExpenses": 3753000000, "calculatedOperatingExpenses": 5832000000, "calculatedNetInterest": -231000000, "calculatedOtherIncome": 334000000, "calculatedIncomeNonControlling": 334000000, "calculatedEbitda": 2615000000}, {"date": "2017-12-31", "symbol": "EQH", "reportedCurrency": "USD", "cik": "0001333986", "fillingDate": "2017-12-31", "acceptedDate": "2017-12-30 19:00:00", "calendarYear": "2017", "period": "FY", "revenue": 12514000000, "costOfRevenue": 0, "grossProfit": 12514000000, "grossProfitRatio": 1, "researchAndDevelopmentExpenses": 0, "generalAndAdministrativeExpenses": 2137000000, "sellingAndMarketingExpenses": 0, "sellingGeneralAndAdministrativeExpenses": 2137000000, "otherExpenses": -13600000000, "operatingExpenses": -11463000000, "costAndExpenses": 11200000000, "interestIncome": 0, "interestExpense": 160000000, "depreciationAndAmortization": -104000000, "ebitda": 947000000, "ebitdaratio": 0.0756752437, "operatingIncome": 1051000000, "operatingIncomeRatio": 0.0839859358, "totalOtherIncomeExpensesNet": 445000000, "incomeBeforeTax": 1314000000, "incomeBeforeTaxRatio": 0.1050023973, "incomeTaxExpense": 41000000, "netIncome": 850000000, "netIncomeRatio": 0.0679239252, "eps": 1.49, "epsdiluted": 1.49, "weightedAverageShsOut": 561000000, "weightedAverageShsOutDil": 561000000, "link": "", "finalLink": "", "calculatedOtherExpenses": 9326000000, "calculatedOperatingExpenses": 11463000000, "calculatedNetInterest": -160000000, "calculatedOtherIncome": 423000000, "calculatedIncomeNonControlling": 423000000, "calculatedEbitda": 947000000}, {"date": "2016-12-31", "symbol": "EQH", "reportedCurrency": "USD", "cik": "0001333986", "fillingDate": "2016-12-31", "acceptedDate": "2016-12-30 19:00:00", "calendarYear": "2016", "period": "FY", "revenue": 11901000000, "costOfRevenue": 0, "grossProfit": 11901000000, "grossProfitRatio": 1, "researchAndDevelopmentExpenses": 0, "generalAndAdministrativeExpenses": 2119000000, "sellingAndMarketingExpenses": 0, "sellingGeneralAndAdministrativeExpenses": 2119000000, "otherExpenses": -12295000000, "operatingExpenses": -10176000000, "costAndExpenses": 9977000000, "interestIncome": 0, "interestExpense": 174000000, "depreciationAndAmortization": 131000000, "ebitda": 1856000000, "ebitdaratio": 0.1559532812, "operatingIncome": 1725000000, "operatingIncomeRatio": 0.1449458029, "totalOtherIncomeExpensesNet": 402000000, "incomeBeforeTax": 1924000000, "incomeBeforeTaxRatio": 0.1616670868, "incomeTaxExpense": 354000000, "netIncome": 1197000000, "netIncomeRatio": 0.1005797832, "eps": 2.24, "epsdiluted": 2.24, "weightedAverageShsOut": 561000000, "weightedAverageShsOutDil": 561000000, "link": "", "finalLink": "", "calculatedOtherExpenses": 8057000000, "calculatedOperatingExpenses": 10176000000, "calculatedNetInterest": -174000000, "calculatedOtherIncome": 373000000, "calculatedIncomeNonControlling": 373000000, "calculatedEbitda": 1856000000}, {"date": "2015-12-31", "symbol": "EQH", "reportedCurrency": "USD", "cik": "0001333986", "fillingDate": "2015-12-31", "acceptedDate": "2015-12-30 19:00:00", "calendarYear": "2015", "period": "FY", "revenue": 10079000000, "costOfRevenue": 0, "grossProfit": 10079000000, "grossProfitRatio": 1, "researchAndDevelopmentExpenses": 0, "generalAndAdministrativeExpenses": 2165000000, "sellingAndMarketingExpenses": 0, "sellingGeneralAndAdministrativeExpenses": 2165000000, "otherExpenses": -11992000000, "operatingExpenses": -9827000000, "costAndExpenses": 9638000000, "interestIncome": 0, "interestExpense": 136000000, "depreciationAndAmortization": 9000000, "ebitda": 261000000, "ebitdaratio": 0.0258954261, "operatingIncome": 252000000, "operatingIncomeRatio": 0.0250024804, "totalOtherIncomeExpensesNet": 419000000, "incomeBeforeTax": 441000000, "incomeBeforeTaxRatio": 0.0437543407, "incomeTaxExpense": -217000000, "netIncome": 333000000, "netIncomeRatio": 0.033038992, "eps": 0.59, "epsdiluted": 0.59, "weightedAverageShsOut": 561000000, "weightedAverageShsOutDil": 561000000, "link": "", "finalLink": "", "calculatedOtherExpenses": 7662000000, "calculatedOperatingExpenses": 9827000000, "calculatedNetInterest": -136000000, "calculatedOtherIncome": 325000000, "calculatedIncomeNonControlling": 325000000, "calculatedEbitda": 261000000}, {"date": "2014-12-31", "symbol": "EQH", "reportedCurrency": "USD", "cik": "0001333986", "fillingDate": "2014-12-31", "acceptedDate": "2014-12-30 19:00:00", "calendarYear": "2014", "period": "FY", "revenue": 13063000000, "costOfRevenue": 0, "grossProfit": 13063000000, "grossProfitRatio": 1, "researchAndDevelopmentExpenses": 0, "generalAndAdministrativeExpenses": 2109000000, "sellingAndMarketingExpenses": 0, "sellingGeneralAndAdministrativeExpenses": 2109000000, "otherExpenses": -12676000000, "operatingExpenses": -10567000000, "costAndExpenses": 10636000000, "interestIncome": 0, "interestExpense": 389000000, "depreciationAndAmortization": 353000000, "ebitda": 2849000000, "ebitdaratio": 0.218096915, "operatingIncome": 2496000000, "operatingIncomeRatio": 0.1910740259, "totalOtherIncomeExpensesNet": 420000000, "incomeBeforeTax": 2427000000, "incomeBeforeTaxRatio": 0.1857919314, "incomeTaxExpense": 477000000, "netIncome": 1630000000, "netIncomeRatio": 0.1247799127, "eps": 2.91, "epsdiluted": 2.91, "weightedAverageShsOut": 560904025, "weightedAverageShsOutDil": 561000000, "link": "", "finalLink": "", "calculatedOtherExpenses": 8458000000, "calculatedOperatingExpenses": 10567000000, "calculatedNetInterest": -389000000, "calculatedOtherIncome": 320000000, "calculatedIncomeNonControlling": 320000000, "calculatedEbitda": 2849000000}]}