{"originalCurrency": "USD", "convertedCurrency": "USD", "report": [{"date": "2023-12-31", "symbol": "EQIX", "reportedCurrency": "USD", "cik": "0001101239", "fillingDate": "2024-02-16", "acceptedDate": "2024-02-16 16:17:08", "calendarYear": "2023", "period": "FY", "revenue": 8188136000, "costOfRevenue": 4712697000, "grossProfit": 3475439000, "grossProfitRatio": 0.4244481284, "researchAndDevelopmentExpenses": 0, "generalAndAdministrativeExpenses": 1654042000, "sellingAndMarketingExpenses": 855796000, "sellingGeneralAndAdministrativeExpenses": 2509838000, "otherExpenses": -1997601000, "operatingExpenses": 1997601000, "costAndExpenses": 8019911000, "interestIncome": 94227000, "interestExpense": 476565000, "depreciationAndAmortization": 1843665000, "ebitda": 3321503000, "ebitdaratio": 0.4056482452, "operatingIncome": 1477838000, "operatingIncomeRatio": 0.1804852777, "totalOtherIncomeExpensesNet": -353608000, "incomeBeforeTax": 1124230000, "incomeBeforeTaxRatio": 0.137299869, "incomeTaxExpense": 155250000, "netIncome": 969178000, "netIncomeRatio": 0.1183636911, "eps": 10.35, "epsdiluted": 10.31, "weightedAverageShsOut": 93615000, "weightedAverageShsOutDil": 94009000, "link": "https://www.sec.gov/Archives/edgar/data/1101239/000162828024005350/0001628280-24-005350-index.htm", "finalLink": "https://www.sec.gov/Archives/edgar/data/1101239/000162828024005350/eqix-20231231.htm", "calculatedOtherExpenses": -512237000, "calculatedOperatingExpenses": 1997601000, "calculatedNetInterest": -382338000, "calculatedOtherIncome": 28730000, "calculatedIncomeNonControlling": -198000, "calculatedEbitda": 3321503000}, {"date": "2022-12-31", "symbol": "EQIX", "reportedCurrency": "USD", "cik": "0001101239", "fillingDate": "2023-02-17", "acceptedDate": "2023-02-17 16:26:58", "calendarYear": "2022", "period": "FY", "revenue": 7263105000, "costOfRevenue": 3751501000, "grossProfit": 3511604000, "grossProfitRatio": 0.4834852312, "researchAndDevelopmentExpenses": 0, "generalAndAdministrativeExpenses": 1498701000, "sellingAndMarketingExpenses": 786560000, "sellingGeneralAndAdministrativeExpenses": 2285261000, "otherExpenses": -51417000, "operatingExpenses": 2285261000, "costAndExpenses": 6036762000, "interestIncome": 36268000, "interestExpense": 356337000, "depreciationAndAmortization": 1750040000, "ebitda": 2950568000, "ebitdaratio": 0.4062405817, "operatingIncome": 1200528000, "operatingIncomeRatio": 0.1652912907, "totalOtherIncomeExpensesNet": -371159000, "incomeBeforeTax": 829369000, "incomeBeforeTaxRatio": 0.1141893171, "incomeTaxExpense": 124792000, "netIncome": 704345000, "netIncomeRatio": 0.0969757425, "eps": 7.69, "epsdiluted": 7.67, "weightedAverageShsOut": 91569000, "weightedAverageShsOutDil": 91828000, "link": "https://www.sec.gov/Archives/edgar/data/1101239/000162828023004039/0001628280-23-004039-index.htm", "finalLink": "https://www.sec.gov/Archives/edgar/data/1101239/000162828023004039/eqix-20221231.htm", "calculatedOtherExpenses": 25815000, "calculatedOperatingExpenses": 2311076000, "calculatedNetInterest": -320069000, "calculatedOtherIncome": -51090000, "calculatedIncomeNonControlling": 232000, "calculatedEbitda": 2950568000}, {"date": "2021-12-31", "symbol": "EQIX", "reportedCurrency": "USD", "cik": "0001101239", "fillingDate": "2022-02-18", "acceptedDate": "2022-02-18 15:39:40", "calendarYear": "2021", "period": "FY", "revenue": 6635537000, "costOfRevenue": 3472422000, "grossProfit": 3163115000, "grossProfitRatio": 0.4766931448, "researchAndDevelopmentExpenses": 0, "generalAndAdministrativeExpenses": 1301797000, "sellingAndMarketingExpenses": 741232000, "sellingGeneralAndAdministrativeExpenses": 2043029000, "otherExpenses": -50647000, "operatingExpenses": 2043029000, "costAndExpenses": 5515451000, "interestIncome": 2644000, "interestExpense": 336082000, "depreciationAndAmortization": 1624445000, "ebitda": 2732607000, "ebitdaratio": 0.4118139949, "operatingIncome": 1108162000, "operatingIncomeRatio": 0.1670041174, "totalOtherIncomeExpensesNet": -499210000, "incomeBeforeTax": 608952000, "incomeBeforeTaxRatio": 0.0917713216, "incomeTaxExpense": 109224000, "netIncome": 500191000, "netIncomeRatio": 0.0753806361, "eps": 5.57, "epsdiluted": 5.53, "weightedAverageShsOut": 89772000, "weightedAverageShsOutDil": 90409000, "link": "https://www.sec.gov/Archives/edgar/data/1101239/000162828022003171/0001628280-22-003171-index.htm", "finalLink": "https://www.sec.gov/Archives/edgar/data/1101239/000162828022003171/eqix-20211231.htm", "calculatedOtherExpenses": 11924000, "calculatedOperatingExpenses": 2054953000, "calculatedNetInterest": -333438000, "calculatedOtherIncome": -165772000, "calculatedIncomeNonControlling": -463000, "calculatedEbitda": 2732607000}, {"date": "2020-12-31", "symbol": "EQIX", "reportedCurrency": "USD", "cik": "0001101239", "fillingDate": "2021-02-19", "acceptedDate": "2021-02-19 16:20:22", "calendarYear": "2020", "period": "FY", "revenue": 5998545000, "costOfRevenue": 3074340000, "grossProfit": 2924205000, "grossProfitRatio": 0.4874857153, "researchAndDevelopmentExpenses": 0, "generalAndAdministrativeExpenses": 1090981000, "sellingAndMarketingExpenses": 718356000, "sellingGeneralAndAdministrativeExpenses": 1809337000, "otherExpenses": 6913000, "operatingExpenses": 1809337000, "costAndExpenses": 4883677000, "interestIncome": 8654000, "interestExpense": 406466000, "depreciationAndAmortization": 1504517000, "ebitda": 2557445000, "ebitdaratio": 0.4263442218, "operatingIncome": 1052928000, "operatingIncomeRatio": 0.1755305662, "totalOtherIncomeExpensesNet": -536703000, "incomeBeforeTax": 516225000, "incomeBeforeTaxRatio": 0.0860583692, "incomeTaxExpense": 146151000, "netIncome": 369777000, "netIncomeRatio": 0.0616444488, "eps": 4.22, "epsdiluted": 4.18, "weightedAverageShsOut": 87700000, "weightedAverageShsOutDil": 88410000, "link": "https://www.sec.gov/Archives/edgar/data/1101239/000162828021002563/0001628280-21-002563-index.htm", "finalLink": "https://www.sec.gov/Archives/edgar/data/1101239/000162828021002563/eqix-20201231.htm", "calculatedOtherExpenses": 61940000, "calculatedOperatingExpenses": 1871277000, "calculatedNetInterest": -397812000, "calculatedOtherIncome": -138891000, "calculatedIncomeNonControlling": 297000, "calculatedEbitda": 2557445000}, {"date": "2019-12-31", "symbol": "EQIX", "reportedCurrency": "USD", "cik": "0001101239", "fillingDate": "2020-02-21", "acceptedDate": "2020-02-21 14:57:43", "calendarYear": "2019", "period": "FY", "revenue": 5562140000, "costOfRevenue": 2810184000, "grossProfit": 2751956000, "grossProfitRatio": 0.4947656837, "researchAndDevelopmentExpenses": 0, "generalAndAdministrativeExpenses": 935018000, "sellingAndMarketingExpenses": 651046000, "sellingGeneralAndAdministrativeExpenses": 1586064000, "otherExpenses": 27778000, "operatingExpenses": 1586064000, "costAndExpenses": 4396248000, "interestIncome": 27697000, "interestExpense": 479684000, "depreciationAndAmortization": 1337032000, "ebitda": 2506663000, "ebitdaratio": 0.4506652116, "operatingIncome": 1169631000, "operatingIncomeRatio": 0.210284351, "totalOtherIncomeExpensesNet": -477034000, "incomeBeforeTax": 692597000, "incomeBeforeTaxRatio": 0.124519879, "incomeTaxExpense": 185352000, "netIncome": 507450000, "netIncomeRatio": 0.0912328708, "eps": 6.03, "epsdiluted": 5.99, "weightedAverageShsOut": 84140000, "weightedAverageShsOutDil": 84679000, "link": "https://www.sec.gov/Archives/edgar/data/1101239/000162828020001947/0001628280-20-001947-index.htm", "finalLink": "https://www.sec.gov/Archives/edgar/data/1101239/000162828020001947/eqix2019123110k.htm", "calculatedOtherExpenses": -3739000, "calculatedOperatingExpenses": 1582325000, "calculatedNetInterest": -451987000, "calculatedOtherIncome": -25047000, "calculatedIncomeNonControlling": -205000, "calculatedEbitda": 2506663000}, {"date": "2018-12-31", "symbol": "EQIX", "reportedCurrency": "USD", "cik": "0001101239", "fillingDate": "2019-02-22", "acceptedDate": "2019-02-22 17:02:40", "calendarYear": "2018", "period": "FY", "revenue": 5071654000, "costOfRevenue": 2605475000, "grossProfit": 2466179000, "grossProfitRatio": 0.486267202, "researchAndDevelopmentExpenses": 0, "generalAndAdministrativeExpenses": 826694000, "sellingAndMarketingExpenses": 633702000, "sellingGeneralAndAdministrativeExpenses": 1460396000, "otherExpenses": 14044000, "operatingExpenses": 1460396000, "costAndExpenses": 4065871000, "interestIncome": 14482000, "interestExpense": 521494000, "depreciationAndAmortization": 1226741000, "ebitda": 2261050000, "ebitdaratio": 0.445821028, "operatingIncome": 977383000, "operatingIncomeRatio": 0.1927148421, "totalOtherIncomeExpensesNet": -65733000, "incomeBeforeTax": 433038000, "incomeBeforeTaxRatio": 0.0853839793, "incomeTaxExpense": 67679000, "netIncome": 365359000, "netIncomeRatio": 0.0720394175, "eps": 4.58, "epsdiluted": 4.56, "weightedAverageShsOut": 79779000, "weightedAverageShsOutDil": 80197000, "link": "https://www.sec.gov/Archives/edgar/data/1101239/000162828019001771/0001628280-19-001771-index.htm", "finalLink": "https://www.sec.gov/Archives/edgar/data/1101239/000162828019001771/eqix_20181231x10kupgrade.htm", "calculatedOtherExpenses": 28400000, "calculatedOperatingExpenses": 1488796000, "calculatedNetInterest": -507012000, "calculatedOtherIncome": -37333000, "calculatedIncomeNonControlling": 0, "calculatedEbitda": 2204124000}, {"date": "2017-12-31", "symbol": "EQIX", "reportedCurrency": "USD", "cik": "0001101239", "fillingDate": "2018-02-26", "acceptedDate": "2018-02-26 15:46:47", "calendarYear": "2017", "period": "FY", "revenue": 4368428000, "costOfRevenue": 2193149000, "grossProfit": 2175279000, "grossProfitRatio": 0.4979546418, "researchAndDevelopmentExpenses": 0, "generalAndAdministrativeExpenses": 745906000, "sellingAndMarketingExpenses": 581724000, "sellingGeneralAndAdministrativeExpenses": 1327630000, "otherExpenses": 9213000, "operatingExpenses": 1327630000, "costAndExpenses": 3520779000, "interestIncome": 13075000, "interestExpense": 478698000, "depreciationAndAmortization": 1028892000, "ebitda": 1898829000, "ebitdaratio": 0.4346710075, "operatingIncome": 809014000, "operatingIncomeRatio": 0.1851956814, "totalOtherIncomeExpensesNet": -95194000, "incomeBeforeTax": 286832000, "incomeBeforeTaxRatio": 0.0656602329, "incomeTaxExpense": 53850000, "netIncome": 232982000, "netIncomeRatio": 0.0533331441, "eps": 3.03, "epsdiluted": 3, "weightedAverageShsOut": 76854000, "weightedAverageShsOutDil": 77535000, "link": "https://www.sec.gov/Archives/edgar/data/1101239/000162828018002212/0001628280-18-002212-index.htm", "finalLink": "https://www.sec.gov/Archives/edgar/data/1101239/000162828018002212/eqix_20171231x10k.htm", "calculatedOtherExpenses": 38635000, "calculatedOperatingExpenses": 1366265000, "calculatedNetInterest": -465623000, "calculatedOtherIncome": -56559000, "calculatedIncomeNonControlling": 0, "calculatedEbitda": 1837906000}, {"date": "2016-12-31", "symbol": "EQIX", "reportedCurrency": "USD", "cik": "0001101239", "fillingDate": "2017-02-27", "acceptedDate": "2017-02-27 14:59:07", "calendarYear": "2016", "period": "FY", "revenue": 3611989000, "costOfRevenue": 1820870000, "grossProfit": 1791119000, "grossProfitRatio": 0.495881632, "researchAndDevelopmentExpenses": 0, "generalAndAdministrativeExpenses": 694561000, "sellingAndMarketingExpenses": 438742000, "sellingGeneralAndAdministrativeExpenses": 1133303000, "otherExpenses": -57924000, "operatingExpenses": 1133303000, "costAndExpenses": 2954173000, "interestIncome": 3476000, "interestExpense": 392156000, "depreciationAndAmortization": 837207000, "ebitda": 1440575000, "ebitdaratio": 0.3988315025, "operatingIncome": 618739000, "operatingIncomeRatio": 0.171301463, "totalOtherIncomeExpensesNet": -109277000, "incomeBeforeTax": 159859000, "incomeBeforeTaxRatio": 0.0442578867, "incomeTaxExpense": 45451000, "netIncome": 126800000, "netIncomeRatio": 0.0351053118, "eps": 1.81, "epsdiluted": 1.79, "weightedAverageShsOut": 70117000, "weightedAverageShsOutDil": 70816000, "link": "https://www.sec.gov/Archives/edgar/data/1101239/000162828017001774/0001628280-17-001774-index.htm", "finalLink": "https://www.sec.gov/Archives/edgar/data/1101239/000162828017001774/equix_20161231x10k.htm", "calculatedOtherExpenses": 39077000, "calculatedOperatingExpenses": 1172380000, "calculatedNetInterest": -388680000, "calculatedOtherIncome": -70200000, "calculatedIncomeNonControlling": -12392000, "calculatedEbitda": 1455946000}, {"date": "2015-12-31", "symbol": "EQIX", "reportedCurrency": "USD", "cik": "0001101239", "fillingDate": "2016-02-26", "acceptedDate": "2016-02-26 15:12:37", "calendarYear": "2015", "period": "FY", "revenue": 2725867000, "costOfRevenue": 1291506000, "grossProfit": 1434361000, "grossProfitRatio": 0.5262035895, "researchAndDevelopmentExpenses": 0, "generalAndAdministrativeExpenses": 493284000, "sellingAndMarketingExpenses": 332012000, "sellingGeneralAndAdministrativeExpenses": 825296000, "otherExpenses": -60581000, "operatingExpenses": 825296000, "costAndExpenses": 2116802000, "interestIncome": 3581000, "interestExpense": 299055000, "depreciationAndAmortization": 528929000, "ebitda": 1080994000, "ebitdaratio": 0.3965688715, "operatingIncome": 567342000, "operatingIncomeRatio": 0.2081326785, "totalOtherIncomeExpensesNet": -102593000, "incomeBeforeTax": 210998000, "incomeBeforeTaxRatio": 0.0774058309, "incomeTaxExpense": 23224000, "netIncome": 187774000, "netIncomeRatio": 0.0688859728, "eps": 3.25, "epsdiluted": 3.21, "weightedAverageShsOut": 57790000, "weightedAverageShsOutDil": 58483000, "link": "https://www.sec.gov/Archives/edgar/data/1101239/000162828016011802/0001628280-16-011802-index.htm", "finalLink": "https://www.sec.gov/Archives/edgar/data/1101239/000162828016011802/equix_20151231x10k.htm", "calculatedOtherExpenses": 41723000, "calculatedOperatingExpenses": 867019000, "calculatedNetInterest": -295474000, "calculatedOtherIncome": -60870000, "calculatedIncomeNonControlling": 0, "calculatedEbitda": 1096271000}, {"date": "2014-12-31", "symbol": "EQIX", "reportedCurrency": "USD", "cik": "0001101239", "fillingDate": "2015-03-02", "acceptedDate": "2015-03-02 15:11:34", "calendarYear": "2014", "period": "FY", "revenue": 2443776000, "costOfRevenue": 1197885000, "grossProfit": 1245891000, "grossProfitRatio": 0.509822095, "researchAndDevelopmentExpenses": 0, "generalAndAdministrativeExpenses": 438016000, "sellingAndMarketingExpenses": 296103000, "sellingGeneralAndAdministrativeExpenses": 734119000, "otherExpenses": 119000, "operatingExpenses": 734119000, "costAndExpenses": 1932004000, "interestIncome": 2891000, "interestExpense": 270553000, "depreciationAndAmortization": 484129000, "ebitda": 998911000, "ebitdaratio": 0.4087571856, "operatingIncome": 509266000, "operatingIncomeRatio": 0.2083930769, "totalOtherIncomeExpensesNet": -159377000, "incomeBeforeTax": 84733000, "incomeBeforeTaxRatio": 0.0346729815, "incomeTaxExpense": 345459000, "netIncome": -259547000, "netIncomeRatio": -0.1062073611, "eps": -4.96, "epsdiluted": -4.96, "weightedAverageShsOut": 52359000, "weightedAverageShsOutDil": 52359000, "link": "https://www.sec.gov/Archives/edgar/data/1101239/000119312515073042/0001193125-15-073042-index.htm", "finalLink": "https://www.sec.gov/Archives/edgar/data/1101239/000119312515073042/d854432d10k.htm", "calculatedOtherExpenses": 2506000, "calculatedOperatingExpenses": 736625000, "calculatedNetInterest": -267662000, "calculatedOtherIncome": -156871000, "calculatedIncomeNonControlling": -1179000, "calculatedEbitda": 993395000}, {"date": "2013-12-31", "symbol": "EQIX", "reportedCurrency": "USD", "cik": "0001101239", "fillingDate": "2014-02-28", "acceptedDate": "2014-02-28 14:47:08", "calendarYear": "2013", "period": "FY", "revenue": 2152766000, "costOfRevenue": 1064403000, "grossProfit": 1088363000, "grossProfitRatio": 0.5055649337, "researchAndDevelopmentExpenses": 0, "generalAndAdministrativeExpenses": 374790000, "sellingAndMarketingExpenses": 246623000, "sellingGeneralAndAdministrativeExpenses": 621413000, "otherExpenses": 5253000, "operatingExpenses": 621413000, "costAndExpenses": 1685816000, "interestIncome": 3387000, "interestExpense": 248792000, "depreciationAndAmortization": 431008000, "ebitda": 906598000, "ebitdaratio": 0.4211316975, "operatingIncome": 460932000, "operatingIncomeRatio": 0.2141115198, "totalOtherIncomeExpensesNet": -109266000, "incomeBeforeTax": 112279000, "incomeBeforeTaxRatio": 0.0521556918, "incomeTaxExpense": 16156000, "netIncome": 94685000, "netIncomeRatio": 0.0439829503, "eps": 1.92, "epsdiluted": 1.89, "weightedAverageShsOut": 49438000, "weightedAverageShsOutDil": 50116000, "link": "https://www.sec.gov/Archives/edgar/data/1101239/000119312514076710/0001193125-14-076710-index.htm", "finalLink": "https://www.sec.gov/Archives/edgar/data/1101239/000119312514076710/d649985d10k.htm", "calculatedOtherExpenses": 6018000, "calculatedOperatingExpenses": 627431000, "calculatedNetInterest": -245405000, "calculatedOtherIncome": -103248000, "calculatedIncomeNonControlling": 1438000, "calculatedEbitda": 891940000}, {"date": "2012-12-31", "symbol": "EQIX", "reportedCurrency": "USD", "cik": "0001101239", "fillingDate": "2013-02-26", "acceptedDate": "2013-02-26 14:58:33", "calendarYear": "2012", "period": "FY", "revenue": 1895744000, "costOfRevenue": 943995000, "grossProfit": 951749000, "grossProfitRatio": 0.5020451074, "researchAndDevelopmentExpenses": 0, "generalAndAdministrativeExpenses": 329399000, "sellingAndMarketingExpenses": 202914000, "sellingGeneralAndAdministrativeExpenses": 532313000, "otherExpenses": -2208000, "operatingExpenses": 532313000, "costAndExpenses": 1476308000, "interestIncome": 3466000, "interestExpense": 200328000, "depreciationAndAmortization": 401946000, "ebitda": 822640000, "ebitdaratio": 0.4339404477, "operatingIncome": 400753000, "operatingIncomeRatio": 0.211396159, "totalOtherIncomeExpensesNet": -26095000, "incomeBeforeTax": 196479000, "incomeBeforeTaxRatio": 0.1036421584, "incomeTaxExpense": 61783000, "netIncome": 144666000, "netIncomeRatio": 0.0763109365, "eps": 2.92, "epsdiluted": 2.83, "weightedAverageShsOut": 48004000, "weightedAverageShsOutDil": 51816000, "link": "https://www.sec.gov/Archives/edgar/data/1101239/000119312513076572/0001193125-13-076572-index.htm", "finalLink": "https://www.sec.gov/Archives/edgar/data/1101239/000119312513076572/d450454d10k.htm", "calculatedOtherExpenses": 18683000, "calculatedOperatingExpenses": 550996000, "calculatedNetInterest": -196862000, "calculatedOtherIncome": -7412000, "calculatedIncomeNonControlling": -9970000, "calculatedEbitda": 802699000}, {"date": "2011-12-31", "symbol": "EQIX", "reportedCurrency": "USD", "cik": "0001101239", "fillingDate": "2012-02-24", "acceptedDate": "2012-02-24 15:38:04", "calendarYear": "2011", "period": "FY", "revenue": 1606842000, "costOfRevenue": 867641000, "grossProfit": 739201000, "grossProfitRatio": 0.4600334071, "researchAndDevelopmentExpenses": 0, "generalAndAdministrativeExpenses": 265932000, "sellingAndMarketingExpenses": 159091000, "sellingGeneralAndAdministrativeExpenses": 425023000, "otherExpenses": 7015000, "operatingExpenses": 425023000, "costAndExpenses": 1292664000, "interestIncome": 2280000, "interestExpense": 181303000, "depreciationAndAmortization": 352653000, "ebitda": 669111000, "ebitdaratio": 0.416413686, "operatingIncome": 307163000, "operatingIncomeRatio": 0.1911594295, "totalOtherIncomeExpensesNet": -4194000, "incomeBeforeTax": 130961000, "incomeBeforeTaxRatio": 0.0815021016, "incomeTaxExpense": 38351000, "netIncome": 94004000, "netIncomeRatio": 0.0585023294, "eps": 1.77, "epsdiluted": 1.74, "weightedAverageShsOut": 46956000, "weightedAverageShsOutDil": 47898000, "link": "https://www.sec.gov/Archives/edgar/data/1101239/000119312512077943/0001193125-12-077943-index.htm", "finalLink": "https://www.sec.gov/Archives/edgar/data/1101239/000119312512077943/d261513d10k.htm", "calculatedOtherExpenses": 7015000, "calculatedOperatingExpenses": 432038000, "calculatedNetInterest": -179023000, "calculatedOtherIncome": 2821000, "calculatedIncomeNonControlling": -1394000, "calculatedEbitda": 659816000}, {"date": "2010-12-31", "symbol": "EQIX", "reportedCurrency": "USD", "cik": "0001101239", "fillingDate": "2011-02-25", "acceptedDate": "2011-02-25 14:28:12", "calendarYear": "2010", "period": "FY", "revenue": 1220334000, "costOfRevenue": 674667000, "grossProfit": 545667000, "grossProfitRatio": 0.4471456175, "researchAndDevelopmentExpenses": 0, "generalAndAdministrativeExpenses": 220781000, "sellingAndMarketingExpenses": 111104000, "sellingGeneralAndAdministrativeExpenses": 331885000, "otherExpenses": 19071000, "operatingExpenses": 331885000, "costAndExpenses": 1006552000, "interestIncome": 1515000, "interestExpense": 140475000, "depreciationAndAmortization": 263564000, "ebitda": 478861000, "ebitdaratio": 0.3924015884, "operatingIncome": 194711000, "operatingIncomeRatio": 0.1595554987, "totalOtherIncomeExpensesNet": -24942000, "incomeBeforeTax": 49880000, "incomeBeforeTaxRatio": 0.0408740558, "incomeTaxExpense": 12999000, "netIncome": 36881000, "netIncomeRatio": 0.030222054, "eps": 0.84, "epsdiluted": 0.82, "weightedAverageShsOut": 43742000, "weightedAverageShsOutDil": 44810000, "link": "https://www.sec.gov/Archives/edgar/data/1101239/000119312511047157/0001193125-11-047157-index.htm", "finalLink": "https://www.sec.gov/Archives/edgar/data/1101239/000119312511047157/d10k.htm", "calculatedOtherExpenses": 19071000, "calculatedOperatingExpenses": 350956000, "calculatedNetInterest": -138960000, "calculatedOtherIncome": -5871000, "calculatedIncomeNonControlling": 0, "calculatedEbitda": 458275000}, {"date": "2009-12-31", "symbol": "EQIX", "reportedCurrency": "USD", "cik": "0001101239", "fillingDate": "2010-02-22", "acceptedDate": "2010-02-22 16:35:52", "calendarYear": "2009", "period": "FY", "revenue": 882509000, "costOfRevenue": 483420000, "grossProfit": 399089000, "grossProfitRatio": 0.4522208839, "researchAndDevelopmentExpenses": 0, "generalAndAdministrativeExpenses": 155324000, "sellingAndMarketingExpenses": 63584000, "sellingGeneralAndAdministrativeExpenses": 218908000, "otherExpenses": 0, "operatingExpenses": 218908000, "costAndExpenses": 702328000, "interestIncome": 2384000, "interestExpense": 74232000, "depreciationAndAmortization": 175371000, "ebitda": 357936000, "ebitdaratio": 0.4055890648, "operatingIncome": 181079000, "operatingIncomeRatio": 0.205186576, "totalOtherIncomeExpensesNet": 695000, "incomeBeforeTax": 109028000, "incomeBeforeTaxRatio": 0.123543216, "incomeTaxExpense": 39597000, "netIncome": 69431000, "netIncomeRatio": 0.0786745518, "eps": 1.8, "epsdiluted": 1.75, "weightedAverageShsOut": 38488000, "weightedAverageShsOutDil": 39676000, "link": "https://www.sec.gov/Archives/edgar/data/1101239/000119312510036420/0001193125-10-036420-index.htm", "finalLink": "https://www.sec.gov/Archives/edgar/data/1101239/000119312510036420/d10k.htm", "calculatedOtherExpenses": -898000, "calculatedOperatingExpenses": 218010000, "calculatedNetInterest": -71848000, "calculatedOtherIncome": -203000, "calculatedIncomeNonControlling": 0, "calculatedEbitda": 356450000}, {"date": "2008-12-31", "symbol": "EQIX", "reportedCurrency": "USD", "cik": "0001101239", "fillingDate": "2009-02-26", "acceptedDate": "2009-02-26 14:33:16", "calendarYear": "2008", "period": "FY", "revenue": 704680000, "costOfRevenue": 414659000, "grossProfit": 290021000, "grossProfitRatio": 0.4115641142, "researchAndDevelopmentExpenses": 0, "generalAndAdministrativeExpenses": 146564000, "sellingAndMarketingExpenses": 66913000, "sellingGeneralAndAdministrativeExpenses": 213477000, "otherExpenses": 3142000, "operatingExpenses": 213477000, "costAndExpenses": 628136000, "interestIncome": 7413000, "interestExpense": 55041000, "depreciationAndAmortization": 158907000, "ebitda": 83957000, "ebitdaratio": 0.1191420219, "operatingIncome": 73402000, "operatingIncomeRatio": 0.104163592, "totalOtherIncomeExpensesNet": -1835000, "incomeBeforeTax": 27081000, "incomeBeforeTaxRatio": 0.0384302095, "incomeTaxExpense": -104457000, "netIncome": 131538000, "netIncomeRatio": 0.1866634501, "eps": 2.91, "epsdiluted": 2.79, "weightedAverageShsOut": 37120000, "weightedAverageShsOutDil": 41582000, "link": "https://www.sec.gov/Archives/edgar/data/1101239/000119312509038875/0001193125-09-038875-index.htm", "finalLink": "https://www.sec.gov/Archives/edgar/data/1101239/000119312509038875/d10k.htm", "calculatedOtherExpenses": 3142000, "calculatedOperatingExpenses": 216619000, "calculatedNetInterest": -47628000, "calculatedOtherIncome": 1307000, "calculatedIncomeNonControlling": 0, "calculatedEbitda": 232309000}, {"date": "2007-12-31", "symbol": "EQIX", "reportedCurrency": "USD", "cik": "0001101239", "fillingDate": "2008-02-27", "acceptedDate": "2008-02-27 16:00:08", "calendarYear": "2007", "period": "FY", "revenue": 419442000, "costOfRevenue": 263745000, "grossProfit": 155697000, "grossProfitRatio": 0.371200309, "researchAndDevelopmentExpenses": 0, "generalAndAdministrativeExpenses": 146513000, "sellingAndMarketingExpenses": 40719000, "sellingGeneralAndAdministrativeExpenses": 146513000, "otherExpenses": -1338000, "operatingExpenses": 145175000, "costAndExpenses": 408920000, "interestIncome": 15406000, "interestExpense": -27334000, "depreciationAndAmortization": 103307000, "ebitda": 115800000, "ebitdaratio": 0.2760810791, "operatingIncome": 10115000, "operatingIncomeRatio": 0.0241153723, "totalOtherIncomeExpensesNet": -1971000, "incomeBeforeTax": -4715000, "incomeBeforeTaxRatio": -0.0112411251, "incomeTaxExpense": 473000, "netIncome": -5188000, "netIncomeRatio": -0.0123688138, "eps": -0.16, "epsdiluted": -0.16, "weightedAverageShsOut": 32136000, "weightedAverageShsOutDil": 32136000, "link": "https://www.sec.gov/Archives/edgar/data/1101239/000119312508040053/0001193125-08-040053-index.htm", "finalLink": "https://www.sec.gov/Archives/edgar/data/1101239/000119312508040053/d10k.htm", "calculatedOtherExpenses": -931000, "calculatedOperatingExpenses": 145582000, "calculatedNetInterest": 42740000, "calculatedOtherIncome": -57570000, "calculatedIncomeNonControlling": 0, "calculatedEbitda": 113422000}, {"date": "2006-12-31", "symbol": "EQIX", "reportedCurrency": "USD", "cik": "0001101239", "fillingDate": "2007-02-28", "acceptedDate": "2007-02-28 15:14:08", "calendarYear": "2006", "period": "FY", "revenue": 286915000, "costOfRevenue": 188379000, "grossProfit": 98536000, "grossProfitRatio": 0.343432724, "researchAndDevelopmentExpenses": 0, "generalAndAdministrativeExpenses": 104742000, "sellingAndMarketingExpenses": 32619000, "sellingGeneralAndAdministrativeExpenses": 104742000, "otherExpenses": -9647000, "operatingExpenses": 95095000, "costAndExpenses": 283474000, "interestIncome": 6627000, "interestExpense": -14875000, "depreciationAndAmortization": 72778000, "ebitda": 68099000, "ebitdaratio": 0.2373490407, "operatingIncome": 1914000, "operatingIncomeRatio": 0.0066709653, "totalOtherIncomeExpensesNet": 8120000, "incomeBeforeTax": -6334000, "incomeBeforeTaxRatio": -0.0220762247, "incomeTaxExpense": 439000, "netIncome": -6397000, "netIncomeRatio": -0.0222958019, "eps": -0.22, "epsdiluted": -0.22, "weightedAverageShsOut": 28551000, "weightedAverageShsOutDil": 28551000, "link": "https://www.sec.gov/Archives/edgar/data/1101239/000119312507042470/0001193125-07-042470-index.htm", "finalLink": "https://www.sec.gov/Archives/edgar/data/1101239/000119312507042470/d10k.htm", "calculatedOtherExpenses": -8120000, "calculatedOperatingExpenses": 96622000, "calculatedNetInterest": 21502000, "calculatedOtherIncome": -29750000, "calculatedIncomeNonControlling": -376000, "calculatedEbitda": 74692000}, {"date": "2005-12-31", "symbol": "EQIX", "reportedCurrency": "USD", "cik": "0001101239", "fillingDate": "2006-03-16", "acceptedDate": "2006-03-16 13:41:35", "calendarYear": "2005", "period": "FY", "revenue": 221057000, "costOfRevenue": 158354000, "grossProfit": 62703000, "grossProfitRatio": 0.2836508231, "researchAndDevelopmentExpenses": 0, "generalAndAdministrativeExpenses": 65662000, "sellingAndMarketingExpenses": 20552000, "sellingGeneralAndAdministrativeExpenses": 65662000, "otherExpenses": 33814000, "operatingExpenses": 65662000, "costAndExpenses": 224016000, "interestIncome": 3584000, "interestExpense": -8880000, "depreciationAndAmortization": 74964000, "ebitda": 105819000, "ebitdaratio": 0.4786955401, "operatingIncome": -36773000, "operatingIncomeRatio": -0.1663507602, "totalOtherIncomeExpensesNet": -33814000, "incomeBeforeTax": -42069000, "incomeBeforeTaxRatio": -0.190308382, "incomeTaxExpense": 543000, "netIncome": -42612000, "netIncomeRatio": -0.192764762, "eps": -1.78, "epsdiluted": -1.78, "weightedAverageShsOut": 23956000, "weightedAverageShsOutDil": 23956000, "link": "https://www.sec.gov/Archives/edgar/data/1101239/000119312506056358/0001193125-06-056358-index.htm", "finalLink": "https://www.sec.gov/Archives/edgar/data/1101239/000119312506056358/d10k.htm", "calculatedOtherExpenses": 33814000, "calculatedOperatingExpenses": 99476000, "calculatedNetInterest": 12464000, "calculatedOtherIncome": -17760000, "calculatedIncomeNonControlling": 0, "calculatedEbitda": 38191000}, {"date": "2004-12-31", "symbol": "EQIX", "reportedCurrency": "USD", "cik": "0001101239", "fillingDate": "2005-03-10", "acceptedDate": "2005-03-10 15:59:50", "calendarYear": "2004", "period": "FY", "revenue": 163671000, "costOfRevenue": 136950000, "grossProfit": 26721000, "grossProfitRatio": 0.1632604432, "researchAndDevelopmentExpenses": 0, "generalAndAdministrativeExpenses": 51098000, "sellingAndMarketingExpenses": 18604000, "sellingGeneralAndAdministrativeExpenses": 51098000, "otherExpenses": 17685000, "operatingExpenses": 51098000, "costAndExpenses": 188048000, "interestIncome": 1291000, "interestExpense": -11496000, "depreciationAndAmortization": 66133000, "ebitda": 75652000, "ebitdaratio": 0.4622199412, "operatingIncome": -42062000, "operatingIncomeRatio": -0.2569911591, "totalOtherIncomeExpensesNet": -33896000, "incomeBeforeTax": -68478000, "incomeBeforeTaxRatio": -0.4183881079, "incomeTaxExpense": 153000, "netIncome": -68631000, "netIncomeRatio": -0.41932291, "eps": -3.87, "epsdiluted": -3.87, "weightedAverageShsOut": 17719000, "weightedAverageShsOutDil": 17719000, "link": "https://www.sec.gov/Archives/edgar/data/1101239/000119312505046552/0001193125-05-046552-index.htm", "finalLink": "https://www.sec.gov/Archives/edgar/data/1101239/000119312505046552/d10k.htm", "calculatedOtherExpenses": 17685000, "calculatedOperatingExpenses": 68783000, "calculatedNetInterest": 12787000, "calculatedOtherIncome": -39203000, "calculatedIncomeNonControlling": 0, "calculatedEbitda": 24071000}, {"date": "2003-12-31", "symbol": "EQIX", "reportedCurrency": "USD", "cik": "0001101239", "fillingDate": "2004-03-05", "acceptedDate": "2004-03-05 16:29:45", "calendarYear": "2003", "period": "FY", "revenue": 117942000, "costOfRevenue": 128121000, "grossProfit": -10179000, "grossProfitRatio": -0.086305133, "researchAndDevelopmentExpenses": 0, "generalAndAdministrativeExpenses": 53776000, "sellingAndMarketingExpenses": 19483000, "sellingGeneralAndAdministrativeExpenses": 53776000, "otherExpenses": 0, "operatingExpenses": 53776000, "costAndExpenses": 181897000, "interestIncome": 296000, "interestExpense": -20512000, "depreciationAndAmortization": 74401000, "ebitda": 10446000, "ebitdaratio": 0.0885689576, "operatingIncome": -63955000, "operatingIncomeRatio": -0.542258059, "totalOtherIncomeExpensesNet": -20216000, "incomeBeforeTax": -84171000, "incomeBeforeTaxRatio": -0.7136643435, "incomeTaxExpense": 0, "netIncome": -84171000, "netIncomeRatio": -0.7136643435, "eps": -8.76, "epsdiluted": -8.76, "weightedAverageShsOut": 9604000, "weightedAverageShsOutDil": 9604000, "link": "https://www.sec.gov/Archives/edgar/data/1101239/000119312504035568/0001193125-04-035568-index.htm", "finalLink": "https://www.sec.gov/Archives/edgar/data/1101239/000119312504035568/d10k.htm", "calculatedOtherExpenses": 0, "calculatedOperatingExpenses": 53776000, "calculatedNetInterest": 20808000, "calculatedOtherIncome": -41024000, "calculatedIncomeNonControlling": 0, "calculatedEbitda": 10446000}, {"date": "2002-12-31", "symbol": "EQIX", "reportedCurrency": "USD", "cik": "0001101239", "fillingDate": "2003-03-27", "acceptedDate": "2003-03-27 08:28:14", "calendarYear": "2002", "period": "FY", "revenue": 77188000, "costOfRevenue": 104073000, "grossProfit": -26885000, "grossProfitRatio": -0.3483054361, "researchAndDevelopmentExpenses": 0, "generalAndAdministrativeExpenses": 45906000, "sellingAndMarketingExpenses": 15247000, "sellingGeneralAndAdministrativeExpenses": 45906000, "otherExpenses": 28885000, "operatingExpenses": 45906000, "costAndExpenses": 149979000, "interestIncome": 998000, "interestExpense": -35098000, "depreciationAndAmortization": 66937000, "ebitda": -91127000, "ebitdaratio": -1.180585065, "operatingIncome": -101676000, "operatingIncomeRatio": -1.3172513862, "totalOtherIncomeExpensesNet": 85273000, "incomeBeforeTax": -21618000, "incomeBeforeTaxRatio": -0.2800694408, "incomeTaxExpense": -51173000, "netIncome": -21618000, "netIncomeRatio": -0.2800694408, "eps": -7.23, "epsdiluted": -7.23, "weightedAverageShsOut": 2990000, "weightedAverageShsOutDil": 2990000, "link": "https://www.sec.gov/Archives/edgar/data/1101239/000089843003002107/0000898430-03-002107-index.htm", "finalLink": "https://www.sec.gov/Archives/edgar/data/1101239/000089843003002107/d10k.htm", "calculatedOtherExpenses": 28885000, "calculatedOperatingExpenses": 74791000, "calculatedNetInterest": 36096000, "calculatedOtherIncome": 43962000, "calculatedIncomeNonControlling": 51173000, "calculatedEbitda": -34739000}, {"date": "2001-12-31", "symbol": "EQIX", "reportedCurrency": "USD", "cik": "0001101239", "fillingDate": "2002-03-25", "acceptedDate": "2002-03-25 00:00:00", "calendarYear": "2001", "period": "FY", "revenue": 63414000, "costOfRevenue": 94889000, "grossProfit": -31475000, "grossProfitRatio": -0.4963415019, "researchAndDevelopmentExpenses": 0, "generalAndAdministrativeExpenses": 75221000, "sellingAndMarketingExpenses": 0, "sellingGeneralAndAdministrativeExpenses": 75221000, "otherExpenses": 0, "operatingExpenses": 75221000, "costAndExpenses": 170110000, "interestIncome": 0, "interestExpense": 0, "depreciationAndAmortization": 75884000, "ebitda": 17753000, "ebitdaratio": 0.2799539534, "operatingIncome": -155261000, "operatingIncomeRatio": -2.4483710222, "totalOtherIncomeExpensesNet": -48565000, "incomeBeforeTax": -203826000, "incomeBeforeTaxRatio": -3.2142113729, "incomeTaxExpense": 81719000, "netIncome": -188415000, "netIncomeRatio": -2.9711893273, "eps": -76.62, "epsdiluted": -76.62, "weightedAverageShsOut": 2459000, "weightedAverageShsOutDil": 2459000, "link": "https://www.sec.gov/Archives/edgar/data/1101239/000101287002001401/0001012870-02-001401-index.htm", "finalLink": "https://www.sec.gov/Archives/edgar/data/1101239/000101287002001401/d10k405.txt", "calculatedOtherExpenses": 48565000, "calculatedOperatingExpenses": 123786000, "calculatedNetInterest": 0, "calculatedOtherIncome": -48565000, "calculatedIncomeNonControlling": -97130000, "calculatedEbitda": -79377000}, {"date": "2000-12-31", "symbol": "EQIX", "reportedCurrency": "USD", "cik": "0001101239", "fillingDate": "2001-03-27", "acceptedDate": "2001-03-27 00:00:00", "calendarYear": "2000", "period": "FY", "revenue": 13016000, "costOfRevenue": -10519000, "grossProfit": 23535000, "grossProfitRatio": 1.8081591887, "researchAndDevelopmentExpenses": 0, "generalAndAdministrativeExpenses": 77490000, "sellingAndMarketingExpenses": 0, "sellingGeneralAndAdministrativeExpenses": 77490000, "otherExpenses": 53154000, "operatingExpenses": 130644000, "costAndExpenses": 120125000, "interestIncome": 0, "interestExpense": 0, "depreciationAndAmortization": 53154000, "ebitda": -53955000, "ebitdaratio": -4.1452827289, "operatingIncome": -107109000, "operatingIncomeRatio": -8.2290258144, "totalOtherIncomeExpensesNet": 0, "incomeBeforeTax": 0, "incomeBeforeTaxRatio": 0, "incomeTaxExpense": 12681000, "netIncome": -119790000, "netIncomeRatio": -9.2032882606, "eps": -111.06, "epsdiluted": -91.35, "weightedAverageShsOut": 1078629, "weightedAverageShsOutDil": 1311264, "link": "https://www.sec.gov/Archives/edgar/data/1101239/000101287001001327/0001012870-01-001327-index.htm", "finalLink": "https://www.sec.gov/Archives/edgar/data/1101239/000101287001001327/0001012870-01-001327-0001.txt", "calculatedOtherExpenses": 53154000, "calculatedOperatingExpenses": 130644000, "calculatedNetInterest": 0, "calculatedOtherIncome": 107109000, "calculatedIncomeNonControlling": 107109000, "calculatedEbitda": -53955000}, {"date": "1999-12-31", "symbol": "EQIX", "reportedCurrency": "USD", "cik": "0001101239", "fillingDate": "1999-12-31", "acceptedDate": "1999-12-30 19:00:00", "calendarYear": "1999", "period": "FY", "revenue": 37100, "costOfRevenue": -5154800, "grossProfit": 5191900, "grossProfitRatio": 139.9433962264, "researchAndDevelopmentExpenses": 0, "generalAndAdministrativeExpenses": 0, "sellingAndMarketingExpenses": 0, "sellingGeneralAndAdministrativeExpenses": 16728400, "otherExpenses": 24974400, "operatingExpenses": 24974400, "costAndExpenses": 19819600, "interestIncome": 0, "interestExpense": 0, "depreciationAndAmortization": 8246000, "ebitda": -11536500, "ebitdaratio": -310.9568733154, "operatingIncome": -19782500, "operatingIncomeRatio": -533.2210242588, "totalOtherIncomeExpensesNet": 0, "incomeBeforeTax": 0, "incomeBeforeTaxRatio": 0, "incomeTaxExpense": 1008100, "netIncome": -20790600, "netIncomeRatio": -560.3935309973, "eps": -159.18, "epsdiluted": -159.18, "weightedAverageShsOut": 130614, "weightedAverageShsOutDil": 130614, "link": "", "finalLink": "", "calculatedOtherExpenses": 8246000, "calculatedOperatingExpenses": 24974400, "calculatedNetInterest": 0, "calculatedOtherIncome": 19782500, "calculatedIncomeNonControlling": 19782500, "calculatedEbitda": -11536500}]}