{"originalCurrency": "USD", "convertedCurrency": "USD", "report": [{"date": "2023-12-31", "symbol": "EQR", "reportedCurrency": "USD", "cik": "0000906107", "fillingDate": "2024-02-15", "acceptedDate": "2024-02-15 16:20:41", "calendarYear": "2023", "period": "FY", "revenue": 2835847000, "costOfRevenue": 1922407000, "grossProfit": 913440000, "grossProfitRatio": 0.3221048244, "researchAndDevelopmentExpenses": 0, "generalAndAdministrativeExpenses": 60716000, "sellingAndMarketingExpenses": 0, "sellingGeneralAndAdministrativeExpenses": 60716000, "otherExpenses": -22599000, "operatingExpenses": 22599000, "costAndExpenses": 1957801000, "interestIncome": 22345000, "interestExpense": 287060000, "depreciationAndAmortization": 901504000, "ebitda": 1792345000, "ebitdaratio": 0.6320316294, "operatingIncome": 890841000, "operatingIncomeRatio": 0.3141357767, "totalOtherIncomeExpensesNet": -15827000, "incomeBeforeTax": 875014000, "incomeBeforeTaxRatio": 0.3085547281, "incomeTaxExpense": 1148000, "netIncome": 835438000, "netIncomeRatio": 0.2945991092, "eps": 2.2, "epsdiluted": 2.2, "weightedAverageShsOut": 378773000, "weightedAverageShsOutDil": 390897000, "link": "https://www.sec.gov/Archives/edgar/data/906107/000095017024015907/0000950170-24-015907-index.htm", "finalLink": "https://www.sec.gov/Archives/edgar/data/906107/000095017024015907/eqr-20231231.htm", "calculatedOtherExpenses": -38117000, "calculatedOperatingExpenses": 22599000, "calculatedNetInterest": -264715000, "calculatedOtherIncome": 248888000, "calculatedIncomeNonControlling": 38428000, "calculatedEbitda": 1792345000}, {"date": "2022-12-31", "symbol": "EQR", "reportedCurrency": "USD", "cik": "0000906107", "fillingDate": "2023-02-16", "acceptedDate": "2023-02-16 16:24:34", "calendarYear": "2022", "period": "FY", "revenue": 2735180000, "costOfRevenue": 982581000, "grossProfit": 1752599000, "grossProfitRatio": 0.6407618511, "researchAndDevelopmentExpenses": 0, "generalAndAdministrativeExpenses": 58710000, "sellingAndMarketingExpenses": 0, "sellingGeneralAndAdministrativeExpenses": 58710000, "otherExpenses": 882168000, "operatingExpenses": 940878000, "costAndExpenses": 1923459000, "interestIncome": 2193000, "interestExpense": 282920000, "depreciationAndAmortization": 882168000, "ebitda": 1673689000, "ebitdaratio": 0.6119118303, "operatingIncome": 791521000, "operatingIncomeRatio": 0.2893853421, "totalOtherIncomeExpensesNet": 21405000, "incomeBeforeTax": 812926000, "incomeBeforeTaxRatio": 0.2972111525, "incomeTaxExpense": 900000, "netIncome": 776911000, "netIncomeRatio": 0.2840438289, "eps": 2.06, "epsdiluted": 2.05, "weightedAverageShsOut": 376209000, "weightedAverageShsOutDil": 389450000, "link": "https://www.sec.gov/Archives/edgar/data/906107/000095017023003060/0000950170-23-003060-index.htm", "finalLink": "https://www.sec.gov/Archives/edgar/data/906107/000095017023003060/eqr-20221231.htm", "calculatedOtherExpenses": 902368000, "calculatedOperatingExpenses": 961078000, "calculatedNetInterest": -280727000, "calculatedOtherIncome": 302132000, "calculatedIncomeNonControlling": 35115000, "calculatedEbitda": 1673689000}, {"date": "2021-12-31", "symbol": "EQR", "reportedCurrency": "USD", "cik": "0000906107", "fillingDate": "2022-02-17", "acceptedDate": "2022-02-17 16:15:55", "calendarYear": "2021", "period": "FY", "revenue": 2463997000, "costOfRevenue": 948792000, "grossProfit": 1515205000, "grossProfitRatio": 0.6149378429, "researchAndDevelopmentExpenses": 0, "generalAndAdministrativeExpenses": 56506000, "sellingAndMarketingExpenses": 0, "sellingGeneralAndAdministrativeExpenses": 56506000, "otherExpenses": 838272000, "operatingExpenses": 894778000, "costAndExpenses": 1843570000, "interestIncome": 25666000, "interestExpense": 272473000, "depreciationAndAmortization": 838272000, "ebitda": 1456353000, "ebitdaratio": 0.5910530735, "operatingIncome": 618081000, "operatingIncomeRatio": 0.2508448671, "totalOtherIncomeExpensesNet": 782941000, "incomeBeforeTax": 1401022000, "incomeBeforeTaxRatio": 0.5685972832, "incomeTaxExpense": 915000, "netIncome": 1332850000, "netIncomeRatio": 0.5409300417, "eps": 3.56, "epsdiluted": 3.54, "weightedAverageShsOut": 373833000, "weightedAverageShsOutDil": 388089000, "link": "https://www.sec.gov/Archives/edgar/data/906107/000156459022005566/0001564590-22-005566-index.htm", "finalLink": "https://www.sec.gov/Archives/edgar/data/906107/000156459022005566/eqr-10k_20211231.htm", "calculatedOtherExpenses": 840618000, "calculatedOperatingExpenses": 897124000, "calculatedNetInterest": -246807000, "calculatedOtherIncome": 1029748000, "calculatedIncomeNonControlling": 67257000, "calculatedEbitda": 1456353000}, {"date": "2020-12-31", "symbol": "EQR", "reportedCurrency": "USD", "cik": "0000906107", "fillingDate": "2021-02-18", "acceptedDate": "2021-02-18 16:27:25", "calendarYear": "2020", "period": "FY", "revenue": 2571705000, "costOfRevenue": 916385000, "grossProfit": 1655320000, "grossProfitRatio": 0.6436663614, "researchAndDevelopmentExpenses": 0, "generalAndAdministrativeExpenses": 48305000, "sellingAndMarketingExpenses": 0, "sellingGeneralAndAdministrativeExpenses": 48305000, "otherExpenses": 820832000, "operatingExpenses": 869137000, "costAndExpenses": 1785522000, "interestIncome": 5935000, "interestExpense": 365073000, "depreciationAndAmortization": 820832000, "ebitda": 1586501000, "ebitdaratio": 0.6169062937, "operatingIncome": 765669000, "operatingIncomeRatio": 0.2977281609, "totalOtherIncomeExpensesNet": 166734000, "incomeBeforeTax": 932403000, "incomeBeforeTaxRatio": 0.3625621912, "incomeTaxExpense": 852000, "netIncome": 913636000, "netIncomeRatio": 0.3552646979, "eps": 2.36, "epsdiluted": 2.27, "weightedAverageShsOut": 371791000, "weightedAverageShsOutDil": 385874000, "link": "https://www.sec.gov/Archives/edgar/data/906107/000156459021006679/0001564590-21-006679-index.htm", "finalLink": "https://www.sec.gov/Archives/edgar/data/906107/000156459021006679/eqr-10k_20201231.htm", "calculatedOtherExpenses": 841346000, "calculatedOperatingExpenses": 889651000, "calculatedNetInterest": -359138000, "calculatedOtherIncome": 525872000, "calculatedIncomeNonControlling": 17915000, "calculatedEbitda": 1586501000}, {"date": "2019-12-31", "symbol": "EQR", "reportedCurrency": "USD", "cik": "0000906107", "fillingDate": "2020-02-20", "acceptedDate": "2020-02-20 16:16:57", "calendarYear": "2019", "period": "FY", "revenue": 2701075000, "costOfRevenue": 908328000, "grossProfit": 1792747000, "grossProfitRatio": 0.663716113, "researchAndDevelopmentExpenses": 0, "generalAndAdministrativeExpenses": 52757000, "sellingAndMarketingExpenses": 0, "sellingGeneralAndAdministrativeExpenses": 52757000, "otherExpenses": 831083000, "operatingExpenses": 883840000, "costAndExpenses": 1792168000, "interestIncome": 2817000, "interestExpense": 390076000, "depreciationAndAmortization": 831083000, "ebitda": 1712960000, "ebitdaratio": 0.6341771332, "operatingIncome": 881877000, "operatingIncomeRatio": 0.3264911193, "totalOtherIncomeExpensesNet": 57561000, "incomeBeforeTax": 939438000, "incomeBeforeTaxRatio": 0.3478015235, "incomeTaxExpense": -2281000, "netIncome": 970377000, "netIncomeRatio": 0.3592558518, "eps": 2.61, "epsdiluted": 2.5, "weightedAverageShsOut": 370461000, "weightedAverageShsOutDil": 386333000, "link": "https://www.sec.gov/Archives/edgar/data/906107/000156459020005562/0001564590-20-005562-index.htm", "finalLink": "https://www.sec.gov/Archives/edgar/data/906107/000156459020005562/eqr-10k_20191231.htm", "calculatedOtherExpenses": 858113000, "calculatedOperatingExpenses": 910870000, "calculatedNetInterest": -387259000, "calculatedOtherIncome": 444820000, "calculatedIncomeNonControlling": -28658000, "calculatedEbitda": 1712960000}, {"date": "2018-12-31", "symbol": "EQR", "reportedCurrency": "USD", "cik": "0000906107", "fillingDate": "2019-02-21", "acceptedDate": "2019-02-21 16:17:35", "calendarYear": "2018", "period": "FY", "revenue": 2578434000, "costOfRevenue": 879634000, "grossProfit": 1698800000, "grossProfitRatio": 0.6588495187, "researchAndDevelopmentExpenses": 0, "generalAndAdministrativeExpenses": 53813000, "sellingAndMarketingExpenses": 0, "sellingGeneralAndAdministrativeExpenses": 53813000, "otherExpenses": -17267000, "operatingExpenses": 839538000, "costAndExpenses": 1719172000, "interestIncome": 15317000, "interestExpense": 413360000, "depreciationAndAmortization": 785725000, "ebitda": 1631727000, "ebitdaratio": 0.6328364426, "operatingIncome": 858560000, "operatingIncomeRatio": 0.3329773033, "totalOtherIncomeExpensesNet": 238841000, "incomeBeforeTax": 688750000, "incomeBeforeTaxRatio": 0.2671194997, "incomeTaxExpense": 878000, "netIncome": 657535000, "netIncomeRatio": 0.2550133143, "eps": 1.79, "epsdiluted": 1.71, "weightedAverageShsOut": 368052000, "weightedAverageShsOutDil": 383695000, "link": "https://www.sec.gov/Archives/edgar/data/906107/000156459019003683/0001564590-19-003683-index.htm", "finalLink": "https://www.sec.gov/Archives/edgar/data/906107/000156459019003683/eqr-10k_20181231.htm", "calculatedOtherExpenses": 786427000, "calculatedOperatingExpenses": 840240000, "calculatedNetInterest": -398043000, "calculatedOtherIncome": 228233000, "calculatedIncomeNonControlling": 30337000, "calculatedEbitda": 1644285000}, {"date": "2017-12-31", "symbol": "EQR", "reportedCurrency": "USD", "cik": "0000906107", "fillingDate": "2018-02-22", "acceptedDate": "2018-02-22 16:15:12", "calendarYear": "2017", "period": "FY", "revenue": 2471406000, "costOfRevenue": 826269000, "grossProfit": 1645137000, "grossProfitRatio": 0.6656684495, "researchAndDevelopmentExpenses": 0, "generalAndAdministrativeExpenses": 52224000, "sellingAndMarketingExpenses": 0, "sellingGeneralAndAdministrativeExpenses": 52224000, "otherExpenses": -5186000, "operatingExpenses": 795973000, "costAndExpenses": 1622242000, "interestIncome": 6136000, "interestExpense": 383890000, "depreciationAndAmortization": 743749000, "ebitda": 1585337000, "ebitdaratio": 0.6414716967, "operatingIncome": 847471000, "operatingIncomeRatio": 0.3429104728, "totalOtherIncomeExpensesNet": 150178000, "incomeBeforeTax": 613062000, "incomeBeforeTaxRatio": 0.2480620343, "incomeTaxExpense": 478000, "netIncome": 603454000, "netIncomeRatio": 0.2441743688, "eps": 1.64, "epsdiluted": 1.58, "weightedAverageShsOut": 366968000, "weightedAverageShsOutDil": 382678000, "link": "https://www.sec.gov/Archives/edgar/data/906107/000156459018002873/0001564590-18-002873-index.htm", "finalLink": "https://www.sec.gov/Archives/edgar/data/906107/000156459018002873/eqr-10k_20171231.htm", "calculatedOtherExpenses": 745442000, "calculatedOperatingExpenses": 797666000, "calculatedNetInterest": -377754000, "calculatedOtherIncome": 143345000, "calculatedIncomeNonControlling": 9130000, "calculatedEbitda": 1591220000}, {"date": "2016-12-31", "symbol": "EQR", "reportedCurrency": "USD", "cik": "0000906107", "fillingDate": "2017-02-23", "acceptedDate": "2017-02-23 16:17:29", "calendarYear": "2016", "period": "FY", "revenue": 2425800000, "costOfRevenue": 806225000, "grossProfit": 1619575000, "grossProfitRatio": 0.6676457251, "researchAndDevelopmentExpenses": 0, "generalAndAdministrativeExpenses": 57840000, "sellingAndMarketingExpenses": 0, "sellingGeneralAndAdministrativeExpenses": 57840000, "otherExpenses": -10368000, "operatingExpenses": 763489000, "costAndExpenses": 1569714000, "interestIncome": 65773000, "interestExpense": 482246000, "depreciationAndAmortization": 705649000, "ebitda": 1604507000, "ebitdaratio": 0.661434166, "operatingIncome": 856086000, "operatingIncomeRatio": 0.3529087311, "totalOtherIncomeExpensesNet": 4033687000, "incomeBeforeTax": 4460667000, "incomeBeforeTaxRatio": 1.8388436804, "incomeTaxExpense": 1613000, "netIncome": 4292163000, "netIncomeRatio": 1.7693804106, "eps": 11.76, "epsdiluted": 11.24, "weightedAverageShsOut": 365002000, "weightedAverageShsOutDil": 381992000, "link": "https://www.sec.gov/Archives/edgar/data/906107/000090610717000007/0000906107-17-000007-index.htm", "finalLink": "https://www.sec.gov/Archives/edgar/data/906107/000090610717000007/eqr-20161231x10k.htm", "calculatedOtherExpenses": 705649000, "calculatedOperatingExpenses": 763489000, "calculatedNetInterest": -416473000, "calculatedOtherIncome": 4021054000, "calculatedIncomeNonControlling": 166891000, "calculatedEbitda": 1561735000}, {"date": "2015-12-31", "symbol": "EQR", "reportedCurrency": "USD", "cik": "0000906107", "fillingDate": "2016-02-25", "acceptedDate": "2016-02-25 16:11:10", "calendarYear": "2015", "period": "FY", "revenue": 2744965000, "costOfRevenue": 905168000, "grossProfit": 1839797000, "grossProfitRatio": 0.6702442472, "researchAndDevelopmentExpenses": 0, "generalAndAdministrativeExpenses": 65082000, "sellingAndMarketingExpenses": 0, "sellingGeneralAndAdministrativeExpenses": 65082000, "otherExpenses": -2942000, "operatingExpenses": 830977000, "costAndExpenses": 1736145000, "interestIncome": 7372000, "interestExpense": 444069000, "depreciationAndAmortization": 765895000, "ebitda": 1768344000, "ebitdaratio": 0.6442136785, "operatingIncome": 1008820000, "operatingIncomeRatio": 0.3675165257, "totalOtherIncomeExpensesNet": 332192000, "incomeBeforeTax": 893514000, "incomeBeforeTaxRatio": 0.3255101613, "incomeTaxExpense": 917000, "netIncome": 870120000, "netIncomeRatio": 0.3169876483, "eps": 2.39, "epsdiluted": 2.29, "weightedAverageShsOut": 363498000, "weightedAverageShsOutDil": 380620000, "link": "https://www.sec.gov/Archives/edgar/data/906107/000090610716000029/0000906107-16-000029-index.htm", "finalLink": "https://www.sec.gov/Archives/edgar/data/906107/000090610716000029/eqr-20151231x10k.htm", "calculatedOtherExpenses": 765895000, "calculatedOperatingExpenses": 830977000, "calculatedNetInterest": -436697000, "calculatedOtherIncome": 321391000, "calculatedIncomeNonControlling": 22477000, "calculatedEbitda": 1774715000}, {"date": "2014-12-31", "symbol": "EQR", "reportedCurrency": "USD", "cik": "0000906107", "fillingDate": "2015-02-26", "acceptedDate": "2015-02-26 16:08:36", "calendarYear": "2014", "period": "FY", "revenue": 2614748000, "costOfRevenue": 883564000, "grossProfit": 1731184000, "grossProfitRatio": 0.6620844533, "researchAndDevelopmentExpenses": 0, "generalAndAdministrativeExpenses": 50948000, "sellingAndMarketingExpenses": 0, "sellingGeneralAndAdministrativeExpenses": 50948000, "otherExpenses": -9073000, "operatingExpenses": 809809000, "costAndExpenses": 1693373000, "interestIncome": 4462000, "interestExpense": 457191000, "depreciationAndAmortization": 758861000, "ebitda": 1664537000, "ebitdaratio": 0.6365955725, "operatingIncome": 921375000, "operatingIncomeRatio": 0.3523762137, "totalOtherIncomeExpensesNet": 203612000, "incomeBeforeTax": 661170000, "incomeBeforeTaxRatio": 0.2528618437, "incomeTaxExpense": 1394000, "netIncome": 631308000, "netIncomeRatio": 0.2414412402, "eps": 1.75, "epsdiluted": 1.67, "weightedAverageShsOut": 361181000, "weightedAverageShsOutDil": 377735000, "link": "https://www.sec.gov/Archives/edgar/data/906107/000090610715000007/0000906107-15-000007-index.htm", "finalLink": "https://www.sec.gov/Archives/edgar/data/906107/000090610715000007/eqr-20141231x10k.htm", "calculatedOtherExpenses": 758861000, "calculatedOperatingExpenses": 809809000, "calculatedNetInterest": -452729000, "calculatedOtherIncome": 192524000, "calculatedIncomeNonControlling": 28468000, "calculatedEbitda": 1680236000}, {"date": "2013-12-31", "symbol": "EQR", "reportedCurrency": "USD", "cik": "0000906107", "fillingDate": "2014-02-27", "acceptedDate": "2014-02-27 16:12:28", "calendarYear": "2013", "period": "FY", "revenue": 2387702000, "costOfRevenue": 834262000, "grossProfit": 1553440000, "grossProfitRatio": 0.6506004518, "researchAndDevelopmentExpenses": 0, "generalAndAdministrativeExpenses": 62179000, "sellingAndMarketingExpenses": 0, "sellingGeneralAndAdministrativeExpenses": 62179000, "otherExpenses": -9105000, "operatingExpenses": 1041152000, "costAndExpenses": 1875414000, "interestIncome": 4656000, "interestExpense": 586854000, "depreciationAndAmortization": 978973000, "ebitda": 1410611000, "ebitdaratio": 0.590781848, "operatingIncome": 512288000, "operatingIncomeRatio": 0.2145527373, "totalOtherIncomeExpensesNet": -82966000, "incomeBeforeTax": -175073000, "incomeBeforeTaxRatio": -0.0733228016, "incomeTaxExpense": 1169000, "netIncome": 1830613000, "netIncomeRatio": 0.7666840334, "eps": 5.17, "epsdiluted": 5.17, "weightedAverageShsOut": 354305000, "weightedAverageShsOutDil": 354305000, "link": "https://www.sec.gov/Archives/edgar/data/906107/000090610714000006/0000906107-14-000006-index.htm", "finalLink": "https://www.sec.gov/Archives/edgar/data/906107/000090610714000006/eqr-20131231x10k.htm", "calculatedOtherExpenses": 978973000, "calculatedOperatingExpenses": 1041152000, "calculatedNetInterest": -582198000, "calculatedOtherIncome": -105163000, "calculatedIncomeNonControlling": -2006855000, "calculatedEbitda": 1491261000}, {"date": "2012-12-31", "symbol": "EQR", "reportedCurrency": "USD", "cik": "0000906107", "fillingDate": "2013-02-21", "acceptedDate": "2013-02-21 13:08:46", "calendarYear": "2012", "period": "FY", "revenue": 2123715000, "costOfRevenue": 744427000, "grossProfit": 1379288000, "grossProfitRatio": 0.6494694439, "researchAndDevelopmentExpenses": 0, "generalAndAdministrativeExpenses": 47248000, "sellingAndMarketingExpenses": 0, "sellingGeneralAndAdministrativeExpenses": 47248000, "otherExpenses": -27361000, "operatingExpenses": 711330000, "costAndExpenses": 1455757000, "interestIncome": 150547000, "interestExpense": 457666000, "depreciationAndAmortization": 664082000, "ebitda": 1433856000, "ebitdaratio": 0.6751640404, "operatingIncome": 667958000, "operatingIncomeRatio": 0.3145233706, "totalOtherIncomeExpensesNet": -27361000, "incomeBeforeTax": 312108000, "incomeBeforeTaxRatio": 0.1469632225, "incomeTaxExpense": 539000, "netIncome": 841719000, "netIncomeRatio": 0.3963427296, "eps": 2.78, "epsdiluted": 2.63, "weightedAverageShsOut": 302701000, "weightedAverageShsOutDil": 319766000, "link": "https://www.sec.gov/Archives/edgar/data/906107/000090610713000005/0000906107-13-000005-index.htm", "finalLink": "https://www.sec.gov/Archives/edgar/data/906107/000090610713000005/eqr-20121231x10k.htm", "calculatedOtherExpenses": 664082000, "calculatedOperatingExpenses": 711330000, "calculatedNetInterest": -307119000, "calculatedOtherIncome": -48731000, "calculatedIncomeNonControlling": -530150000, "calculatedEbitda": 1332040000}, {"date": "2011-12-31", "symbol": "EQR", "reportedCurrency": "USD", "cik": "0000906107", "fillingDate": "2012-02-24", "acceptedDate": "2012-02-24 15:14:15", "calendarYear": "2011", "period": "FY", "revenue": 1969269000, "costOfRevenue": 718388000, "grossProfit": 1250881000, "grossProfitRatio": 0.635200676, "researchAndDevelopmentExpenses": 0, "generalAndAdministrativeExpenses": 43606000, "sellingAndMarketingExpenses": 0, "sellingGeneralAndAdministrativeExpenses": 43606000, "otherExpenses": 646963000, "operatingExpenses": 686021000, "costAndExpenses": 1404409000, "interestIncome": 7977000, "interestExpense": 468320000, "depreciationAndAmortization": 663616000, "ebitda": 1236453000, "ebitdaratio": 0.6278740995, "operatingIncome": 564860000, "operatingIncomeRatio": 0.2868374001, "totalOtherIncomeExpensesNet": -31563000, "incomeBeforeTax": 72954000, "incomeBeforeTaxRatio": 0.0370462339, "incomeTaxExpense": 728000, "netIncome": 893585000, "netIncomeRatio": 0.4537648234, "eps": 3.03, "epsdiluted": 3.03, "weightedAverageShsOut": 294856000, "weightedAverageShsOutDil": 294856000, "link": "https://www.sec.gov/Archives/edgar/data/906107/000090610712000004/0000906107-12-000004-index.htm", "finalLink": "https://www.sec.gov/Archives/edgar/data/906107/000090610712000004/eqr-20111231x10k.htm", "calculatedOtherExpenses": 642415000, "calculatedOperatingExpenses": 686021000, "calculatedNetInterest": -460343000, "calculatedOtherIncome": -31563000, "calculatedIncomeNonControlling": -821359000, "calculatedEbitda": 1228476000}, {"date": "2010-12-31", "symbol": "EQR", "reportedCurrency": "USD", "cik": "0000906107", "fillingDate": "2011-02-24", "acceptedDate": "2011-02-24 13:32:27", "calendarYear": "2010", "period": "FY", "revenue": 1966849000, "costOfRevenue": 800228000, "grossProfit": 1166621000, "grossProfitRatio": 0.5931421273, "researchAndDevelopmentExpenses": 0, "generalAndAdministrativeExpenses": 39887000, "sellingAndMarketingExpenses": 0, "sellingGeneralAndAdministrativeExpenses": 39887000, "otherExpenses": 656633000, "operatingExpenses": 688578000, "costAndExpenses": 1488806000, "interestIncome": 5313000, "interestExpense": 480723000, "depreciationAndAmortization": 673403000, "ebitda": 1156759000, "ebitdaratio": 0.5881280159, "operatingIncome": 432663000, "operatingIncomeRatio": 0.219977741, "totalOtherIncomeExpensesNet": -57308000, "incomeBeforeTax": -54675000, "incomeBeforeTaxRatio": -0.0277982702, "incomeTaxExpense": 331000, "netIncome": 283610000, "netIncomeRatio": 0.144195106, "eps": 1, "epsdiluted": 1, "weightedAverageShsOut": 282888000, "weightedAverageShsOutDil": 282888000, "link": "https://www.sec.gov/Archives/edgar/data/906107/000095012311017717/0000950123-11-017717-index.htm", "finalLink": "https://www.sec.gov/Archives/edgar/data/906107/000095012311017717/c61474e10vk.htm", "calculatedOtherExpenses": 694071000, "calculatedOperatingExpenses": 733958000, "calculatedNetInterest": -475410000, "calculatedOtherIncome": -11928000, "calculatedIncomeNonControlling": -338616000, "calculatedEbitda": 1106066000}, {"date": "2009-12-31", "symbol": "EQR", "reportedCurrency": "USD", "cik": "0000906107", "fillingDate": "2010-02-25", "acceptedDate": "2010-02-25 12:18:37", "calendarYear": "2009", "period": "FY", "revenue": 1943711000, "costOfRevenue": 774404000, "grossProfit": 1169307000, "grossProfitRatio": 0.6015848035, "researchAndDevelopmentExpenses": 0, "generalAndAdministrativeExpenses": 38994000, "sellingAndMarketingExpenses": 0, "sellingGeneralAndAdministrativeExpenses": 38994000, "otherExpenses": 589799000, "operatingExpenses": 628793000, "costAndExpenses": 1403197000, "interestIncome": 16684000, "interestExpense": 516622000, "depreciationAndAmortization": 600375000, "ebitda": 1157573000, "ebitdaratio": 0.5955478978, "operatingIncome": 529390000, "operatingIncomeRatio": 0.2723604486, "totalOtherIncomeExpensesNet": -17611000, "incomeBeforeTax": 22965000, "incomeBeforeTaxRatio": 0.0118150281, "incomeTaxExpense": 2808000, "netIncome": 362273000, "netIncomeRatio": 0.1863821319, "eps": 1.32, "epsdiluted": 1.32, "weightedAverageShsOut": 273609000, "weightedAverageShsOutDil": 273609000, "link": "https://www.sec.gov/Archives/edgar/data/906107/000119312510040142/0001193125-10-040142-index.htm", "finalLink": "https://www.sec.gov/Archives/edgar/data/906107/000119312510040142/d10k.htm", "calculatedOtherExpenses": 600923000, "calculatedOperatingExpenses": 639917000, "calculatedNetInterest": -499938000, "calculatedOtherIncome": -6487000, "calculatedIncomeNonControlling": -342116000, "calculatedEbitda": 1129765000}, {"date": "2008-12-31", "symbol": "EQR", "reportedCurrency": "USD", "cik": "0000906107", "fillingDate": "2009-02-26", "acceptedDate": "2009-02-26 09:19:33", "calendarYear": "2008", "period": "FY", "revenue": 2103204000, "costOfRevenue": 619434000, "grossProfit": 1483770000, "grossProfitRatio": 0.7054807808, "researchAndDevelopmentExpenses": 0, "generalAndAdministrativeExpenses": 44951000, "sellingAndMarketingExpenses": 0, "sellingGeneralAndAdministrativeExpenses": 44951000, "otherExpenses": 102360000, "operatingExpenses": 1480989000, "costAndExpenses": 1480989000, "interestIncome": 33540000, "interestExpense": 488802000, "depreciationAndAmortization": 591162000, "ebitda": 1241065000, "ebitdaratio": 0.5900830352, "operatingIncome": 500112000, "operatingIncomeRatio": 0.2377857783, "totalOtherIncomeExpensesNet": -116251000, "incomeBeforeTax": 44850000, "incomeBeforeTaxRatio": 0.0213246076, "incomeTaxExpense": 5286000, "netIncome": 420092000, "netIncomeRatio": 0.1997390648, "eps": 1.56, "epsdiluted": 1.56, "weightedAverageShsOut": 270012000, "weightedAverageShsOutDil": 270012000, "link": "https://www.sec.gov/Archives/edgar/data/906107/000119312509038255/0001193125-09-038255-index.htm", "finalLink": "https://www.sec.gov/Archives/edgar/data/906107/000119312509038255/d10k.htm", "calculatedOtherExpenses": 938707000, "calculatedOperatingExpenses": 983658000, "calculatedNetInterest": -455262000, "calculatedOtherIncome": 0, "calculatedIncomeNonControlling": -380528000, "calculatedEbitda": 1091274000}, {"date": "2007-12-31", "symbol": "EQR", "reportedCurrency": "USD", "cik": "0000906107", "fillingDate": "2008-02-27", "acceptedDate": "2008-02-27 09:26:48", "calendarYear": "2007", "period": "FY", "revenue": 1953438000, "costOfRevenue": 207286000, "grossProfit": 1746152000, "grossProfitRatio": 0.8938865733, "researchAndDevelopmentExpenses": 0, "generalAndAdministrativeExpenses": 49289000, "sellingAndMarketingExpenses": 0, "sellingGeneralAndAdministrativeExpenses": 49289000, "otherExpenses": 926261000, "operatingExpenses": 921248000, "costAndExpenses": 921248000, "interestIncome": 20151000, "interestExpense": 492941000, "depreciationAndAmortization": 623848000, "ebitda": 1656038000, "ebitdaratio": 0.8477555981, "operatingIncome": 539249000, "operatingIncomeRatio": 0.2760512491, "totalOtherIncomeExpensesNet": 7903000, "incomeBeforeTax": 989622000, "incomeBeforeTaxRatio": 0.5066052775, "incomeTaxExpense": -989622000, "netIncome": 989622000, "netIncomeRatio": 0.5066052775, "eps": 3.54, "epsdiluted": 3.27, "weightedAverageShsOut": 279406000, "weightedAverageShsOutDil": 302235000, "link": "https://www.sec.gov/Archives/edgar/data/906107/000110465908013087/0001104659-08-013087-index.htm", "finalLink": "https://www.sec.gov/Archives/edgar/data/906107/000110465908013087/a08-2468_110k.htm", "calculatedOtherExpenses": 1157614000, "calculatedOperatingExpenses": 1206903000, "calculatedNetInterest": -472790000, "calculatedOtherIncome": 923163000, "calculatedIncomeNonControlling": 989622000, "calculatedEbitda": 1163097000}, {"date": "2006-12-31", "symbol": "EQR", "reportedCurrency": "USD", "cik": "0000906107", "fillingDate": "2007-02-28", "acceptedDate": "2007-02-28 14:29:31", "calendarYear": "2006", "period": "FY", "revenue": 1990436000, "costOfRevenue": 199582000, "grossProfit": 1790854000, "grossProfitRatio": 0.8997295065, "researchAndDevelopmentExpenses": 0, "generalAndAdministrativeExpenses": 48465000, "sellingAndMarketingExpenses": 0, "sellingGeneralAndAdministrativeExpenses": 48465000, "otherExpenses": 1394826000, "operatingExpenses": 1443291000, "costAndExpenses": 1443291000, "interestIncome": 108020000, "interestExpense": 1072844000, "depreciationAndAmortization": 593478000, "ebitda": 1171833000, "ebitdaratio": 0.5887318155, "operatingIncome": 513143000, "operatingIncomeRatio": 0.2578043203, "totalOtherIncomeExpensesNet": -31210000, "incomeBeforeTax": 1072844000, "incomeBeforeTaxRatio": 0.5389994956, "incomeTaxExpense": -1072844000, "netIncome": 1072844000, "netIncomeRatio": 0.5389994956, "eps": 3.7, "epsdiluted": 3.4, "weightedAverageShsOut": 290019000, "weightedAverageShsOutDil": 315579000, "link": "https://www.sec.gov/Archives/edgar/data/906107/000110465907014819/0001104659-07-014819-index.htm", "finalLink": "https://www.sec.gov/Archives/edgar/data/906107/000110465907014819/a07-5259_110k.htm", "calculatedOtherExpenses": 1229246000, "calculatedOperatingExpenses": 1277711000, "calculatedNetInterest": -964824000, "calculatedOtherIncome": 1524525000, "calculatedIncomeNonControlling": 1072844000, "calculatedEbitda": 1106621000}, {"date": "2005-12-31", "symbol": "EQR", "reportedCurrency": "USD", "cik": "0000906107", "fillingDate": "2006-03-08", "acceptedDate": "2006-03-08 10:14:57", "calendarYear": "2005", "period": "FY", "revenue": 1954937000, "costOfRevenue": 224400000, "grossProfit": 1730537000, "grossProfitRatio": 0.8852136923, "researchAndDevelopmentExpenses": 0, "generalAndAdministrativeExpenses": 71799000, "sellingAndMarketingExpenses": 0, "sellingGeneralAndAdministrativeExpenses": 71799000, "otherExpenses": 1371194000, "operatingExpenses": 1442993000, "costAndExpenses": 1442993000, "interestIncome": 189870000, "interestExpense": 861793000, "depreciationAndAmortization": 528958000, "ebitda": 1040902000, "ebitdaratio": 0.5324478487, "operatingIncome": 511944000, "operatingIncomeRatio": 0.2618723775, "totalOtherIncomeExpensesNet": 349849000, "incomeBeforeTax": 861793000, "incomeBeforeTaxRatio": 0.4408290395, "incomeTaxExpense": -861793000, "netIncome": 861793000, "netIncomeRatio": 0.4408290395, "eps": 3.02, "epsdiluted": 2.77, "weightedAverageShsOut": 285760000, "weightedAverageShsOutDil": 310785000, "link": "https://www.sec.gov/Archives/edgar/data/906107/000110465906014827/0001104659-06-014827-index.htm", "finalLink": "https://www.sec.gov/Archives/edgar/data/906107/000110465906014827/a06-2281_110k.htm", "calculatedOtherExpenses": 1146794000, "calculatedOperatingExpenses": 1218593000, "calculatedNetInterest": -671923000, "calculatedOtherIncome": 1021772000, "calculatedIncomeNonControlling": 861793000, "calculatedEbitda": 1040902000}, {"date": "2004-12-31", "symbol": "EQR", "reportedCurrency": "USD", "cik": "0000906107", "fillingDate": "2005-03-14", "acceptedDate": "2005-03-14 15:50:54", "calendarYear": "2004", "period": "FY", "revenue": 1889501000, "costOfRevenue": 222448000, "grossProfit": 1667053000, "grossProfitRatio": 0.8822715627, "researchAndDevelopmentExpenses": 0, "generalAndAdministrativeExpenses": 51236000, "sellingAndMarketingExpenses": 0, "sellingGeneralAndAdministrativeExpenses": 51236000, "otherExpenses": 1311580000, "operatingExpenses": 1362816000, "costAndExpenses": 1362816000, "interestIncome": 188056000, "interestExpense": 472329000, "depreciationAndAmortization": 496583000, "ebitda": 1026000000, "ebitdaratio": 0.5430005065, "operatingIncome": 526685000, "operatingIncomeRatio": 0.2787429062, "totalOtherIncomeExpensesNet": -2732000, "incomeBeforeTax": 472329000, "incomeBeforeTaxRatio": 0.2499755226, "incomeTaxExpense": -472329000, "netIncome": 472329000, "netIncomeRatio": 0.2499755226, "eps": 1.69, "epsdiluted": 1.69, "weightedAverageShsOut": 279744000, "weightedAverageShsOutDil": 279744000, "link": "https://www.sec.gov/Archives/edgar/data/906107/000110465905010843/0001104659-05-010843-index.htm", "finalLink": "https://www.sec.gov/Archives/edgar/data/906107/000110465905010843/a05-2042_110k.htm", "calculatedOtherExpenses": 1089132000, "calculatedOperatingExpenses": 1140368000, "calculatedNetInterest": -284273000, "calculatedOtherIncome": 229917000, "calculatedIncomeNonControlling": 472329000, "calculatedEbitda": 1023268000}, {"date": "2003-12-31", "symbol": "EQR", "reportedCurrency": "USD", "cik": "0000906107", "fillingDate": "2004-03-12", "acceptedDate": "2004-03-12 10:16:19", "calendarYear": "2003", "period": "FY", "revenue": 1823298000, "costOfRevenue": 196987000, "grossProfit": 1626311000, "grossProfitRatio": 0.8919611605, "researchAndDevelopmentExpenses": 0, "generalAndAdministrativeExpenses": 38810000, "sellingAndMarketingExpenses": 0, "sellingGeneralAndAdministrativeExpenses": 38810000, "otherExpenses": 1215811000, "operatingExpenses": 1254621000, "costAndExpenses": 1254621000, "interestIncome": 251121000, "interestExpense": 543847000, "depreciationAndAmortization": 471569000, "ebitda": 1036466000, "ebitdaratio": 0.5684567196, "operatingIncome": 567515000, "operatingIncomeRatio": 0.3112574028, "totalOtherIncomeExpensesNet": 3780000, "incomeBeforeTax": 543847000, "incomeBeforeTaxRatio": 0.2982765297, "incomeTaxExpense": -543847000, "netIncome": 543847000, "netIncomeRatio": 0.2982765297, "eps": 2, "epsdiluted": 2, "weightedAverageShsOut": 272337000, "weightedAverageShsOutDil": 272337000, "link": "https://www.sec.gov/Archives/edgar/data/906107/000110465904007155/0001104659-04-007155-index.htm", "finalLink": "https://www.sec.gov/Archives/edgar/data/906107/000110465904007155/a04-2963_210k.htm", "calculatedOtherExpenses": 1019986000, "calculatedOperatingExpenses": 1058796000, "calculatedNetInterest": -292726000, "calculatedOtherIncome": 269058000, "calculatedIncomeNonControlling": 543847000, "calculatedEbitda": 1039084000}, {"date": "2002-12-31", "symbol": "EQR", "reportedCurrency": "USD", "cik": "0000906107", "fillingDate": "2003-03-14", "acceptedDate": "2003-03-14 16:10:12", "calendarYear": "2002", "period": "FY", "revenue": 1994053000, "costOfRevenue": 199350000, "grossProfit": 1794703000, "grossProfitRatio": 0.9000277325, "researchAndDevelopmentExpenses": 0, "generalAndAdministrativeExpenses": 46492000, "sellingAndMarketingExpenses": 0, "sellingGeneralAndAdministrativeExpenses": 46492000, "otherExpenses": 1257135000, "operatingExpenses": 1303627000, "costAndExpenses": 1303627000, "interestIncome": 328905000, "interestExpense": 421313000, "depreciationAndAmortization": 472956000, "ebitda": 1176612000, "ebitdaratio": 0.590060545, "operatingIncome": 672142000, "operatingIncomeRatio": 0.3370732874, "totalOtherIncomeExpensesNet": -13230000, "incomeBeforeTax": 421313000, "incomeBeforeTaxRatio": 0.2112847552, "incomeTaxExpense": -421313000, "netIncome": 421313000, "netIncomeRatio": 0.2112847552, "eps": 1.55, "epsdiluted": 1.41, "weightedAverageShsOut": 271974000, "weightedAverageShsOutDil": 297969000, "link": "https://www.sec.gov/Archives/edgar/data/906107/000110465903004297/0001104659-03-004297-index.htm", "finalLink": "https://www.sec.gov/Archives/edgar/data/906107/000110465903004297/j8049_10k.htm", "calculatedOtherExpenses": 1076069000, "calculatedOperatingExpenses": 1122561000, "calculatedNetInterest": -92408000, "calculatedOtherIncome": -158421000, "calculatedIncomeNonControlling": 421313000, "calculatedEbitda": 1145098000}, {"date": "2001-12-31", "symbol": "EQR", "reportedCurrency": "USD", "cik": "0000906107", "fillingDate": "2002-03-07", "acceptedDate": "2002-03-07 00:00:00", "calendarYear": "2001", "period": "FY", "revenue": 2170643000, "costOfRevenue": 723237000, "grossProfit": 1447406000, "grossProfitRatio": 0.6668097886, "researchAndDevelopmentExpenses": 0, "generalAndAdministrativeExpenses": 35414000, "sellingAndMarketingExpenses": 0, "sellingGeneralAndAdministrativeExpenses": 35414000, "otherExpenses": 1417714000, "operatingExpenses": 1453128000, "costAndExpenses": 1453128000, "interestIncome": 8786000, "interestExpense": 473585000, "depreciationAndAmortization": 471721000, "ebitda": 1189236000, "ebitdaratio": 0.547872681, "operatingIncome": 717515000, "operatingIncomeRatio": 0.3305541261, "totalOtherIncomeExpensesNet": -243930000, "incomeBeforeTax": 473585000, "incomeBeforeTaxRatio": 0.2181772866, "incomeTaxExpense": -473585000, "netIncome": 473585000, "netIncomeRatio": 0.2181772866, "eps": 1.77, "epsdiluted": 1.6, "weightedAverageShsOut": 267349000, "weightedAverageShsOutDil": 295213000, "link": "https://www.sec.gov/Archives/edgar/data/906107/000091205702009068/0000912057-02-009068-index.htm", "finalLink": "https://www.sec.gov/Archives/edgar/data/906107/000091205702009068/a2072511z10-k.htm", "calculatedOtherExpenses": 694477000, "calculatedOperatingExpenses": 729891000, "calculatedNetInterest": -464799000, "calculatedOtherIncome": 220869000, "calculatedIncomeNonControlling": 473585000, "calculatedEbitda": 1189236000}, {"date": "2000-12-31", "symbol": "EQR", "reportedCurrency": "USD", "cik": "0000906107", "fillingDate": "2001-02-20", "acceptedDate": "2001-02-20 00:00:00", "calendarYear": "2000", "period": "FY", "revenue": 2030340000, "costOfRevenue": 0, "grossProfit": 2030340000, "grossProfitRatio": 1, "researchAndDevelopmentExpenses": 0, "generalAndAdministrativeExpenses": 26385000, "sellingAndMarketingExpenses": 0, "sellingGeneralAndAdministrativeExpenses": 26385000, "otherExpenses": 1234923000, "operatingExpenses": 1261308000, "costAndExpenses": 1261308000, "interestIncome": 0, "interestExpense": 549451000, "depreciationAndAmortization": 451344000, "ebitda": 1220376000, "ebitdaratio": 0.6010697716, "operatingIncome": 769032000, "operatingIncomeRatio": 0.3787700582, "totalOtherIncomeExpensesNet": -219581000, "incomeBeforeTax": 549451000, "incomeBeforeTaxRatio": 0.2706201917, "incomeTaxExpense": -549451000, "netIncome": 549451000, "netIncomeRatio": 0.2706201917, "eps": 2.12, "epsdiluted": 1.92, "weightedAverageShsOut": 259015000, "weightedAverageShsOutDil": 286503000, "link": "https://www.sec.gov/Archives/edgar/data/906107/000091205701006222/0000912057-01-006222-index.htm", "finalLink": "https://www.sec.gov/Archives/edgar/data/906107/000091205701006222/a2039377z10-k.txt", "calculatedOtherExpenses": 1234923000, "calculatedOperatingExpenses": 1261308000, "calculatedNetInterest": -549451000, "calculatedOtherIncome": 329870000, "calculatedIncomeNonControlling": 549451000, "calculatedEbitda": 1220376000}, {"date": "1999-12-31", "symbol": "EQR", "reportedCurrency": "USD", "cik": "0000906107", "fillingDate": "2000-03-14", "acceptedDate": "2000-03-14 00:00:00", "calendarYear": "1999", "period": "FY", "revenue": 1753118000, "costOfRevenue": 0, "grossProfit": 1753118000, "grossProfitRatio": 1, "researchAndDevelopmentExpenses": 0, "generalAndAdministrativeExpenses": 22296000, "sellingAndMarketingExpenses": 0, "sellingGeneralAndAdministrativeExpenses": 22296000, "otherExpenses": 1059216000, "operatingExpenses": 1081512000, "costAndExpenses": 1081512000, "interestIncome": 0, "interestExpense": 393881000, "depreciationAndAmortization": 408688000, "ebitda": 1080294000, "ebitdaratio": 0.6162129417, "operatingIncome": 671606000, "operatingIncomeRatio": 0.3830922961, "totalOtherIncomeExpensesNet": -277725000, "incomeBeforeTax": 393881000, "incomeBeforeTaxRatio": 0.2246745513, "incomeTaxExpense": -393881000, "netIncome": 393881000, "netIncomeRatio": 0.2246745513, "eps": 1.61, "epsdiluted": 1.45, "weightedAverageShsOut": 244350000, "weightedAverageShsOutDil": 271310000, "link": "https://www.sec.gov/Archives/edgar/data/906107/000091205700011416/0000912057-00-011416-index.html", "finalLink": "https://www.sec.gov/Archives/edgar/data/906107/000091205700011416/", "calculatedOtherExpenses": 1059216000, "calculatedOperatingExpenses": 1081512000, "calculatedNetInterest": -393881000, "calculatedOtherIncome": 116156000, "calculatedIncomeNonControlling": 393881000, "calculatedEbitda": 1080294000}, {"date": "1998-12-31", "symbol": "EQR", "reportedCurrency": "USD", "cik": "0000906107", "fillingDate": "1999-03-19", "acceptedDate": "1999-03-19 00:00:00", "calendarYear": "1998", "period": "FY", "revenue": 1337449000, "costOfRevenue": 0, "grossProfit": 1337449000, "grossProfitRatio": 1, "researchAndDevelopmentExpenses": 0, "generalAndAdministrativeExpenses": 21718000, "sellingAndMarketingExpenses": 0, "sellingGeneralAndAdministrativeExpenses": 21718000, "otherExpenses": 811357000, "operatingExpenses": 833075000, "costAndExpenses": 833075000, "interestIncome": 0, "interestExpense": 258206000, "depreciationAndAmortization": 301869000, "ebitda": 784543000, "ebitdaratio": 0.586596573, "operatingIncome": 504374000, "operatingIncomeRatio": 0.3771164358, "totalOtherIncomeExpensesNet": 21700000, "incomeBeforeTax": 258206000, "incomeBeforeTaxRatio": 0.1930585764, "incomeTaxExpense": -258206000, "netIncome": 258206000, "netIncomeRatio": 0.1930585764, "eps": 1.29, "epsdiluted": 1.15, "weightedAverageShsOut": 200740000, "weightedAverageShsOutDil": 225156000, "link": "https://www.sec.gov/Archives/edgar/data/906107/000095013199001583/0000950131-99-001583-index.html", "finalLink": "https://www.sec.gov/Archives/edgar/data/906107/", "calculatedOtherExpenses": 811357000, "calculatedOperatingExpenses": 833075000, "calculatedNetInterest": -258206000, "calculatedOtherIncome": 12038000, "calculatedIncomeNonControlling": 258206000, "calculatedEbitda": 806243000}, {"date": "1997-12-31", "symbol": "EQR", "reportedCurrency": "USD", "cik": "0000906107", "fillingDate": "1998-03-20", "acceptedDate": "1998-03-20 00:00:00", "calendarYear": "1997", "period": "FY", "revenue": 747321000, "costOfRevenue": 0, "grossProfit": 747321000, "grossProfitRatio": 1, "researchAndDevelopmentExpenses": 0, "generalAndAdministrativeExpenses": 15064000, "sellingAndMarketingExpenses": 0, "sellingGeneralAndAdministrativeExpenses": 15064000, "otherExpenses": 432396000, "operatingExpenses": 447460000, "costAndExpenses": 447460000, "interestIncome": 0, "interestExpense": 176592000, "depreciationAndAmortization": 156644000, "ebitda": 456505000, "ebitdaratio": 0.6108553085, "operatingIncome": 299861000, "operatingIncomeRatio": 0.4012479243, "totalOtherIncomeExpensesNet": -123269000, "incomeBeforeTax": 176592000, "incomeBeforeTaxRatio": 0.2363000638, "incomeTaxExpense": -176592000, "netIncome": 176592000, "netIncomeRatio": 0.2363000638, "eps": 1.34, "epsdiluted": 1.32, "weightedAverageShsOut": 131396648, "weightedAverageShsOutDil": 133636364, "link": "https://www.sec.gov/Archives/edgar/data/906107/000095013198001828/0000950131-98-001828-index.html", "finalLink": "https://www.sec.gov/Archives/edgar/data/906107/", "calculatedOtherExpenses": 432396000, "calculatedOperatingExpenses": 447460000, "calculatedNetInterest": -176592000, "calculatedOtherIncome": 53323000, "calculatedIncomeNonControlling": 176592000, "calculatedEbitda": 456505000}, {"date": "1996-12-31", "symbol": "EQR", "reportedCurrency": "USD", "cik": "0000906107", "fillingDate": "1997-03-21", "acceptedDate": "1997-03-21 00:00:00", "calendarYear": "1996", "period": "FY", "revenue": 478385000, "costOfRevenue": 0, "grossProfit": 478385000, "grossProfitRatio": 1, "researchAndDevelopmentExpenses": 0, "generalAndAdministrativeExpenses": 9857000, "sellingAndMarketingExpenses": 0, "sellingGeneralAndAdministrativeExpenses": 9857000, "otherExpenses": 285902000, "operatingExpenses": 295759000, "costAndExpenses": 295759000, "interestIncome": 0, "interestExpense": 101624000, "depreciationAndAmortization": 93253000, "ebitda": 275879000, "ebitdaratio": 0.5766882323, "operatingIncome": 182626000, "operatingIncomeRatio": 0.3817552808, "totalOtherIncomeExpensesNet": -81002000, "incomeBeforeTax": 101624000, "incomeBeforeTaxRatio": 0.2124314098, "incomeTaxExpense": -101624000, "netIncome": 101624000, "netIncomeRatio": 0.2124314098, "eps": 1.19, "epsdiluted": 1.19, "weightedAverageShsOut": 85172000, "weightedAverageShsOutDil": 85172000, "link": "https://www.sec.gov/Archives/edgar/data/906107/000095013197001984/0000950131-97-001984-index.html", "finalLink": "https://www.sec.gov/Archives/edgar/data/906107/", "calculatedOtherExpenses": 285902000, "calculatedOperatingExpenses": 295759000, "calculatedNetInterest": -101624000, "calculatedOtherIncome": 20622000, "calculatedIncomeNonControlling": 101624000, "calculatedEbitda": 275879000}, {"date": "1995-12-31", "symbol": "EQR", "reportedCurrency": "USD", "cik": "0000906107", "fillingDate": "1996-08-26", "acceptedDate": "1996-08-26 00:00:00", "calendarYear": "1995", "period": "FY", "revenue": 412500000, "costOfRevenue": 0, "grossProfit": 412500000, "grossProfitRatio": 1, "researchAndDevelopmentExpenses": 0, "generalAndAdministrativeExpenses": 8100000, "sellingAndMarketingExpenses": 0, "sellingGeneralAndAdministrativeExpenses": 8100000, "otherExpenses": -250700000, "operatingExpenses": -242600000, "costAndExpenses": -242600000, "interestIncome": 0, "interestExpense": 67700000, "depreciationAndAmortization": 76100000, "ebitda": 731200000, "ebitdaratio": 1.7726060606, "operatingIncome": 67700000, "operatingIncomeRatio": 0.1641212121, "totalOtherIncomeExpensesNet": 0, "incomeBeforeTax": 67700000, "incomeBeforeTaxRatio": 0.1641212121, "incomeTaxExpense": -67700000, "netIncome": 67700000, "netIncomeRatio": 0.1641212121, "eps": 0.99, "epsdiluted": 0.98, "weightedAverageShsOut": 68571429, "weightedAverageShsOutDil": 68982036, "link": "https://www.sec.gov/Archives/edgar/data/906107/000095013196004155/0000950131-96-004155-index.html", "finalLink": "https://www.sec.gov/Archives/edgar/data/906107/", "calculatedOtherExpenses": 336700000, "calculatedOperatingExpenses": 344800000, "calculatedNetInterest": -67700000, "calculatedOtherIncome": 67700000, "calculatedIncomeNonControlling": 67700000, "calculatedEbitda": 143800000}, {"date": "1994-12-31", "symbol": "EQR", "reportedCurrency": "USD", "cik": "0000906107", "fillingDate": "1994-12-31", "acceptedDate": "1994-12-31 00:00:00", "calendarYear": "1994", "period": "FY", "revenue": 231000000, "costOfRevenue": 0, "grossProfit": 231000000, "grossProfitRatio": 1, "researchAndDevelopmentExpenses": 0, "generalAndAdministrativeExpenses": 6100000, "sellingAndMarketingExpenses": 0, "sellingGeneralAndAdministrativeExpenses": 6100000, "otherExpenses": -148000000, "operatingExpenses": -141900000, "costAndExpenses": -141900000, "interestIncome": 0, "interestExpense": 34400000, "depreciationAndAmortization": 39300000, "ebitda": 412200000, "ebitdaratio": 1.7844155844, "operatingIncome": 34400000, "operatingIncomeRatio": 0.1489177489, "totalOtherIncomeExpensesNet": 0, "incomeBeforeTax": 34400000, "incomeBeforeTaxRatio": 0.1489177489, "incomeTaxExpense": -34400000, "netIncome": 34400000, "netIncomeRatio": 0.1489177489, "eps": 0.67, "epsdiluted": 0.67, "weightedAverageShsOut": 51343284, "weightedAverageShsOutDil": 51343284, "link": null, "finalLink": null, "calculatedOtherExpenses": 190500000, "calculatedOperatingExpenses": 196600000, "calculatedNetInterest": -34400000, "calculatedOtherIncome": 34400000, "calculatedIncomeNonControlling": 34400000, "calculatedEbitda": 73700000}, {"date": "1993-12-31", "symbol": "EQR", "reportedCurrency": "USD", "cik": "0000906107", "fillingDate": "1993-12-31", "acceptedDate": "1993-12-31 00:00:00", "calendarYear": "1993", "period": "FY", "revenue": 113900000, "costOfRevenue": 0, "grossProfit": 113900000, "grossProfitRatio": 1, "researchAndDevelopmentExpenses": 0, "generalAndAdministrativeExpenses": 5700000, "sellingAndMarketingExpenses": 0, "sellingGeneralAndAdministrativeExpenses": 5700000, "otherExpenses": -77900000, "operatingExpenses": -72200000, "costAndExpenses": -72200000, "interestIncome": 0, "interestExpense": 6100000, "depreciationAndAmortization": 22000000, "ebitda": 208100000, "ebitdaratio": 1.8270412643, "operatingIncome": 6100000, "operatingIncomeRatio": 0.0535557507, "totalOtherIncomeExpensesNet": 0, "incomeBeforeTax": 6100000, "incomeBeforeTaxRatio": 0.0535557507, "incomeTaxExpense": -6100000, "netIncome": 6100000, "netIncomeRatio": 0.0535557507, "eps": 0.21, "epsdiluted": 0.21, "weightedAverageShsOut": 29047619, "weightedAverageShsOutDil": 29047619, "link": null, "finalLink": null, "calculatedOtherExpenses": 102100000, "calculatedOperatingExpenses": 107800000, "calculatedNetInterest": -6100000, "calculatedOtherIncome": 6100000, "calculatedIncomeNonControlling": 6100000, "calculatedEbitda": 28100000}]}