{"originalCurrency": "USD", "convertedCurrency": "USD", "report": [{"date": "2023-12-31", "symbol": "EQT", "reportedCurrency": "USD", "cik": "0000033213", "fillingDate": "2024-02-14", "acceptedDate": "2024-02-14 16:16:52", "calendarYear": "2023", "period": "FY", "revenue": 5069982000, "costOfRevenue": 4144102000, "grossProfit": 925880000, "grossProfitRatio": 0.1826199777, "researchAndDevelopmentExpenses": 0, "generalAndAdministrativeExpenses": 208451000, "sellingAndMarketingExpenses": 27720000, "sellingGeneralAndAdministrativeExpenses": 236171000, "otherExpenses": -84043000, "operatingExpenses": 267281000, "costAndExpenses": 4411383000, "interestIncome": 0, "interestExpense": 219660000, "depreciationAndAmortization": 1749085000, "ebitda": 2407684000, "ebitdaratio": 0.4748900489, "operatingIncome": 2314411000, "operatingIncomeRatio": 0.4564929422, "totalOtherIncomeExpensesNet": 1664559000, "incomeBeforeTax": 2103498000, "incomeBeforeTaxRatio": 0.4148925973, "incomeTaxExpense": 368954000, "netIncome": 1735232000, "netIncomeRatio": 0.3422560475, "eps": 4.56, "epsdiluted": 4.22, "weightedAverageShsOut": 380902000, "weightedAverageShsOutDil": 413224000, "link": "https://www.sec.gov/Archives/edgar/data/33213/000003321324000008/0000033213-24-000008-index.htm", "finalLink": "https://www.sec.gov/Archives/edgar/data/33213/000003321324000008/eqt-20231231.htm", "calculatedOtherExpenses": -1624702000, "calculatedOperatingExpenses": -1388531000, "calculatedNetInterest": -219660000, "calculatedOtherIncome": 8747000, "calculatedIncomeNonControlling": -688000, "calculatedEbitda": 4063496000}, {"date": "2022-12-31", "symbol": "EQT", "reportedCurrency": "USD", "cik": "0000033213", "fillingDate": "2023-02-16", "acceptedDate": "2023-02-16 16:18:29", "calendarYear": "2022", "period": "FY", "revenue": 12140621000, "costOfRevenue": 4083923000, "grossProfit": 8056698000, "grossProfitRatio": 0.6636149831, "researchAndDevelopmentExpenses": 0, "generalAndAdministrativeExpenses": 226192000, "sellingAndMarketingExpenses": 26453000, "sellingGeneralAndAdministrativeExpenses": 252645000, "otherExpenses": 60769000, "operatingExpenses": 313414000, "costAndExpenses": 4397337000, "interestIncome": 238375000, "interestExpense": 249655000, "depreciationAndAmortization": 1698607000, "ebitda": 7743284000, "ebitdaratio": 0.6377996644, "operatingIncome": 6044677000, "operatingIncomeRatio": 0.4978886171, "totalOtherIncomeExpensesNet": -3710015000, "incomeBeforeTax": 2334662000, "incomeBeforeTaxRatio": 0.1923016953, "incomeTaxExpense": 553720000, "netIncome": 1770965000, "netIncomeRatio": 0.1458710391, "eps": 4.79, "epsdiluted": 4.38, "weightedAverageShsOut": 370048000, "weightedAverageShsOutDil": 406495000, "link": "https://www.sec.gov/Archives/edgar/data/33213/000003321323000008/0000033213-23-000008-index.htm", "finalLink": "https://www.sec.gov/Archives/edgar/data/33213/000003321323000008/eqt-20221231.htm", "calculatedOtherExpenses": 1759376000, "calculatedOperatingExpenses": 2012021000, "calculatedNetInterest": -11280000, "calculatedOtherIncome": -3698735000, "calculatedIncomeNonControlling": 9977000, "calculatedEbitda": 7743284000}, {"date": "2021-12-31", "symbol": "EQT", "reportedCurrency": "USD", "cik": "0000033213", "fillingDate": "2022-02-10", "acceptedDate": "2022-02-10 16:16:42", "calendarYear": "2021", "period": "FY", "revenue": 6839705000, "costOfRevenue": 3844146000, "grossProfit": 2995559000, "grossProfitRatio": 0.4379661111, "researchAndDevelopmentExpenses": 0, "generalAndAdministrativeExpenses": 0, "sellingAndMarketingExpenses": 0, "sellingGeneralAndAdministrativeExpenses": 196315000, "otherExpenses": 94466000, "operatingExpenses": 290781000, "costAndExpenses": 4134927000, "interestIncome": 270648000, "interestExpense": 308903000, "depreciationAndAmortization": 1742938000, "ebitda": 2704778000, "ebitdaratio": 0.3954524354, "operatingIncome": 961840000, "operatingIncomeRatio": 0.140625948, "totalOtherIncomeExpensesNet": -2550528000, "incomeBeforeTax": -1588688000, "incomeBeforeTaxRatio": -0.2322743452, "incomeTaxExpense": -434175000, "netIncome": -1154513000, "netIncomeRatio": -0.1687957302, "eps": -3.57, "epsdiluted": -3.57, "weightedAverageShsOut": 323196000, "weightedAverageShsOutDil": 323196000, "link": "https://www.sec.gov/Archives/edgar/data/33213/000003321322000007/0000033213-22-000007-index.htm", "finalLink": "https://www.sec.gov/Archives/edgar/data/33213/000003321322000007/eqt-20211231.htm", "calculatedOtherExpenses": 1837404000, "calculatedOperatingExpenses": 2033719000, "calculatedNetInterest": -38255000, "calculatedOtherIncome": -2512273000, "calculatedIncomeNonControlling": 0, "calculatedEbitda": 2704778000}, {"date": "2020-12-31", "symbol": "EQT", "reportedCurrency": "USD", "cik": "0000033213", "fillingDate": "2021-02-17", "acceptedDate": "2021-02-17 16:16:35", "calendarYear": "2020", "period": "FY", "revenue": 2658629000, "costOfRevenue": 3285608000, "grossProfit": -626979000, "grossProfitRatio": -0.2358279399, "researchAndDevelopmentExpenses": 0, "generalAndAdministrativeExpenses": 0, "sellingAndMarketingExpenses": 0, "sellingGeneralAndAdministrativeExpenses": 174769000, "otherExpenses": 34021000, "operatingExpenses": 208790000, "costAndExpenses": 3494398000, "interestIncome": 223756000, "interestExpense": 271200000, "depreciationAndAmortization": 41897000, "ebitda": -835769000, "ebitdaratio": -0.314360898, "operatingIncome": -877666000, "operatingIncomeRatio": -0.3301197723, "totalOtherIncomeExpensesNet": -388368000, "incomeBeforeTax": -1266034000, "incomeBeforeTaxRatio": -0.4761980705, "incomeTaxExpense": -298858000, "netIncome": -967176000, "netIncomeRatio": -0.363787501, "eps": -3.71, "epsdiluted": -3.71, "weightedAverageShsOut": 260613000, "weightedAverageShsOutDil": 260613000, "link": "https://www.sec.gov/Archives/edgar/data/33213/000003321321000006/0000033213-21-000006-index.htm", "finalLink": "https://www.sec.gov/Archives/edgar/data/33213/000003321321000006/eqt-20201231.htm", "calculatedOtherExpenses": 75918000, "calculatedOperatingExpenses": 250687000, "calculatedNetInterest": -47444000, "calculatedOtherIncome": -340924000, "calculatedIncomeNonControlling": 0, "calculatedEbitda": -835769000}, {"date": "2019-12-31", "symbol": "EQT", "reportedCurrency": "USD", "cik": "0000033213", "fillingDate": "2020-02-27", "acceptedDate": "2020-02-27 16:18:27", "calendarYear": "2019", "period": "FY", "revenue": 3799850000, "costOfRevenue": 3481198000, "grossProfit": 318652000, "grossProfitRatio": 0.0838590997, "researchAndDevelopmentExpenses": 0, "generalAndAdministrativeExpenses": 0, "sellingAndMarketingExpenses": 0, "sellingGeneralAndAdministrativeExpenses": 253006000, "otherExpenses": 7223000, "operatingExpenses": 260229000, "costAndExpenses": 3741427000, "interestIncome": 108368000, "interestExpense": 199851000, "depreciationAndAmortization": 35916000, "ebitda": 58423000, "ebitdaratio": 0.0153750806, "operatingIncome": 22507000, "operatingIncomeRatio": 0.0059231285, "totalOtherIncomeExpensesNet": -1619978000, "incomeBeforeTax": -1597471000, "incomeBeforeTaxRatio": -0.4204037001, "incomeTaxExpense": -375776000, "netIncome": -1221695000, "netIncomeRatio": -0.3215113754, "eps": -4.79, "epsdiluted": -4.79, "weightedAverageShsOut": 255141000, "weightedAverageShsOutDil": 255141000, "link": "https://www.sec.gov/Archives/edgar/data/33213/000003321320000008/0000033213-20-000008-index.htm", "finalLink": "https://www.sec.gov/Archives/edgar/data/33213/000003321320000008/a1231201910k.htm", "calculatedOtherExpenses": 43139000, "calculatedOperatingExpenses": 296145000, "calculatedNetInterest": -91483000, "calculatedOtherIncome": -1528495000, "calculatedIncomeNonControlling": 0, "calculatedEbitda": 58423000}, {"date": "2018-12-31", "symbol": "EQT", "reportedCurrency": "USD", "cik": "0000033213", "fillingDate": "2019-02-14", "acceptedDate": "2019-02-14 16:18:01", "calendarYear": "2018", "period": "FY", "revenue": 4736459000, "costOfRevenue": 3503181000, "grossProfit": 1233278000, "grossProfitRatio": 0.2603797478, "researchAndDevelopmentExpenses": 0, "generalAndAdministrativeExpenses": 0, "sellingAndMarketingExpenses": 0, "sellingGeneralAndAdministrativeExpenses": 284220000, "otherExpenses": -65349000, "operatingExpenses": 290985000, "costAndExpenses": 3794166000, "interestIncome": 0, "interestExpense": 228958000, "depreciationAndAmortization": 41367000, "ebitda": 876944000, "ebitdaratio": 0.1851475965, "operatingIncome": -2783124000, "operatingIncomeRatio": -0.5875959235, "totalOtherIncomeExpensesNet": -3790766000, "incomeBeforeTax": -3077431000, "incomeBeforeTaxRatio": -0.6497324267, "incomeTaxExpense": -696511000, "netIncome": -2244568000, "netIncomeRatio": -0.4738915717, "eps": -8.6, "epsdiluted": -8.6, "weightedAverageShsOut": 260932000, "weightedAverageShsOutDil": 260932000, "link": "https://www.sec.gov/Archives/edgar/data/33213/000003321319000006/0000033213-19-000006-index.htm", "finalLink": "https://www.sec.gov/Archives/edgar/data/33213/000003321319000006/eqt1231201810k.htm", "calculatedOtherExpenses": 3732182000, "calculatedOperatingExpenses": 4016402000, "calculatedNetInterest": -228958000, "calculatedOtherIncome": -65349000, "calculatedIncomeNonControlling": -136352000, "calculatedEbitda": -2741757000}, {"date": "2017-12-31", "symbol": "EQT", "reportedCurrency": "USD", "cik": "0000033213", "fillingDate": "2018-02-15", "acceptedDate": "2018-02-15 16:22:51", "calendarYear": "2017", "period": "FY", "revenue": 2987994000, "costOfRevenue": 1831075000, "grossProfit": 1156919000, "grossProfitRatio": 0.3871891978, "researchAndDevelopmentExpenses": 0, "generalAndAdministrativeExpenses": 0, "sellingAndMarketingExpenses": 0, "sellingGeneralAndAdministrativeExpenses": 262664000, "otherExpenses": 24955000, "operatingExpenses": 376647000, "costAndExpenses": 2207722000, "interestIncome": 0, "interestExpense": 202772000, "depreciationAndAmortization": 10940000, "ebitda": 805227000, "ebitdaratio": 0.2694874889, "operatingIncome": 932981000, "operatingIncomeRatio": 0.3122432642, "totalOtherIncomeExpensesNet": 165023000, "incomeBeforeTax": 742523000, "incomeBeforeTaxRatio": 0.2485021724, "incomeTaxExpense": -1115619000, "netIncome": 1508529000, "netIncomeRatio": 0.5048634636, "eps": 8.05, "epsdiluted": 8.04, "weightedAverageShsOut": 187380000, "weightedAverageShsOutDil": 187727000, "link": "https://www.sec.gov/Archives/edgar/data/33213/000003321318000003/0000033213-18-000003-index.htm", "finalLink": "https://www.sec.gov/Archives/edgar/data/33213/000003321318000003/eqt-12312017x10k.htm", "calculatedOtherExpenses": -38726000, "calculatedOperatingExpenses": 223938000, "calculatedNetInterest": -202772000, "calculatedOtherIncome": 12314000, "calculatedIncomeNonControlling": 349613000, "calculatedEbitda": 943921000}, {"date": "2016-12-31", "symbol": "EQT", "reportedCurrency": "USD", "cik": "0000033213", "fillingDate": "2017-02-09", "acceptedDate": "2017-02-09 16:19:42", "calendarYear": "2016", "period": "FY", "revenue": 1857339000, "costOfRevenue": 1468563000, "grossProfit": 388776000, "grossProfitRatio": 0.2093188158, "researchAndDevelopmentExpenses": 0, "generalAndAdministrativeExpenses": 0, "sellingAndMarketingExpenses": 0, "sellingGeneralAndAdministrativeExpenses": 272747000, "otherExpenses": 31693000, "operatingExpenses": 359423000, "costAndExpenses": 1827986000, "interestIncome": 0, "interestExpense": 147920000, "depreciationAndAmortization": 927920000, "ebitda": 61046000, "ebitdaratio": 0.0328674518, "operatingIncome": -278300000, "operatingIncomeRatio": -0.149838021, "totalOtherIncomeExpensesNet": -275960000, "incomeBeforeTax": -394527000, "incomeBeforeTaxRatio": -0.2124151811, "incomeTaxExpense": -263464000, "netIncome": -452983000, "netIncomeRatio": -0.2438881647, "eps": -2.71, "epsdiluted": -2.71, "weightedAverageShsOut": 166978000, "weightedAverageShsOutDil": 166978000, "link": "https://www.sec.gov/Archives/edgar/data/33213/000003321317000003/0000033213-17-000003-index.htm", "finalLink": "https://www.sec.gov/Archives/edgar/data/33213/000003321317000003/eqt-12312016x10k.htm", "calculatedOtherExpenses": 394329000, "calculatedOperatingExpenses": 667076000, "calculatedNetInterest": -147920000, "calculatedOtherIncome": 31693000, "calculatedIncomeNonControlling": 321920000, "calculatedEbitda": 649620000}, {"date": "2015-12-31", "symbol": "EQT", "reportedCurrency": "USD", "cik": "0000033213", "fillingDate": "2016-02-11", "acceptedDate": "2016-02-11 16:33:15", "calendarYear": "2015", "period": "FY", "revenue": 1954000000, "costOfRevenue": 1218229000, "grossProfit": 735771000, "grossProfitRatio": 0.3765460594, "researchAndDevelopmentExpenses": 0, "generalAndAdministrativeExpenses": 0, "sellingAndMarketingExpenses": 0, "sellingGeneralAndAdministrativeExpenses": 249925000, "otherExpenses": 9953000, "operatingExpenses": 435925000, "costAndExpenses": 1654154000, "interestIncome": 0, "interestExpense": 146531000, "depreciationAndAmortization": 819216000, "ebitda": 309799000, "ebitdaratio": 0.1585460594, "operatingIncome": 563139000, "operatingIncomeRatio": 0.2881980553, "totalOtherIncomeExpensesNet": 273246000, "incomeBeforeTax": 426561000, "incomeBeforeTaxRatio": 0.218301433, "incomeTaxExpense": 104675000, "netIncome": 85171000, "netIncomeRatio": 0.0435880246, "eps": 0.56, "epsdiluted": 0.56, "weightedAverageShsOut": 152398000, "weightedAverageShsOutDil": 152939000, "link": "https://www.sec.gov/Archives/edgar/data/33213/000003321316000018/0000033213-16-000018-index.htm", "finalLink": "https://www.sec.gov/Archives/edgar/data/33213/000003321316000018/eqt-12312015x10k.htm", "calculatedOtherExpenses": -77293000, "calculatedOperatingExpenses": 172632000, "calculatedNetInterest": -146531000, "calculatedOtherIncome": 9953000, "calculatedIncomeNonControlling": 236715000, "calculatedEbitda": 1382355000}, {"date": "2014-12-31", "symbol": "EQT", "reportedCurrency": "USD", "cik": "0000033213", "fillingDate": "2015-02-12", "acceptedDate": "2015-02-12 16:02:14", "calendarYear": "2014", "period": "FY", "revenue": 2469710000, "costOfRevenue": 1014989000, "grossProfit": 1454721000, "grossProfitRatio": 0.5890250272, "researchAndDevelopmentExpenses": 0, "generalAndAdministrativeExpenses": 0, "sellingAndMarketingExpenses": 0, "sellingGeneralAndAdministrativeExpenses": 238134000, "otherExpenses": 6853000, "operatingExpenses": 368133000, "costAndExpenses": 1383122000, "interestIncome": 0, "interestExpense": 136537000, "depreciationAndAmortization": 679298000, "ebitda": 1093441000, "ebitdaratio": 0.4427406457, "operatingIncome": 853395000, "operatingIncomeRatio": 0.3455446186, "totalOtherIncomeExpensesNet": -226340000, "incomeBeforeTax": 723711000, "incomeBeforeTaxRatio": 0.2930348098, "incomeTaxExpense": 214092000, "netIncome": 386965000, "netIncomeRatio": 0.156684388, "eps": 2.55, "epsdiluted": 2.54, "weightedAverageShsOut": 151553000, "weightedAverageShsOutDil": 152513000, "link": "https://www.sec.gov/Archives/edgar/data/33213/000003321315000004/0000033213-15-000004-index.htm", "finalLink": "https://www.sec.gov/Archives/edgar/data/33213/000003321315000004/eqt-12312014x10k.htm", "calculatedOtherExpenses": 363192000, "calculatedOperatingExpenses": 601326000, "calculatedNetInterest": -136537000, "calculatedOtherIncome": 6853000, "calculatedIncomeNonControlling": 122654000, "calculatedEbitda": 1532693000}, {"date": "2013-12-31", "symbol": "EQT", "reportedCurrency": "USD", "cik": "0000033213", "fillingDate": "2014-02-20", "acceptedDate": "2014-02-20 16:04:10", "calendarYear": "2013", "period": "FY", "revenue": 1862011000, "costOfRevenue": 909931000, "grossProfit": 952080000, "grossProfitRatio": 0.5113181394, "researchAndDevelopmentExpenses": 0, "generalAndAdministrativeExpenses": 0, "sellingAndMarketingExpenses": 0, "sellingGeneralAndAdministrativeExpenses": 200849000, "otherExpenses": 9242000, "operatingExpenses": 317094000, "costAndExpenses": 1227025000, "interestIncome": 0, "interestExpense": 142688000, "depreciationAndAmortization": 676570000, "ebitda": 644228000, "ebitdaratio": 0.3459850667, "operatingIncome": 654604000, "operatingIncomeRatio": 0.3515575364, "totalOtherIncomeExpensesNet": 28860000, "incomeBeforeTax": 521158000, "incomeBeforeTaxRatio": 0.279889861, "incomeTaxExpense": 175186000, "netIncome": 390572000, "netIncomeRatio": 0.2097581593, "eps": 2.59, "epsdiluted": 2.57, "weightedAverageShsOut": 150574000, "weightedAverageShsOutDil": 151787000, "link": "https://www.sec.gov/Archives/edgar/data/33213/000110465914011816/0001104659-14-011816-index.htm", "finalLink": "https://www.sec.gov/Archives/edgar/data/33213/000110465914011816/a13-25494_110k.htm", "calculatedOtherExpenses": 96627000, "calculatedOperatingExpenses": 297476000, "calculatedNetInterest": -142688000, "calculatedOtherIncome": 9242000, "calculatedIncomeNonControlling": -44600000, "calculatedEbitda": 1331174000}, {"date": "2012-12-31", "symbol": "EQT", "reportedCurrency": "USD", "cik": "0000033213", "fillingDate": "2013-02-21", "acceptedDate": "2013-02-21 16:04:04", "calendarYear": "2012", "period": "FY", "revenue": 1641608000, "costOfRevenue": 823678000, "grossProfit": 817930000, "grossProfitRatio": 0.4982492775, "researchAndDevelopmentExpenses": 0, "generalAndAdministrativeExpenses": 0, "sellingAndMarketingExpenses": 0, "sellingGeneralAndAdministrativeExpenses": 195097000, "otherExpenses": 15965000, "operatingExpenses": 347402000, "costAndExpenses": 1171080000, "interestIncome": 0, "interestExpense": 184786000, "depreciationAndAmortization": 499118000, "ebitda": 486493000, "ebitdaratio": 0.2963515041, "operatingIncome": 470528000, "operatingIncomeRatio": 0.2866262835, "totalOtherIncomeExpensesNet": 15965000, "incomeBeforeTax": 301707000, "incomeBeforeTaxRatio": 0.1837874815, "incomeTaxExpense": 105296000, "netIncome": 183395000, "netIncomeRatio": 0.1117166827, "eps": 1.23, "epsdiluted": 1.22, "weightedAverageShsOut": 149619000, "weightedAverageShsOutDil": 150506000, "link": "https://www.sec.gov/Archives/edgar/data/33213/000110465913012699/0001104659-13-012699-index.htm", "finalLink": "https://www.sec.gov/Archives/edgar/data/33213/000110465913012699/a12-27781_110k.htm", "calculatedOtherExpenses": 152305000, "calculatedOperatingExpenses": 347402000, "calculatedNetInterest": -184786000, "calculatedOtherIncome": 15965000, "calculatedIncomeNonControlling": 13016000, "calculatedEbitda": 969646000}, {"date": "2011-12-31", "symbol": "EQT", "reportedCurrency": "USD", "cik": "0000033213", "fillingDate": "2012-02-16", "acceptedDate": "2012-02-16 16:05:57", "calendarYear": "2011", "period": "FY", "revenue": 1639934000, "costOfRevenue": 469952000, "grossProfit": 1169982000, "grossProfitRatio": 0.7134323698, "researchAndDevelopmentExpenses": 0, "generalAndAdministrativeExpenses": 0, "sellingAndMarketingExpenses": 0, "sellingGeneralAndAdministrativeExpenses": 172294000, "otherExpenses": 344229000, "operatingExpenses": 511591000, "costAndExpenses": 981543000, "interestIncome": 0, "interestExpense": 136328000, "depreciationAndAmortization": 339297000, "ebitda": 1200616000, "ebitdaratio": 0.7321123899, "operatingIncome": 861319000, "operatingIncomeRatio": 0.5252156489, "totalOtherIncomeExpensesNet": 34138000, "incomeBeforeTax": 759129000, "incomeBeforeTaxRatio": 0.4629021656, "incomeTaxExpense": 279360000, "netIncome": 479769000, "netIncomeRatio": 0.2925538467, "eps": 3.21, "epsdiluted": 3.19, "weightedAverageShsOut": 149392000, "weightedAverageShsOutDil": 150209000, "link": "https://www.sec.gov/Archives/edgar/data/33213/000110465912010579/0001104659-12-010579-index.htm", "finalLink": "https://www.sec.gov/Archives/edgar/data/33213/000110465912010579/a11-30993_110k.htm", "calculatedOtherExpenses": 136369000, "calculatedOperatingExpenses": 308663000, "calculatedNetInterest": -136328000, "calculatedOtherIncome": 34138000, "calculatedIncomeNonControlling": 0, "calculatedEbitda": 1200616000}, {"date": "2010-12-31", "symbol": "EQT", "reportedCurrency": "USD", "cik": "0000033213", "fillingDate": "2011-02-24", "acceptedDate": "2011-02-24 16:10:00", "calendarYear": "2010", "period": "FY", "revenue": 1322708000, "costOfRevenue": 426393000, "grossProfit": 896315000, "grossProfitRatio": 0.6776363339, "researchAndDevelopmentExpenses": 0, "generalAndAdministrativeExpenses": 0, "sellingAndMarketingExpenses": 0, "sellingGeneralAndAdministrativeExpenses": 155551000, "otherExpenses": 1147000, "operatingExpenses": 425836000, "costAndExpenses": 852229000, "interestIncome": 0, "interestExpense": 128157000, "depreciationAndAmortization": 270285000, "ebitda": 750436000, "ebitdaratio": 0.5673481978, "operatingIncome": 470479000, "operatingIncomeRatio": 0.3556937737, "totalOtherIncomeExpensesNet": 12898000, "incomeBeforeTax": 355220000, "incomeBeforeTaxRatio": 0.2685551157, "incomeTaxExpense": 127520000, "netIncome": 227700000, "netIncomeRatio": 0.1721468382, "eps": 1.58, "epsdiluted": 1.57, "weightedAverageShsOut": 144458000, "weightedAverageShsOutDil": 144458000, "link": "https://www.sec.gov/Archives/edgar/data/33213/000110465911009751/0001104659-11-009751-index.htm", "finalLink": "https://www.sec.gov/Archives/edgar/data/33213/000110465911009751/a10-24368_110k.htm", "calculatedOtherExpenses": 270285000, "calculatedOperatingExpenses": 425836000, "calculatedNetInterest": -128157000, "calculatedOtherIncome": 12898000, "calculatedIncomeNonControlling": 0, "calculatedEbitda": 740764000}, {"date": "2009-12-31", "symbol": "EQT", "reportedCurrency": "USD", "cik": "0000033213", "fillingDate": "2010-02-18", "acceptedDate": "2010-02-18 16:12:29", "calendarYear": "2009", "period": "FY", "revenue": 1269827000, "costOfRevenue": 540255000, "grossProfit": 729572000, "grossProfitRatio": 0.5745444064, "researchAndDevelopmentExpenses": 0, "generalAndAdministrativeExpenses": 0, "sellingAndMarketingExpenses": 0, "sellingGeneralAndAdministrativeExpenses": 176703000, "otherExpenses": 196078000, "operatingExpenses": 372781000, "costAndExpenses": 913036000, "interestIncome": 0, "interestExpense": 111779000, "depreciationAndAmortization": 196078000, "ebitda": 559378000, "ebitdaratio": 0.4405151253, "operatingIncome": 356791000, "operatingIncomeRatio": 0.28097607, "totalOtherIncomeExpensesNet": 8585000, "incomeBeforeTax": 253597000, "incomeBeforeTaxRatio": 0.1997098817, "incomeTaxExpense": 96668000, "netIncome": 156929000, "netIncomeRatio": 0.1235829763, "eps": 1.2, "epsdiluted": 1.19, "weightedAverageShsOut": 130820000, "weightedAverageShsOutDil": 130820000, "link": "https://www.sec.gov/Archives/edgar/data/33213/000110465910007860/0001104659-10-007860-index.htm", "finalLink": "https://www.sec.gov/Archives/edgar/data/33213/000110465910007860/a09-35780_110k.htm", "calculatedOtherExpenses": 196078000, "calculatedOperatingExpenses": 372781000, "calculatedNetInterest": -111779000, "calculatedOtherIncome": 8585000, "calculatedIncomeNonControlling": 0, "calculatedEbitda": 552869000}, {"date": "2008-12-31", "symbol": "EQT", "reportedCurrency": "USD", "cik": "0000033213", "fillingDate": "2009-02-20", "acceptedDate": "2009-02-20 08:15:49", "calendarYear": "2008", "period": "FY", "revenue": 1576488000, "costOfRevenue": 645136000, "grossProfit": 931352000, "grossProfitRatio": 0.5907764601, "researchAndDevelopmentExpenses": 9064000, "generalAndAdministrativeExpenses": 0, "sellingAndMarketingExpenses": 0, "sellingGeneralAndAdministrativeExpenses": 111096000, "otherExpenses": 127752000, "operatingExpenses": 466546000, "costAndExpenses": 1111682000, "interestIncome": 0, "interestExpense": 58394000, "depreciationAndAmortization": 136816000, "ebitda": 599501000, "ebitdaratio": 0.380276285, "operatingIncome": 464806000, "operatingIncomeRatio": 0.2948363705, "totalOtherIncomeExpensesNet": 11947000, "incomeBeforeTax": 410524000, "incomeBeforeTaxRatio": 0.2604041388, "incomeTaxExpense": 154920000, "netIncome": 255604000, "netIncomeRatio": 0.1621350749, "eps": 2.01, "epsdiluted": 2, "weightedAverageShsOut": 127234000, "weightedAverageShsOutDil": 128106000, "link": "https://www.sec.gov/Archives/edgar/data/33213/000110465909010903/0001104659-09-010903-index.htm", "finalLink": "https://www.sec.gov/Archives/edgar/data/33213/000110465909010903/a09-1278_110k.htm", "calculatedOtherExpenses": 346386000, "calculatedOperatingExpenses": 466546000, "calculatedNetInterest": -58394000, "calculatedOtherIncome": 4112000, "calculatedIncomeNonControlling": 0, "calculatedEbitda": 601622000}, {"date": "2007-12-31", "symbol": "EQT", "reportedCurrency": "USD", "cik": "0000033213", "fillingDate": "2008-02-22", "acceptedDate": "2008-02-22 09:19:45", "calendarYear": "2007", "period": "FY", "revenue": 1361406000, "costOfRevenue": 744566000, "grossProfit": 616840000, "grossProfitRatio": 0.453090408, "researchAndDevelopmentExpenses": 0, "generalAndAdministrativeExpenses": 0, "sellingAndMarketingExpenses": 0, "sellingGeneralAndAdministrativeExpenses": 195365000, "otherExpenses": 109802000, "operatingExpenses": 305167000, "costAndExpenses": 1049733000, "interestIncome": 0, "interestExpense": 0, "depreciationAndAmortization": 109802000, "ebitda": 283601000, "ebitdaratio": 0.2083147863, "operatingIncome": 311673000, "operatingIncomeRatio": 0.2289346455, "totalOtherIncomeExpensesNet": 137874000, "incomeBeforeTax": 401878000, "incomeBeforeTaxRatio": 0.2951933516, "incomeTaxExpense": 144395000, "netIncome": 257483000, "netIncomeRatio": 0.189130208, "eps": 2.12, "epsdiluted": 2.1, "weightedAverageShsOut": 121454245, "weightedAverageShsOutDil": 122610952, "link": "https://www.sec.gov/Archives/edgar/data/33213/000110465908012255/0001104659-08-012255-index.htm", "finalLink": "https://www.sec.gov/Archives/edgar/data/33213/000110465908012255/a08-2449_110k.htm", "calculatedOtherExpenses": 109802000, "calculatedOperatingExpenses": 305167000, "calculatedNetInterest": 0, "calculatedOtherIncome": 90205000, "calculatedIncomeNonControlling": 0, "calculatedEbitda": 421475000}, {"date": "2006-12-31", "symbol": "EQT", "reportedCurrency": "USD", "cik": "0000033213", "fillingDate": "2007-02-23", "acceptedDate": "2007-02-23 08:47:45", "calendarYear": "2006", "period": "FY", "revenue": 1267910000, "costOfRevenue": 672222000, "grossProfit": 595688000, "grossProfitRatio": 0.4698188357, "researchAndDevelopmentExpenses": 0, "generalAndAdministrativeExpenses": 0, "sellingAndMarketingExpenses": 0, "sellingGeneralAndAdministrativeExpenses": 125951000, "otherExpenses": 100122000, "operatingExpenses": 226073000, "costAndExpenses": 898295000, "interestIncome": 0, "interestExpense": 47052000, "depreciationAndAmortization": 100122000, "ebitda": 463661000, "ebitdaratio": 0.3656892051, "operatingIncome": 372523000, "operatingIncomeRatio": 0.2938087088, "totalOtherIncomeExpensesNet": 6076000, "incomeBeforeTax": 325731000, "incomeBeforeTaxRatio": 0.2569038812, "incomeTaxExpense": 109706000, "netIncome": 220286000, "netIncomeRatio": 0.173739461, "eps": 1.83, "epsdiluted": 1.8, "weightedAverageShsOut": 120374863, "weightedAverageShsOutDil": 122381111, "link": "https://www.sec.gov/Archives/edgar/data/33213/000110465907013316/0001104659-07-013316-index.htm", "finalLink": "https://www.sec.gov/Archives/edgar/data/33213/000110465907013316/a07-5127_110k.htm", "calculatedOtherExpenses": 97214000, "calculatedOperatingExpenses": 223165000, "calculatedNetInterest": -47052000, "calculatedOtherIncome": 260000, "calculatedIncomeNonControlling": -4261000, "calculatedEbitda": 472645000}, {"date": "2005-12-31", "symbol": "EQT", "reportedCurrency": "USD", "cik": "0000033213", "fillingDate": "2006-02-24", "acceptedDate": "2006-02-24 17:38:14", "calendarYear": "2005", "period": "FY", "revenue": 1253724000, "costOfRevenue": 668021000, "grossProfit": 585703000, "grossProfitRatio": 0.4671706053, "researchAndDevelopmentExpenses": 0, "generalAndAdministrativeExpenses": 0, "sellingAndMarketingExpenses": 0, "sellingGeneralAndAdministrativeExpenses": 140529000, "otherExpenses": 93527000, "operatingExpenses": 234056000, "costAndExpenses": 902077000, "interestIncome": 0, "interestExpense": 44437000, "depreciationAndAmortization": 93527000, "ebitda": 348607000, "ebitdaratio": 0.278057212, "operatingIncome": 343812000, "operatingIncomeRatio": 0.2742326062, "totalOtherIncomeExpensesNet": 96567000, "incomeBeforeTax": 411612000, "incomeBeforeTaxRatio": 0.3283114944, "incomeTaxExpense": 153038000, "netIncome": 260055000, "netIncomeRatio": 0.2074260364, "eps": 2.15, "epsdiluted": 2.1, "weightedAverageShsOut": 120955814, "weightedAverageShsOutDil": 123835714, "link": "https://www.sec.gov/Archives/edgar/data/33213/000110465906011976/0001104659-06-011976-index.htm", "finalLink": "https://www.sec.gov/Archives/edgar/data/33213/000110465906011976/a06-1876_110k.htm", "calculatedOtherExpenses": 101362000, "calculatedOperatingExpenses": 241891000, "calculatedNetInterest": -44437000, "calculatedOtherIncome": 112237000, "calculatedIncomeNonControlling": -1481000, "calculatedEbitda": 437339000}, {"date": "2004-12-31", "symbol": "EQT", "reportedCurrency": "USD", "cik": "0000033213", "fillingDate": "2005-02-25", "acceptedDate": "2005-02-25 08:50:05", "calendarYear": "2004", "period": "FY", "revenue": 1191609000, "costOfRevenue": 650402000, "grossProfit": 541207000, "grossProfitRatio": 0.4541816989, "researchAndDevelopmentExpenses": 0, "generalAndAdministrativeExpenses": 0, "sellingAndMarketingExpenses": 0, "sellingGeneralAndAdministrativeExpenses": 153493000, "otherExpenses": 83063000, "operatingExpenses": 236556000, "costAndExpenses": 886958000, "interestIncome": 0, "interestExpense": 0, "depreciationAndAmortization": 84738000, "ebitda": 239495000, "ebitdaratio": 0.2009845511, "operatingIncome": 286425000, "operatingIncomeRatio": 0.2403682752, "totalOtherIncomeExpensesNet": 149894000, "incomeBeforeTax": 422548000, "incomeBeforeTaxRatio": 0.3546028941, "incomeTaxExpense": 142694000, "netIncome": 279854000, "netIncomeRatio": 0.2348538824, "eps": 2.27, "epsdiluted": 2.22, "weightedAverageShsOut": 123283700, "weightedAverageShsOutDil": 126060360, "link": "https://www.sec.gov/Archives/edgar/data/33213/000110465905008241/0001104659-05-008241-index.htm", "finalLink": "https://www.sec.gov/Archives/edgar/data/33213/000110465905008241/a05-4033_110k.htm", "calculatedOtherExpenses": 101289000, "calculatedOperatingExpenses": 254782000, "calculatedNetInterest": 0, "calculatedOtherIncome": 136123000, "calculatedIncomeNonControlling": 0, "calculatedEbitda": 371163000}, {"date": "2003-12-31", "symbol": "EQT", "reportedCurrency": "USD", "cik": "0000033213", "fillingDate": "2004-03-01", "acceptedDate": "2004-03-01 15:11:13", "calendarYear": "2003", "period": "FY", "revenue": 1047277000, "costOfRevenue": 540712000, "grossProfit": 506565000, "grossProfitRatio": 0.4836972453, "researchAndDevelopmentExpenses": 0, "generalAndAdministrativeExpenses": 0, "sellingAndMarketingExpenses": 0, "sellingGeneralAndAdministrativeExpenses": 126210000, "otherExpenses": 78138000, "operatingExpenses": 204348000, "costAndExpenses": 745060000, "interestIncome": 0, "interestExpense": 45766000, "depreciationAndAmortization": 79818000, "ebitda": 402062000, "ebitdaratio": 0.3839118017, "operatingIncome": 281879000, "operatingIncomeRatio": 0.269154197, "totalOtherIncomeExpensesNet": -20027000, "incomeBeforeTax": 255349000, "incomeBeforeTaxRatio": 0.2438218351, "incomeTaxExpense": 81792000, "netIncome": 170001000, "netIncomeRatio": 0.1623266815, "eps": 1.37, "epsdiluted": 1.34, "weightedAverageShsOut": 124088321, "weightedAverageShsOutDil": 126866418, "link": "https://www.sec.gov/Archives/edgar/data/33213/000110465904006053/0001104659-04-006053-index.htm", "finalLink": "https://www.sec.gov/Archives/edgar/data/33213/000110465904006053/a04-2703_110k.htm", "calculatedOtherExpenses": 98476000, "calculatedOperatingExpenses": 224686000, "calculatedNetInterest": -45766000, "calculatedOtherIncome": 19236000, "calculatedIncomeNonControlling": 3556000, "calculatedEbitda": 361697000}, {"date": "2002-12-31", "symbol": "EQT", "reportedCurrency": "USD", "cik": "0000033213", "fillingDate": "2003-03-05", "acceptedDate": "2003-03-05 09:48:54", "calendarYear": "2002", "period": "FY", "revenue": 1069068000, "costOfRevenue": 606904000, "grossProfit": 462164000, "grossProfitRatio": 0.4323055222, "researchAndDevelopmentExpenses": 0, "generalAndAdministrativeExpenses": -300601000, "sellingAndMarketingExpenses": 410426000, "sellingGeneralAndAdministrativeExpenses": 109825000, "otherExpenses": 69448000, "operatingExpenses": 179273000, "costAndExpenses": 786177000, "interestIncome": 0, "interestExpense": 0, "depreciationAndAmortization": 69448000, "ebitda": 373545000, "ebitdaratio": 0.3494118241, "operatingIncome": 277571000, "operatingIncomeRatio": 0.2596383018, "totalOtherIncomeExpensesNet": -21206000, "incomeBeforeTax": 228218000, "incomeBeforeTaxRatio": 0.2134737921, "incomeTaxExpense": 77592000, "netIncome": 154107000, "netIncomeRatio": 0.144150793, "eps": 1.16, "epsdiluted": 1.14, "weightedAverageShsOut": 132850862, "weightedAverageShsOutDil": 135181579, "link": "https://www.sec.gov/Archives/edgar/data/33213/000104746903007695/0001047469-03-007695-index.htm", "finalLink": "https://www.sec.gov/Archives/edgar/data/33213/000104746903007695/a2104974z10-ka.htm", "calculatedOtherExpenses": 74768000, "calculatedOperatingExpenses": 184593000, "calculatedNetInterest": 0, "calculatedOtherIncome": -49353000, "calculatedIncomeNonControlling": -3481000, "calculatedEbitda": 347019000}, {"date": "2001-12-31", "symbol": "EQT", "reportedCurrency": "USD", "cik": "0000033213", "fillingDate": "2002-03-19", "acceptedDate": "2002-03-19 00:00:00", "calendarYear": "2001", "period": "FY", "revenue": 1764491000, "costOfRevenue": 1311990000, "grossProfit": 452501000, "grossProfitRatio": 0.2564484602, "researchAndDevelopmentExpenses": 0, "generalAndAdministrativeExpenses": 0, "sellingAndMarketingExpenses": 0, "sellingGeneralAndAdministrativeExpenses": 124743000, "otherExpenses": 73230000, "operatingExpenses": 197973000, "costAndExpenses": 1509963000, "interestIncome": 0, "interestExpense": 0, "depreciationAndAmortization": 75041000, "ebitda": 303468000, "ebitdaratio": 0.1719861422, "operatingIncome": 254528000, "operatingIncomeRatio": 0.1442500982, "totalOtherIncomeExpensesNet": 26101000, "incomeBeforeTax": 239531000, "incomeBeforeTaxRatio": 0.1357507633, "incomeTaxExpense": 87723000, "netIncome": 151808000, "netIncomeRatio": 0.0860350095, "eps": 1.16, "epsdiluted": 1.13, "weightedAverageShsOut": 130868966, "weightedAverageShsOutDil": 134343363, "link": "https://www.sec.gov/Archives/edgar/data/33213/000091205702010471/0000912057-02-010471-index.htm", "finalLink": "https://www.sec.gov/Archives/edgar/data/33213/000091205702010471/a2073488z10-k.htm", "calculatedOtherExpenses": 73230000, "calculatedOperatingExpenses": 197973000, "calculatedNetInterest": 0, "calculatedOtherIncome": -14997000, "calculatedIncomeNonControlling": 0, "calculatedEbitda": 329569000}, {"date": "2000-12-31", "symbol": "EQT", "reportedCurrency": "USD", "cik": "0000033213", "fillingDate": "2001-03-15", "acceptedDate": "2001-03-15 00:00:00", "calendarYear": "2000", "period": "FY", "revenue": 1652218000, "costOfRevenue": 1224157000, "grossProfit": 428061000, "grossProfitRatio": 0.2590826392, "researchAndDevelopmentExpenses": 0, "generalAndAdministrativeExpenses": 0, "sellingAndMarketingExpenses": 0, "sellingGeneralAndAdministrativeExpenses": 116050000, "otherExpenses": 97777000, "operatingExpenses": 213827000, "costAndExpenses": 1437984000, "interestIncome": 0, "interestExpense": 75661000, "depreciationAndAmortization": 97777000, "ebitda": 287240000, "ebitdaratio": 0.1738511504, "operatingIncome": 214234000, "operatingIncomeRatio": 0.1296644874, "totalOtherIncomeExpensesNet": 24771000, "incomeBeforeTax": 163344000, "incomeBeforeTaxRatio": 0.0988634672, "incomeTaxExpense": 57171000, "netIncome": 106173000, "netIncomeRatio": 0.0642608905, "eps": 0.82, "epsdiluted": 0.8, "weightedAverageShsOut": 130273620, "weightedAverageShsOutDil": 132716250, "link": "https://www.sec.gov/Archives/edgar/data/33213/000095012801000488/0000950128-01-000488-index.htm", "finalLink": "https://www.sec.gov/Archives/edgar/data/33213/000095012801000488/j8699301e10-k.txt", "calculatedOtherExpenses": 97777000, "calculatedOperatingExpenses": 213827000, "calculatedNetInterest": -75661000, "calculatedOtherIncome": 24771000, "calculatedIncomeNonControlling": 0, "calculatedEbitda": 312011000}, {"date": "1999-12-31", "symbol": "EQT", "reportedCurrency": "USD", "cik": "0000033213", "fillingDate": "2000-03-17", "acceptedDate": "2000-03-17 00:00:00", "calendarYear": "1999", "period": "FY", "revenue": 1062700000, "costOfRevenue": 704000000, "grossProfit": 358700000, "grossProfitRatio": 0.3375364637, "researchAndDevelopmentExpenses": 0, "generalAndAdministrativeExpenses": 0, "sellingAndMarketingExpenses": 0, "sellingGeneralAndAdministrativeExpenses": 92200000, "otherExpenses": 123800000, "operatingExpenses": 216000000, "costAndExpenses": 920000000, "interestIncome": 0, "interestExpense": 0, "depreciationAndAmortization": 123800000, "ebitda": 263600000, "ebitdaratio": 0.2480474264, "operatingIncome": 142700000, "operatingIncomeRatio": 0.134280606, "totalOtherIncomeExpensesNet": 2900000, "incomeBeforeTax": 108500000, "incomeBeforeTaxRatio": 0.1020984285, "incomeTaxExpense": 39400000, "netIncome": 69100000, "netIncomeRatio": 0.0650230545, "eps": 0.51, "epsdiluted": 0.51, "weightedAverageShsOut": 135549020, "weightedAverageShsOutDil": 136891089, "link": "https://www.sec.gov/Archives/edgar/data/33213/000095012800000541/0000950128-00-000541-index.html", "finalLink": "https://www.sec.gov/Archives/edgar/data/33213/000095012800000541/", "calculatedOtherExpenses": 123800000, "calculatedOperatingExpenses": 216000000, "calculatedNetInterest": 0, "calculatedOtherIncome": -34200000, "calculatedIncomeNonControlling": 0, "calculatedEbitda": 266500000}, {"date": "1998-12-31", "symbol": "EQT", "reportedCurrency": "USD", "cik": "0000033213", "fillingDate": "1999-03-19", "acceptedDate": "1999-03-19 00:00:00", "calendarYear": "1998", "period": "FY", "revenue": 882600000, "costOfRevenue": 612000000, "grossProfit": 270600000, "grossProfitRatio": 0.3065941536, "researchAndDevelopmentExpenses": 0, "generalAndAdministrativeExpenses": 0, "sellingAndMarketingExpenses": 0, "sellingGeneralAndAdministrativeExpenses": 109300000, "otherExpenses": 89500000, "operatingExpenses": 198800000, "costAndExpenses": 810800000, "interestIncome": 0, "interestExpense": 0, "depreciationAndAmortization": 89500000, "ebitda": 321300000, "ebitdaratio": 0.3640380693, "operatingIncome": -7400000, "operatingIncomeRatio": -0.0083843191, "totalOtherIncomeExpensesNet": -160000000, "incomeBeforeTax": -49500000, "incomeBeforeTaxRatio": -0.0560842964, "incomeTaxExpense": -22400000, "netIncome": -44200000, "netIncomeRatio": -0.0500793111, "eps": -0.3, "epsdiluted": -0.3, "weightedAverageShsOut": 147878788, "weightedAverageShsOutDil": 147878788, "link": "https://www.sec.gov/Archives/edgar/data/33213/000003321399000003/0000033213-99-000003-index.html", "finalLink": "https://www.sec.gov/Archives/edgar/data/33213/", "calculatedOtherExpenses": 168700000, "calculatedOperatingExpenses": 278000000, "calculatedNetInterest": 0, "calculatedOtherIncome": -42100000, "calculatedIncomeNonControlling": 17100000, "calculatedEbitda": 82100000}, {"date": "1997-12-31", "symbol": "EQT", "reportedCurrency": "USD", "cik": "0000033213", "fillingDate": "1998-03-23", "acceptedDate": "1998-03-23 00:00:00", "calendarYear": "1997", "period": "FY", "revenue": 2151000000, "costOfRevenue": 1881300000, "grossProfit": 269700000, "grossProfitRatio": 0.1253835425, "researchAndDevelopmentExpenses": 0, "generalAndAdministrativeExpenses": 0, "sellingAndMarketingExpenses": 0, "sellingGeneralAndAdministrativeExpenses": 0, "otherExpenses": 133500000, "operatingExpenses": 133500000, "costAndExpenses": 2014800000, "interestIncome": 0, "interestExpense": 0, "depreciationAndAmortization": 95100000, "ebitda": 221300000, "ebitdaratio": 0.1028823803, "operatingIncome": 112500000, "operatingIncomeRatio": 0.0523012552, "totalOtherIncomeExpensesNet": 10000000, "incomeBeforeTax": 124200000, "incomeBeforeTaxRatio": 0.0577405858, "incomeTaxExpense": 46100000, "netIncome": 78100000, "netIncomeRatio": 0.0363086936, "eps": 0.52, "epsdiluted": 0.51, "weightedAverageShsOut": 151650485, "weightedAverageShsOutDil": 152390244, "link": "https://www.sec.gov/Archives/edgar/data/33213/000003321398000006/0000033213-98-000006-index.html", "finalLink": "https://www.sec.gov/Archives/edgar/data/33213/", "calculatedOtherExpenses": 157200000, "calculatedOperatingExpenses": 157200000, "calculatedNetInterest": 0, "calculatedOtherIncome": 11700000, "calculatedIncomeNonControlling": 0, "calculatedEbitda": 207600000}, {"date": "1996-12-31", "symbol": "EQT", "reportedCurrency": "USD", "cik": "0000033213", "fillingDate": "1997-03-24", "acceptedDate": "1997-03-24 00:00:00", "calendarYear": "1996", "period": "FY", "revenue": 1861800000, "costOfRevenue": 1608500000, "grossProfit": 253300000, "grossProfitRatio": 0.1360511333, "researchAndDevelopmentExpenses": 0, "generalAndAdministrativeExpenses": 0, "sellingAndMarketingExpenses": 0, "sellingGeneralAndAdministrativeExpenses": 0, "otherExpenses": 124600000, "operatingExpenses": 124600000, "costAndExpenses": 1733100000, "interestIncome": 0, "interestExpense": 0, "depreciationAndAmortization": 82400000, "ebitda": 208100000, "ebitdaratio": 0.1117735525, "operatingIncome": 128700000, "operatingIncomeRatio": 0.0691266516, "totalOtherIncomeExpensesNet": 3000000, "incomeBeforeTax": 90000000, "incomeBeforeTaxRatio": 0.0483403158, "incomeTaxExpense": 30600000, "netIncome": 59400000, "netIncomeRatio": 0.0319046084, "eps": 0.38, "epsdiluted": 0.38, "weightedAverageShsOut": 156315789, "weightedAverageShsOutDil": 156315789, "link": "https://www.sec.gov/Archives/edgar/data/33213/000003321397000004/0000033213-97-000004-index.html", "finalLink": "https://www.sec.gov/Archives/edgar/data/33213/", "calculatedOtherExpenses": 124600000, "calculatedOperatingExpenses": 124600000, "calculatedNetInterest": 0, "calculatedOtherIncome": -38700000, "calculatedIncomeNonControlling": 0, "calculatedEbitda": 211100000}, {"date": "1995-12-31", "symbol": "EQT", "reportedCurrency": "USD", "cik": "0000033213", "fillingDate": "1996-03-26", "acceptedDate": "1996-03-26 00:00:00", "calendarYear": "1995", "period": "FY", "revenue": 1426000000, "costOfRevenue": 1136500000, "grossProfit": 289500000, "grossProfitRatio": 0.2030154278, "researchAndDevelopmentExpenses": 0, "generalAndAdministrativeExpenses": 0, "sellingAndMarketingExpenses": 0, "sellingGeneralAndAdministrativeExpenses": 0, "otherExpenses": 146400000, "operatingExpenses": 146400000, "costAndExpenses": 1282900000, "interestIncome": 0, "interestExpense": 0, "depreciationAndAmortization": 104600000, "ebitda": 489500000, "ebitdaratio": 0.3432678822, "operatingIncome": 22000000, "operatingIncomeRatio": 0.01542777, "totalOtherIncomeExpensesNet": -241800000, "incomeBeforeTax": -27800000, "incomeBeforeTaxRatio": -0.0194950912, "incomeTaxExpense": -29300000, "netIncome": 1500000, "netIncomeRatio": 0.0010518934, "eps": 0.13, "epsdiluted": 0.13, "weightedAverageShsOut": 139753086, "weightedAverageShsOutDil": 139753086, "link": "https://www.sec.gov/Archives/edgar/data/33213/000003321396000004/0000033213-96-000004-index.html", "finalLink": "https://www.sec.gov/Archives/edgar/data/33213/", "calculatedOtherExpenses": 267500000, "calculatedOperatingExpenses": 267500000, "calculatedNetInterest": 0, "calculatedOtherIncome": -49800000, "calculatedIncomeNonControlling": 0, "calculatedEbitda": 126600000}, {"date": "1994-12-31", "symbol": "EQT", "reportedCurrency": "USD", "cik": "0000033213", "fillingDate": "1995-03-22", "acceptedDate": "1995-03-22 00:00:00", "calendarYear": "1994", "period": "FY", "revenue": 1397300000, "costOfRevenue": 1151400000, "grossProfit": 245900000, "grossProfitRatio": 0.1759822515, "researchAndDevelopmentExpenses": 0, "generalAndAdministrativeExpenses": 0, "sellingAndMarketingExpenses": 0, "sellingGeneralAndAdministrativeExpenses": 0, "otherExpenses": 135500000, "operatingExpenses": 135500000, "costAndExpenses": 1286900000, "interestIncome": 0, "interestExpense": 0, "depreciationAndAmortization": 93300000, "ebitda": 200500000, "ebitdaratio": 0.1434910184, "operatingIncome": 110400000, "operatingIncomeRatio": 0.0790095184, "totalOtherIncomeExpensesNet": 3200000, "incomeBeforeTax": 69500000, "incomeBeforeTaxRatio": 0.0497387819, "incomeTaxExpense": 8800000, "netIncome": 60700000, "netIncomeRatio": 0.0434409218, "eps": 0.45, "epsdiluted": 0.45, "weightedAverageShsOut": 134143646, "weightedAverageShsOutDil": 137846154, "link": "https://www.sec.gov/Archives/edgar/data/33213/000003321395000002/0000033213-95-000002-index.html", "finalLink": "https://www.sec.gov/Archives/edgar/data/33213/", "calculatedOtherExpenses": 135500000, "calculatedOperatingExpenses": 135500000, "calculatedNetInterest": 0, "calculatedOtherIncome": -40900000, "calculatedIncomeNonControlling": 0, "calculatedEbitda": 203700000}, {"date": "1993-12-31", "symbol": "EQT", "reportedCurrency": "USD", "cik": "0000033213", "fillingDate": "1994-03-24", "acceptedDate": "1994-03-24 00:00:00", "calendarYear": "1993", "period": "FY", "revenue": 1094800000, "costOfRevenue": 847600000, "grossProfit": 247200000, "grossProfitRatio": 0.2257946657, "researchAndDevelopmentExpenses": 0, "generalAndAdministrativeExpenses": 0, "sellingAndMarketingExpenses": 0, "sellingGeneralAndAdministrativeExpenses": 0, "otherExpenses": 116700000, "operatingExpenses": 116700000, "costAndExpenses": 964300000, "interestIncome": 0, "interestExpense": 0, "depreciationAndAmortization": 76900000, "ebitda": 205700000, "ebitdaratio": 0.1878881988, "operatingIncome": 130500000, "operatingIncomeRatio": 0.1191998539, "totalOtherIncomeExpensesNet": 1700000, "incomeBeforeTax": 93500000, "incomeBeforeTaxRatio": 0.0854037267, "incomeTaxExpense": 20000000, "netIncome": 73500000, "netIncomeRatio": 0.0671355499, "eps": 0.57, "epsdiluted": 0.56, "weightedAverageShsOut": 129515419, "weightedAverageShsOutDil": 130666667, "link": "https://www.sec.gov/Archives/edgar/data/33213/000003321394000007/0000033213-94-000007-index.html", "finalLink": "https://www.sec.gov/Archives/edgar/data/33213/", "calculatedOtherExpenses": 116700000, "calculatedOperatingExpenses": 116700000, "calculatedNetInterest": 0, "calculatedOtherIncome": -37000000, "calculatedIncomeNonControlling": 0, "calculatedEbitda": 207400000}, {"date": "1992-12-31", "symbol": "EQT", "reportedCurrency": "USD", "cik": "0000033213", "fillingDate": "1992-12-31", "acceptedDate": "1992-12-30 19:00:00", "calendarYear": "1992", "period": "FY", "revenue": 812400000, "costOfRevenue": 595400000, "grossProfit": 217000000, "grossProfitRatio": 0.2671097981, "researchAndDevelopmentExpenses": 0, "generalAndAdministrativeExpenses": 0, "sellingAndMarketingExpenses": 0, "sellingGeneralAndAdministrativeExpenses": 0, "otherExpenses": 102600000, "operatingExpenses": 102600000, "costAndExpenses": 698000000, "interestIncome": 0, "interestExpense": 0, "depreciationAndAmortization": 65900000, "ebitda": 178500000, "ebitdaratio": 0.2197193501, "operatingIncome": 114400000, "operatingIncomeRatio": 0.1408173314, "totalOtherIncomeExpensesNet": 1800000, "incomeBeforeTax": 78800000, "incomeBeforeTaxRatio": 0.0969965534, "incomeTaxExpense": 18800000, "netIncome": 60000000, "netIncomeRatio": 0.0738552437, "eps": 0.48, "epsdiluted": 0.48, "weightedAverageShsOut": 125000000, "weightedAverageShsOutDil": 125000000, "link": "", "finalLink": "", "calculatedOtherExpenses": 102600000, "calculatedOperatingExpenses": 102600000, "calculatedNetInterest": 0, "calculatedOtherIncome": -35600000, "calculatedIncomeNonControlling": 0, "calculatedEbitda": 180300000}, {"date": "1991-12-31", "symbol": "EQT", "reportedCurrency": "USD", "cik": "0000033213", "fillingDate": "1991-12-31", "acceptedDate": "1991-12-30 19:00:00", "calendarYear": "1991", "period": "FY", "revenue": 679600000, "costOfRevenue": 474300000, "grossProfit": 205300000, "grossProfitRatio": 0.3020894644, "researchAndDevelopmentExpenses": 0, "generalAndAdministrativeExpenses": 0, "sellingAndMarketingExpenses": 0, "sellingGeneralAndAdministrativeExpenses": 0, "otherExpenses": 88800000, "operatingExpenses": 88800000, "costAndExpenses": 563100000, "interestIncome": 0, "interestExpense": 0, "depreciationAndAmortization": 54600000, "ebitda": 171200000, "ebitdaratio": 0.2519128899, "operatingIncome": 116500000, "operatingIncomeRatio": 0.1714243673, "totalOtherIncomeExpensesNet": -100000, "incomeBeforeTax": 84600000, "incomeBeforeTaxRatio": 0.1244849912, "incomeTaxExpense": 20400000, "netIncome": 64200000, "netIncomeRatio": 0.0944673337, "eps": 0.51, "epsdiluted": 0.51, "weightedAverageShsOut": 125268293, "weightedAverageShsOutDil": 125268293, "link": "", "finalLink": "", "calculatedOtherExpenses": 88800000, "calculatedOperatingExpenses": 88800000, "calculatedNetInterest": 0, "calculatedOtherIncome": -31900000, "calculatedIncomeNonControlling": 0, "calculatedEbitda": 171100000}, {"date": "1990-12-31", "symbol": "EQT", "reportedCurrency": "USD", "cik": "0000033213", "fillingDate": "1990-12-31", "acceptedDate": "1990-12-30 19:00:00", "calendarYear": "1990", "period": "FY", "revenue": 659200000, "costOfRevenue": 476500000, "grossProfit": 182700000, "grossProfitRatio": 0.2771541262, "researchAndDevelopmentExpenses": 0, "generalAndAdministrativeExpenses": 0, "sellingAndMarketingExpenses": 0, "sellingGeneralAndAdministrativeExpenses": 0, "otherExpenses": 77700000, "operatingExpenses": 77700000, "costAndExpenses": 554200000, "interestIncome": 0, "interestExpense": 0, "depreciationAndAmortization": 47200000, "ebitda": 151200000, "ebitdaratio": 0.229368932, "operatingIncome": 105000000, "operatingIncomeRatio": 0.1592839806, "totalOtherIncomeExpensesNet": 1000000, "incomeBeforeTax": 78000000, "incomeBeforeTaxRatio": 0.1183252427, "incomeTaxExpense": 19100000, "netIncome": 58900000, "netIncomeRatio": 0.0893507282, "eps": 0.47, "epsdiluted": 0.47, "weightedAverageShsOut": 125319149, "weightedAverageShsOutDil": 125319149, "link": "", "finalLink": "", "calculatedOtherExpenses": 77700000, "calculatedOperatingExpenses": 77700000, "calculatedNetInterest": 0, "calculatedOtherIncome": -27000000, "calculatedIncomeNonControlling": 0, "calculatedEbitda": 152200000}, {"date": "1989-12-31", "symbol": "EQT", "reportedCurrency": "USD", "cik": "0000033213", "fillingDate": "1989-12-31", "acceptedDate": "1989-12-30 19:00:00", "calendarYear": "1989", "period": "FY", "revenue": 511500000, "costOfRevenue": 343500000, "grossProfit": 168000000, "grossProfitRatio": 0.3284457478, "researchAndDevelopmentExpenses": 0, "generalAndAdministrativeExpenses": 0, "sellingAndMarketingExpenses": 0, "sellingGeneralAndAdministrativeExpenses": 0, "otherExpenses": 73700000, "operatingExpenses": 73700000, "costAndExpenses": 417200000, "interestIncome": 0, "interestExpense": 0, "depreciationAndAmortization": 42500000, "ebitda": 134600000, "ebitdaratio": 0.2631476051, "operatingIncome": 94300000, "operatingIncomeRatio": 0.1843597263, "totalOtherIncomeExpensesNet": 2200000, "incomeBeforeTax": 68400000, "incomeBeforeTaxRatio": 0.1337243402, "incomeTaxExpense": 17500000, "netIncome": 50900000, "netIncomeRatio": 0.0995112414, "eps": 0.41, "epsdiluted": 0.41, "weightedAverageShsOut": 125679012, "weightedAverageShsOutDil": 125679012, "link": "", "finalLink": "", "calculatedOtherExpenses": 73700000, "calculatedOperatingExpenses": 73700000, "calculatedNetInterest": 0, "calculatedOtherIncome": -25900000, "calculatedIncomeNonControlling": 0, "calculatedEbitda": 136800000}, {"date": "1988-12-31", "symbol": "EQT", "reportedCurrency": "USD", "cik": "0000033213", "fillingDate": "1988-12-31", "acceptedDate": "1988-12-30 19:00:00", "calendarYear": "1988", "period": "FY", "revenue": 406300000, "costOfRevenue": 254000000, "grossProfit": 152300000, "grossProfitRatio": 0.3748461728, "researchAndDevelopmentExpenses": 0, "generalAndAdministrativeExpenses": 0, "sellingAndMarketingExpenses": 0, "sellingGeneralAndAdministrativeExpenses": 0, "otherExpenses": 65200000, "operatingExpenses": 65200000, "costAndExpenses": 319200000, "interestIncome": 0, "interestExpense": 0, "depreciationAndAmortization": 37300000, "ebitda": 122800000, "ebitdaratio": 0.3022397243, "operatingIncome": 87100000, "operatingIncomeRatio": 0.2143736156, "totalOtherIncomeExpensesNet": 1600000, "incomeBeforeTax": 63600000, "incomeBeforeTaxRatio": 0.1565345804, "incomeTaxExpense": 16500000, "netIncome": 47100000, "netIncomeRatio": 0.1159241939, "eps": 0.38, "epsdiluted": 0.37, "weightedAverageShsOut": 124768212, "weightedAverageShsOutDil": 126442953, "link": "", "finalLink": "", "calculatedOtherExpenses": 65200000, "calculatedOperatingExpenses": 65200000, "calculatedNetInterest": 0, "calculatedOtherIncome": -23500000, "calculatedIncomeNonControlling": 0, "calculatedEbitda": 124400000}, {"date": "1987-12-31", "symbol": "EQT", "reportedCurrency": "USD", "cik": "0000033213", "fillingDate": "1987-12-31", "acceptedDate": "1987-12-30 19:00:00", "calendarYear": "1987", "period": "FY", "revenue": 407400000, "costOfRevenue": 268300000, "grossProfit": 139100000, "grossProfitRatio": 0.3414334806, "researchAndDevelopmentExpenses": 0, "generalAndAdministrativeExpenses": 0, "sellingAndMarketingExpenses": 0, "sellingGeneralAndAdministrativeExpenses": 0, "otherExpenses": 60400000, "operatingExpenses": 60400000, "costAndExpenses": 328700000, "interestIncome": 0, "interestExpense": 0, "depreciationAndAmortization": 33200000, "ebitda": 123400000, "ebitdaratio": 0.3028964163, "operatingIncome": 78700000, "operatingIncomeRatio": 0.1931762396, "totalOtherIncomeExpensesNet": -11500000, "incomeBeforeTax": 45800000, "incomeBeforeTaxRatio": 0.1124202258, "incomeTaxExpense": 11200000, "netIncome": 34600000, "netIncomeRatio": 0.0849288169, "eps": 0.28, "epsdiluted": 0.28, "weightedAverageShsOut": 122477876, "weightedAverageShsOutDil": 125818182, "link": "", "finalLink": "", "calculatedOtherExpenses": 60400000, "calculatedOperatingExpenses": 60400000, "calculatedNetInterest": 0, "calculatedOtherIncome": -32900000, "calculatedIncomeNonControlling": 0, "calculatedEbitda": 111900000}, {"date": "1986-12-31", "symbol": "EQT", "reportedCurrency": "USD", "cik": "0000033213", "fillingDate": "1986-12-31", "acceptedDate": "1986-12-30 19:00:00", "calendarYear": "1986", "period": "FY", "revenue": 454900000, "costOfRevenue": 295300000, "grossProfit": 159600000, "grossProfitRatio": 0.3508463399, "researchAndDevelopmentExpenses": 0, "generalAndAdministrativeExpenses": 0, "sellingAndMarketingExpenses": 0, "sellingGeneralAndAdministrativeExpenses": 0, "otherExpenses": 53900000, "operatingExpenses": 53900000, "costAndExpenses": 349200000, "interestIncome": 0, "interestExpense": 0, "depreciationAndAmortization": 25400000, "ebitda": 128800000, "ebitdaratio": 0.2831391515, "operatingIncome": 105700000, "operatingIncomeRatio": 0.2323587602, "totalOtherIncomeExpensesNet": 2300000, "incomeBeforeTax": 89500000, "incomeBeforeTaxRatio": 0.1967465377, "incomeTaxExpense": 35400000, "netIncome": 54100000, "netIncomeRatio": 0.1189272368, "eps": 0.45, "epsdiluted": 0.43, "weightedAverageShsOut": 121573034, "weightedAverageShsOutDil": 125813953, "link": "", "finalLink": "", "calculatedOtherExpenses": 53900000, "calculatedOperatingExpenses": 53900000, "calculatedNetInterest": 0, "calculatedOtherIncome": -16200000, "calculatedIncomeNonControlling": 0, "calculatedEbitda": 131100000}, {"date": "1985-12-31", "symbol": "EQT", "reportedCurrency": "USD", "cik": "0000033213", "fillingDate": "1985-12-31", "acceptedDate": "1985-12-30 19:00:00", "calendarYear": "1985", "period": "FY", "revenue": 473000000, "costOfRevenue": 316000000, "grossProfit": 157000000, "grossProfitRatio": 0.3319238901, "researchAndDevelopmentExpenses": 0, "generalAndAdministrativeExpenses": 0, "sellingAndMarketingExpenses": 0, "sellingGeneralAndAdministrativeExpenses": 0, "otherExpenses": 51500000, "operatingExpenses": 51500000, "costAndExpenses": 367500000, "interestIncome": 0, "interestExpense": 0, "depreciationAndAmortization": 19600000, "ebitda": 121200000, "ebitdaratio": 0.2562367865, "operatingIncome": 105500000, "operatingIncomeRatio": 0.2230443975, "totalOtherIncomeExpensesNet": 3900000, "incomeBeforeTax": 92500000, "incomeBeforeTaxRatio": 0.1955602537, "incomeTaxExpense": 37500000, "netIncome": 55000000, "netIncomeRatio": 0.1162790698, "eps": 0.48, "epsdiluted": 0.44, "weightedAverageShsOut": 115789474, "weightedAverageShsOutDil": 125714286, "link": "", "finalLink": "", "calculatedOtherExpenses": 51500000, "calculatedOperatingExpenses": 51500000, "calculatedNetInterest": 0, "calculatedOtherIncome": -13000000, "calculatedIncomeNonControlling": 0, "calculatedEbitda": 125100000}]}