{"originalCurrency": "USD", "convertedCurrency": "USD", "report": [{"date": "2023-12-31", "symbol": "ERF", "reportedCurrency": "USD", "cik": "0001126874", "fillingDate": "2023-12-31", "acceptedDate": "2023-12-30 19:00:00", "calendarYear": "2023", "period": "FY", "revenue": 1694333000, "costOfRevenue": 1047879000, "grossProfit": 646454000, "grossProfitRatio": 0.3815389301, "researchAndDevelopmentExpenses": 0, "generalAndAdministrativeExpenses": 65664000, "sellingAndMarketingExpenses": 0, "sellingGeneralAndAdministrativeExpenses": 65664000, "otherExpenses": 4297000, "operatingExpenses": 65664000, "costAndExpenses": 1113543000, "interestIncome": 0, "interestExpense": 17597000, "depreciationAndAmortization": 377495000, "ebitda": 962582000, "ebitdaratio": 0.5681185458, "operatingIncome": 585087000, "operatingIncomeRatio": 0.3453199578, "totalOtherIncomeExpensesNet": 4237000, "incomeBeforeTax": 567430000, "incomeBeforeTaxRatio": 0.3348987478, "incomeTaxExpense": 111354000, "netIncome": 456076000, "netIncomeRatio": 0.2691773105, "eps": 2.2, "epsdiluted": 2.13, "weightedAverageShsOut": 211353000, "weightedAverageShsOutDil": 217896000, "link": null, "finalLink": null, "calculatedOtherExpenses": -4297000, "calculatedOperatingExpenses": 61367000, "calculatedNetInterest": -17597000, "calculatedOtherIncome": -60000, "calculatedIncomeNonControlling": 0, "calculatedEbitda": 962582000}, {"date": "2022-12-31", "symbol": "ERF", "reportedCurrency": "USD", "cik": "0001126874", "fillingDate": "2022-12-31", "acceptedDate": "2022-12-30 19:00:00", "calendarYear": "2022", "period": "FY", "revenue": 2353374000, "costOfRevenue": 996721000, "grossProfit": 1356653000, "grossProfitRatio": 0.5764714831, "researchAndDevelopmentExpenses": 0, "generalAndAdministrativeExpenses": 69954000, "sellingAndMarketingExpenses": 0, "sellingGeneralAndAdministrativeExpenses": 69954000, "otherExpenses": 1360000, "operatingExpenses": 69954000, "costAndExpenses": 1066675000, "interestIncome": 33243534, "interestExpense": 24553000, "depreciationAndAmortization": 309367000, "ebitda": 1597426000, "ebitdaratio": 0.6787811882, "operatingIncome": 1288059000, "operatingIncomeRatio": 0.5473243947, "totalOtherIncomeExpensesNet": -80461000, "incomeBeforeTax": 1207598000, "incomeBeforeTaxRatio": 0.5131347589, "incomeTaxExpense": 293296000, "netIncome": 914302000, "netIncomeRatio": 0.3885068842, "eps": 3.75, "epsdiluted": 3.62, "weightedAverageShsOut": 233946000, "weightedAverageShsOutDil": 242673000, "link": "", "finalLink": "", "calculatedOtherExpenses": -1360000, "calculatedOperatingExpenses": 68594000, "calculatedNetInterest": 8690534, "calculatedOtherIncome": -89151534, "calculatedIncomeNonControlling": 0, "calculatedEbitda": 1597426000}, {"date": "2021-12-31", "symbol": "ERF", "reportedCurrency": "USD", "cik": "0001126874", "fillingDate": "2021-12-31", "acceptedDate": "2021-12-31 00:00:00", "calendarYear": "2021", "period": "FY", "revenue": 1319549000, "costOfRevenue": 794031000, "grossProfit": 525518000, "grossProfitRatio": 0.3982557677, "researchAndDevelopmentExpenses": 0, "generalAndAdministrativeExpenses": 56807000, "sellingAndMarketingExpenses": 0, "sellingGeneralAndAdministrativeExpenses": 56807000, "otherExpenses": 2487000, "operatingExpenses": 56807000, "costAndExpenses": 850838000, "interestIncome": 34641799, "interestExpense": 27395000, "depreciationAndAmortization": 271336000, "ebitda": 742534000, "ebitdaratio": 0.5627180196, "operatingIncome": 471198000, "operatingIncomeRatio": 0.3570901876, "totalOtherIncomeExpensesNet": -135313000, "incomeBeforeTax": 335885000, "incomeBeforeTaxRatio": 0.254545303, "incomeTaxExpense": 101444000, "netIncome": 234441000, "netIncomeRatio": 0.1776675213, "eps": 0.92, "epsdiluted": 0.89, "weightedAverageShsOut": 251909000, "weightedAverageShsOutDil": 259851000, "link": null, "finalLink": null, "calculatedOtherExpenses": -2487000, "calculatedOperatingExpenses": 54320000, "calculatedNetInterest": 7246799, "calculatedOtherIncome": -142559799, "calculatedIncomeNonControlling": 0, "calculatedEbitda": 742534000}, {"date": "2020-12-31", "symbol": "ERF", "reportedCurrency": "CAD", "cik": "0001126874", "fillingDate": "2020-12-31", "acceptedDate": "2020-12-31 00:00:00", "calendarYear": "2020", "period": "FY", "revenue": 826967596, "costOfRevenue": 725679914, "grossProfit": 101287682, "grossProfitRatio": 0.1224808354, "researchAndDevelopmentExpenses": 0, "generalAndAdministrativeExpenses": 45157470, "sellingAndMarketingExpenses": 0, "sellingGeneralAndAdministrativeExpenses": 45157470, "otherExpenses": -4942909.125129, "operatingExpenses": 45157470, "costAndExpenses": 770837385, "interestIncome": 26386173, "interestExpense": 22241914, "depreciationAndAmortization": 229897424, "ebitda": 281084726, "ebitdaratio": 0.3398981137, "operatingIncome": 51187301, "operatingIncomeRatio": 0.0618975898, "totalOtherIncomeExpensesNet": -979793908.215439, "incomeBeforeTax": -928606606.229806, "incomeBeforeTaxRatio": -1.1229056746, "incomeTaxExpense": -204488064.242919, "netIncome": -724118541.986887, "netIncomeRatio": -0.8756310954, "eps": -3.25, "epsdiluted": -3.25, "weightedAverageShsOut": 222503000, "weightedAverageShsOutDil": 222503000, "link": null, "finalLink": null, "calculatedOtherExpenses": 4942911, "calculatedOperatingExpenses": 50100381, "calculatedNetInterest": 4144259, "calculatedOtherIncome": -983938166.229806, "calculatedIncomeNonControlling": 0.0, "calculatedEbitda": 281084725}, {"date": "2019-12-31", "symbol": "ERF", "reportedCurrency": "CAD", "cik": "0001126874", "fillingDate": "2019-12-31", "acceptedDate": "2019-12-31 00:00:00", "calendarYear": "2019", "period": "FY", "revenue": 1153577744, "costOfRevenue": 913866964, "grossProfit": 239710780, "grossProfitRatio": 0.207797681, "researchAndDevelopmentExpenses": 0, "generalAndAdministrativeExpenses": 55771777, "sellingAndMarketingExpenses": 0, "sellingGeneralAndAdministrativeExpenses": 55771777, "otherExpenses": 5763739, "operatingExpenses": 55771777, "costAndExpenses": 969638742, "interestIncome": 33215374, "interestExpense": 25966300, "depreciationAndAmortization": 273167109, "ebitda": 462869850, "ebitdaratio": 0.4012472089, "operatingIncome": 189702741, "operatingIncomeRatio": 0.1644472962, "totalOtherIncomeExpensesNet": -351888966.293339, "incomeBeforeTax": -162186224.899906, "incomeBeforeTaxRatio": -0.1405941002, "incomeTaxExpense": 36639439, "netIncome": -198825663.91328, "netIncomeRatio": -0.1723556691, "eps": -0.86, "epsdiluted": -0.86, "weightedAverageShsOut": 231334000, "weightedAverageShsOutDil": 231334000, "link": null, "finalLink": null, "calculatedOtherExpenses": -5763738, "calculatedOperatingExpenses": 50008039, "calculatedNetInterest": 7249074, "calculatedOtherIncome": -359138039.89990604, "calculatedIncomeNonControlling": 0.013374000787734985, "calculatedEbitda": 462869850}, {"date": "2018-12-31", "symbol": "ERF", "reportedCurrency": "CAD", "cik": "0001126874", "fillingDate": "2019-02-22", "acceptedDate": "2019-02-22 08:04:36", "calendarYear": "2018", "period": "FY", "revenue": 1247498953, "costOfRevenue": 786654478, "grossProfit": 460844475, "grossProfitRatio": 0.3694147189, "researchAndDevelopmentExpenses": 0, "generalAndAdministrativeExpenses": 55639743, "sellingAndMarketingExpenses": 0, "sellingGeneralAndAdministrativeExpenses": 55639743, "otherExpenses": 4338377, "operatingExpenses": 55639743, "costAndExpenses": 842294222, "interestIncome": 0, "interestExpense": 27017760, "depreciationAndAmortization": 223397428, "ebitda": 632940537, "ebitdaratio": 0.5073675898, "operatingIncome": 405204731, "operatingIncomeRatio": 0.3248136842, "totalOtherIncomeExpensesNet": -24677870.531486, "incomeBeforeTax": 353509100, "incomeBeforeTaxRatio": 0.2833742659, "incomeTaxExpense": 75777332, "netIncome": 277731768, "netIncomeRatio": 0.2226308626, "eps": 1.14, "epsdiluted": 1.12, "weightedAverageShsOut": 244076000, "weightedAverageShsOutDil": 247261000, "link": "https://www.sec.gov/Archives/edgar/data/1126874/000155837019000881/0001558370-19-000881-index.html", "finalLink": "https://www.sec.gov/Archives/edgar/data/1126874/000155837019000881/erf-20181231x40f.htm", "calculatedOtherExpenses": 1, "calculatedOperatingExpenses": 55639744, "calculatedNetInterest": -27017760, "calculatedOtherIncome": -24677871, "calculatedIncomeNonControlling": 0, "calculatedEbitda": 628602159}, {"date": "2017-12-31", "symbol": "ERF", "reportedCurrency": "CAD", "cik": "0001126874", "fillingDate": "2018-02-23", "acceptedDate": "2018-02-23 06:22:51", "calendarYear": "2017", "period": "FY", "revenue": 743541153, "costOfRevenue": 487839363, "grossProfit": 255701789, "grossProfitRatio": 0.3438972923, "researchAndDevelopmentExpenses": 0, "generalAndAdministrativeExpenses": 59086282, "sellingAndMarketingExpenses": 0, "sellingGeneralAndAdministrativeExpenses": 59086282, "otherExpenses": 1515705, "operatingExpenses": 59086282, "costAndExpenses": 546925646, "interestIncome": 0, "interestExpense": 30786481, "depreciationAndAmortization": 199422664, "ebitda": 397553876, "ebitdaratio": 0.5346763593, "operatingIncome": 196615506, "operatingIncomeRatio": 0.2644312371, "totalOtherIncomeExpensesNet": 87837773, "incomeBeforeTax": 253666799, "incomeBeforeTaxRatio": 0.3411604027, "incomeTaxExpense": 65199204, "netIncome": 188467594, "netIncomeRatio": 0.2534729835, "eps": 0.78, "epsdiluted": 0.76, "weightedAverageShsOut": 241929000, "weightedAverageShsOutDil": 246872917, "link": "https://www.sec.gov/Archives/edgar/data/1126874/000155837018000980/0001558370-18-000980-index.html", "finalLink": "https://www.sec.gov/Archives/edgar/data/1126874/000155837018000980/erf-20171231x40f.htm", "calculatedOtherExpenses": 1, "calculatedOperatingExpenses": 59086283, "calculatedNetInterest": -30786481, "calculatedOtherIncome": 87837774, "calculatedIncomeNonControlling": 1, "calculatedEbitda": 396038170}, {"date": "2016-12-31", "symbol": "ERF", "reportedCurrency": "CAD", "cik": "0001126874", "fillingDate": "2017-02-24", "acceptedDate": "2017-02-24 07:01:51", "calendarYear": "2016", "period": "FY", "revenue": 515835875, "costOfRevenue": 536749497, "grossProfit": -20913622.498326004, "grossProfitRatio": -0.0405431718, "researchAndDevelopmentExpenses": 0, "generalAndAdministrativeExpenses": 64220668, "sellingAndMarketingExpenses": 0, "sellingGeneralAndAdministrativeExpenses": 64220668, "otherExpenses": 1659102, "operatingExpenses": 64220668, "costAndExpenses": 600970165, "interestIncome": 0, "interestExpense": 33809240, "depreciationAndAmortization": 244746670, "ebitda": 161271482, "ebitdaratio": 0.3126410754, "operatingIncome": -85134290.603378, "operatingIncomeRatio": -0.1650414302, "totalOtherIncomeExpensesNet": 238144483, "incomeBeforeTax": 119200952, "incomeBeforeTaxRatio": 0.2310830984, "incomeTaxExpense": -176473476.675843, "netIncome": 295674428, "netIncomeRatio": 0.573194776, "eps": 1.31, "epsdiluted": 1.28, "weightedAverageShsOut": 226530000, "weightedAverageShsOutDil": 231055814, "link": "https://www.sec.gov/Archives/edgar/data/1126874/000155837017000938/0001558370-17-000938-index.html", "finalLink": "https://www.sec.gov/Archives/edgar/data/1126874/000155837017000938/erf-20161231x40f.htm", "calculatedOtherExpenses": 0.10505199432373047, "calculatedOperatingExpenses": 64220668.105051994, "calculatedNetInterest": -33809240, "calculatedOtherIncome": 238144482.603378, "calculatedIncomeNonControlling": 0.6758430004119873, "calculatedEbitda": 159612379.396622}, {"date": "2015-12-31", "symbol": "ERF", "reportedCurrency": "CAD", "cik": "0001126874", "fillingDate": "2016-02-19", "acceptedDate": "2016-02-19 06:03:16", "calendarYear": "2015", "period": "FY", "revenue": 740162428, "costOfRevenue": 730227932, "grossProfit": 9934495, "grossProfitRatio": 0.0134220478, "researchAndDevelopmentExpenses": 0, "generalAndAdministrativeExpenses": 74851011, "sellingAndMarketingExpenses": 0, "sellingGeneralAndAdministrativeExpenses": 74851011, "otherExpenses": -5083988.498872, "operatingExpenses": 74851011, "costAndExpenses": 805078944, "interestIncome": 0, "interestExpense": 47889658, "depreciationAndAmortization": 365540574, "ebitda": 294875656, "ebitdaratio": 0.3983931708, "operatingIncome": -64916515.936556, "operatingIncomeRatio": -0.0877057703, "totalOtherIncomeExpensesNet": -1105013367.53886, "incomeBeforeTax": -1218483955.350258, "incomeBeforeTaxRatio": -1.6462385943, "incomeTaxExpense": -120686176.307389, "netIncome": -1097797779.04287, "netIncomeRatio": -1.4831849567, "eps": -5.33, "epsdiluted": -5.32, "weightedAverageShsOut": 206143843, "weightedAverageShsOutDil": 206205000, "link": "https://www.sec.gov/Archives/edgar/data/1126874/000104746916010227/0001047469-16-010227-index.html", "finalLink": "https://www.sec.gov/Archives/edgar/data/1126874/000104746916010227/a2227391z40-f.htm", "calculatedOtherExpenses": -0.06344400346279144, "calculatedOperatingExpenses": 74851010.936556, "calculatedNetInterest": -47889658, "calculatedOtherIncome": -1105677781.413702, "calculatedIncomeNonControlling": 9.5367431640625e-07, "calculatedEbitda": 300624058.063444}, {"date": "2014-12-31", "symbol": "ERF", "reportedCurrency": "CAD", "cik": "0001126874", "fillingDate": "2014-12-31", "acceptedDate": "2014-12-30 19:00:00", "calendarYear": "2014", "period": "FY", "revenue": 1516605792, "costOfRevenue": 945828954, "grossProfit": 570776837, "grossProfitRatio": 0.3763514822, "researchAndDevelopmentExpenses": 0, "generalAndAdministrativeExpenses": 90485502, "sellingAndMarketingExpenses": 0, "sellingGeneralAndAdministrativeExpenses": 90485502, "otherExpenses": 198990, "operatingExpenses": 90485502, "costAndExpenses": 1036314456, "interestIncome": 0, "interestExpense": 53615423, "depreciationAndAmortization": 488150164, "ebitda": 967806626, "ebitdaratio": 0.638139872, "operatingIncome": 480291335, "operatingIncomeRatio": 0.3166883169, "totalOtherIncomeExpensesNet": -49479696.087383, "incomeBeforeTax": 376362352, "incomeBeforeTaxRatio": 0.2481609618, "incomeTaxExpense": 118729217, "netIncome": 257633134, "netIncomeRatio": 0.1698748187, "eps": 1.26, "epsdiluted": 1.24, "weightedAverageShsOut": 204510000, "weightedAverageShsOutDil": 207424000, "link": "", "finalLink": "", "calculatedOtherExpenses": 0, "calculatedOperatingExpenses": 90485502, "calculatedNetInterest": -53615423, "calculatedOtherIncome": -50313560, "calculatedIncomeNonControlling": 1, "calculatedEbitda": 968441499}, {"date": "2013-12-31", "symbol": "ERF", "reportedCurrency": "CAD", "cik": "0001126874", "fillingDate": "2013-12-31", "acceptedDate": "2013-12-30 19:00:00", "calendarYear": "2013", "period": "FY", "revenue": 1230878029, "costOfRevenue": 983256477, "grossProfit": 247621552, "grossProfitRatio": 0.2011747273, "researchAndDevelopmentExpenses": 0, "generalAndAdministrativeExpenses": 103552879, "sellingAndMarketingExpenses": 0, "sellingGeneralAndAdministrativeExpenses": 103552879, "otherExpenses": 815199, "operatingExpenses": 103552879, "costAndExpenses": 1086809357, "interestIncome": 0, "interestExpense": 53265963, "depreciationAndAmortization": 557118438, "ebitda": 701257548, "ebitdaratio": 0.5697213952, "operatingIncome": 144068672, "operatingIncomeRatio": 0.1170454493, "totalOtherIncomeExpensesNet": -8708923.053805, "incomeBeforeTax": 81349023, "incomeBeforeTaxRatio": 0.0660902394, "incomeTaxExpense": 36291405, "netIncome": 45057618, "netIncomeRatio": 0.0366060787, "eps": 0.23, "epsdiluted": 0.23, "weightedAverageShsOut": 200567000, "weightedAverageShsOutDil": 201404000, "link": "", "finalLink": "", "calculatedOtherExpenses": 1, "calculatedOperatingExpenses": 103552880, "calculatedNetInterest": -53265963, "calculatedOtherIncome": -9453686, "calculatedIncomeNonControlling": 0, "calculatedEbitda": 701187110}, {"date": "2012-12-31", "symbol": "ERF", "reportedCurrency": "CAD", "cik": "0001126874", "fillingDate": "2013-02-22", "acceptedDate": "2013-02-22 06:00:47", "calendarYear": "2012", "period": "FY", "revenue": 1465111627, "costOfRevenue": 1131652644, "grossProfit": 333458982, "grossProfitRatio": 0.227599711, "researchAndDevelopmentExpenses": 0, "generalAndAdministrativeExpenses": 94331694, "sellingAndMarketingExpenses": 0, "sellingGeneralAndAdministrativeExpenses": 94331694, "otherExpenses": -1282631.203321, "operatingExpenses": 107923966, "costAndExpenses": 1239576611, "interestIncome": 0, "interestExpense": 53349818, "depreciationAndAmortization": 513412341, "ebitda": 735962928, "ebitdaratio": 0.5023254984, "operatingIncome": 225535016, "operatingIncomeRatio": 0.153937087, "totalOtherIncomeExpensesNet": -388577947.991114, "incomeBeforeTax": -218094548.817386, "incomeBeforeTaxRatio": -0.1488586568, "incomeTaxExpense": -61551219.806399, "netIncome": -156543329.010987, "netIncomeRatio": -0.1068473733, "eps": -0.8, "epsdiluted": -0.8, "weightedAverageShsOut": 195633000, "weightedAverageShsOutDil": 195633000, "link": "https://www.sec.gov/Archives/edgar/data/1126874/000104746913001431/0001047469-13-001431-index.html", "finalLink": "https://www.sec.gov/Archives/edgar/data/1126874/000104746913001431/a2213094z40-f.htm", "calculatedOtherExpenses": 13592272, "calculatedOperatingExpenses": 107923966, "calculatedNetInterest": -53349818, "calculatedOtherIncome": -390279746.81738603, "calculatedIncomeNonControlling": 2.9802322387695312e-08, "calculatedEbitda": 738947357}, {"date": "2011-12-31", "symbol": "ERF", "reportedCurrency": "CAD", "cik": "0001126874", "fillingDate": "2012-03-09", "acceptedDate": "2012-03-09 14:20:43", "calendarYear": "2011", "period": "FY", "revenue": 1309142017, "costOfRevenue": 515619000, "grossProfit": 793523016, "grossProfitRatio": 0.606139751, "researchAndDevelopmentExpenses": 0, "generalAndAdministrativeExpenses": 0, "sellingAndMarketingExpenses": 0, "sellingGeneralAndAdministrativeExpenses": 112722820, "otherExpenses": 424452497, "operatingExpenses": 238811949, "costAndExpenses": 754430950, "interestIncome": 0, "interestExpense": 59195886, "depreciationAndAmortization": 424452497, "ebitda": 979163565, "ebitdaratio": 0.7479429672, "operatingIncome": 282882468, "operatingIncomeRatio": 0.2160823382, "totalOtherIncomeExpensesNet": -356433888.34476, "incomeBeforeTax": 139081292, "incomeBeforeTaxRatio": 0.1062385066, "incomeTaxExpense": 31895200, "netIncome": 107186092, "netIncomeRatio": 0.0818750683, "eps": 0.6, "epsdiluted": 0.6, "weightedAverageShsOut": 179889000, "weightedAverageShsOutDil": 180345000, "link": "https://www.sec.gov/Archives/edgar/data/1126874/000104746912002363/0001047469-12-002363-index.html", "finalLink": "https://www.sec.gov/Archives/edgar/data/1126874/000104746912002363/a2207720z40-f.htm", "calculatedOtherExpenses": 397917728, "calculatedOperatingExpenses": 510640548, "calculatedNetInterest": -59195886, "calculatedOtherIncome": -84605290, "calculatedIncomeNonControlling": 0, "calculatedEbitda": 707334965}, {"date": "2010-12-31", "symbol": "ERF", "reportedCurrency": "CAD", "cik": "0001126874", "fillingDate": "2011-03-11", "acceptedDate": "2011-03-11 12:57:15", "calendarYear": "2010", "period": "FY", "revenue": 1351698728, "costOfRevenue": 512913933, "grossProfit": 838784794, "grossProfitRatio": 0.6205412323, "researchAndDevelopmentExpenses": 0, "generalAndAdministrativeExpenses": 0, "sellingAndMarketingExpenses": 0, "sellingGeneralAndAdministrativeExpenses": 105870060, "otherExpenses": 644259918, "operatingExpenses": 751060830, "costAndExpenses": 1263974764, "interestIncome": 0, "interestExpense": 46728523, "depreciationAndAmortization": 645190769, "ebitda": 732914733, "ebitdaratio": 0.5422175211, "operatingIncome": 88654815, "operatingIncomeRatio": 0.0655877034, "totalOtherIncomeExpensesNet": 930851, "incomeBeforeTax": 41926291, "incomeBeforeTaxRatio": 0.0310174826, "incomeTaxExpense": -85165373.540234, "netIncome": 127091665, "netIncomeRatio": 0.0940236627, "eps": 0.72, "epsdiluted": 0.71, "weightedAverageShsOut": 177737000, "weightedAverageShsOutDil": 178090000, "link": "https://www.sec.gov/Archives/edgar/data/1126874/000104746911002029/0001047469-11-002029-index.html", "finalLink": "https://www.sec.gov/Archives/edgar/data/1126874/000104746911002029/a2202556z40-f.htm", "calculatedOtherExpenses": 644259919, "calculatedOperatingExpenses": 750129979, "calculatedNetInterest": -46728523, "calculatedOtherIncome": -1, "calculatedIncomeNonControlling": -0.4597660005092621, "calculatedEbitda": 733845584}, {"date": "2009-12-31", "symbol": "ERF", "reportedCurrency": "CAD", "cik": "0001126874", "fillingDate": "2010-03-12", "acceptedDate": "2010-03-12 10:53:31", "calendarYear": "2009", "period": "FY", "revenue": 1234419826, "costOfRevenue": 510650367, "grossProfit": 723769458, "grossProfitRatio": 0.5863235855, "researchAndDevelopmentExpenses": 0, "generalAndAdministrativeExpenses": 0, "sellingAndMarketingExpenses": 0, "sellingGeneralAndAdministrativeExpenses": 109517715, "otherExpenses": 564226912, "operatingExpenses": 730643682, "costAndExpenses": 1241294050, "interestIncome": 0, "interestExpense": 53726482, "depreciationAndAmortization": 621125966, "ebitda": 614251742, "ebitdaratio": 0.4976035947, "operatingIncome": 50024830, "operatingIncomeRatio": 0.0405249733, "totalOtherIncomeExpensesNet": 56899054, "incomeBeforeTax": -3701652.182218, "incomeBeforeTaxRatio": -0.0029986979, "incomeTaxExpense": -88810046.795913, "netIncome": 85108394, "netIncomeRatio": 0.0689460691, "eps": 0.51, "epsdiluted": 0.51, "weightedAverageShsOut": 169280000, "weightedAverageShsOutDil": 169549000, "link": "https://www.sec.gov/Archives/edgar/data/1126874/000104746910002119/0001047469-10-002119-index.html", "finalLink": "https://www.sec.gov/Archives/edgar/data/1126874/000104746910002119/a2197056z40-f.htm", "calculatedOtherExpenses": 564226913, "calculatedOperatingExpenses": 673744628, "calculatedNetInterest": -53726482, "calculatedOtherIncome": -0.18221800029277802, "calculatedIncomeNonControlling": 0.6136949956417084, "calculatedEbitda": 671150796}, {"date": "2008-12-31", "symbol": "ERF", "reportedCurrency": "CAD", "cik": "0001126874", "fillingDate": "2009-03-13", "acceptedDate": "2009-03-13 07:28:46", "calendarYear": "2008", "period": "FY", "revenue": 1916092366, "costOfRevenue": 273312586, "grossProfit": 1642779779, "grossProfitRatio": 0.8573593886, "researchAndDevelopmentExpenses": 0, "generalAndAdministrativeExpenses": 0, "sellingAndMarketingExpenses": 0, "sellingGeneralAndAdministrativeExpenses": 76678014, "otherExpenses": 526244481, "operatingExpenses": 602922496, "costAndExpenses": 876235082, "interestIncome": 0, "interestExpense": 0, "depreciationAndAmortization": 526244481, "ebitda": 1836596891, "ebitdaratio": 0.9585116687, "operatingIncome": 1039857283, "operatingIncomeRatio": 0.5426968458, "totalOtherIncomeExpensesNet": -270495126.540674, "incomeBeforeTax": 706970978, "incomeBeforeTaxRatio": 0.3689649784, "incomeTaxExpense": 23424626, "netIncome": 726030737, "netIncomeRatio": 0.3789121807, "eps": 4.55, "epsdiluted": 4.54, "weightedAverageShsOut": 160589000, "weightedAverageShsOutDil": 160640000, "link": "https://www.sec.gov/Archives/edgar/data/1126874/000104746909002604/0001047469-09-002604-index.html", "finalLink": "https://www.sec.gov/Archives/edgar/data/1126874/000104746909002604/a2191283z40-f.htm", "calculatedOtherExpenses": 526244482, "calculatedOperatingExpenses": 602922496, "calculatedNetInterest": 0, "calculatedOtherIncome": -332886305, "calculatedIncomeNonControlling": -42484385, "calculatedEbitda": 1566101764}, {"date": "2007-12-31", "symbol": "ERF", "reportedCurrency": "CAD", "cik": "0001126874", "fillingDate": "2007-12-31", "acceptedDate": "2007-12-30 19:00:00", "calendarYear": "2007", "period": "FY", "revenue": 1554228864, "costOfRevenue": 276835667, "grossProfit": 1277393197, "grossProfitRatio": 0.8218823018, "researchAndDevelopmentExpenses": 0, "generalAndAdministrativeExpenses": 0, "sellingAndMarketingExpenses": 0, "sellingGeneralAndAdministrativeExpenses": 90900605, "otherExpenses": 468260469, "operatingExpenses": 559161075, "costAndExpenses": 835996743, "interestIncome": 0, "interestExpense": 0, "depreciationAndAmortization": 468260469, "ebitda": 1505515206, "ebitdaratio": 0.9686573454, "operatingIncome": 718232121, "operatingIncomeRatio": 0.4621147746, "totalOtherIncomeExpensesNet": -319022615.36908, "incomeBeforeTax": 365255161, "incomeBeforeTaxRatio": 0.2350073205, "incomeTaxExpense": 22236751, "netIncome": 343018409, "netIncomeRatio": 0.2207000637, "eps": 2.69, "epsdiluted": 2.69, "weightedAverageShsOut": 127691000, "weightedAverageShsOutDil": 127752000, "link": "", "finalLink": "", "calculatedOtherExpenses": 468260471, "calculatedOperatingExpenses": 559161076, "calculatedNetInterest": 0, "calculatedOtherIncome": -352976960, "calculatedIncomeNonControlling": 1, "calculatedEbitda": 1186492590}, {"date": "2006-12-31", "symbol": "ERF", "reportedCurrency": "CAD", "cik": "0001126874", "fillingDate": "2006-12-31", "acceptedDate": "2006-12-30 19:00:00", "calendarYear": "2006", "period": "FY", "revenue": 1368671806, "costOfRevenue": 215545225, "grossProfit": 1153126581, "grossProfitRatio": 0.8425150394, "researchAndDevelopmentExpenses": 0, "generalAndAdministrativeExpenses": 0, "sellingAndMarketingExpenses": 0, "sellingGeneralAndAdministrativeExpenses": 70819975, "otherExpenses": 416087719, "operatingExpenses": 486907694, "costAndExpenses": 702452920, "interestIncome": 0, "interestExpense": 0, "depreciationAndAmortization": 413176322, "ebitda": 1331105507, "ebitdaratio": 0.9725527336, "operatingIncome": 666218886, "operatingIncomeRatio": 0.486763067, "totalOtherIncomeExpensesNet": -251710297.700755, "incomeBeforeTax": 389822192, "incomeBeforeTaxRatio": 0.2848178724, "incomeTaxExpense": -80471656.657515, "netIncome": 467383453, "netIncomeRatio": 0.3414868713, "eps": 3.84, "epsdiluted": 3.83, "weightedAverageShsOut": 121588000, "weightedAverageShsOutDil": 121858000, "link": "", "finalLink": "", "calculatedOtherExpenses": 416087720, "calculatedOperatingExpenses": 486907695, "calculatedNetInterest": 0, "calculatedOtherIncome": -276396694, "calculatedIncomeNonControlling": 2910395.6575149894, "calculatedEbitda": 1079395208}, {"date": "2005-12-31", "symbol": "ERF", "reportedCurrency": "CAD", "cik": "0001126874", "fillingDate": "2005-12-31", "acceptedDate": "2005-12-30 19:00:00", "calendarYear": "2005", "period": "FY", "revenue": 1335085819, "costOfRevenue": 186677947, "grossProfit": 1148407872, "grossProfitRatio": 0.8601753202, "researchAndDevelopmentExpenses": 0, "generalAndAdministrativeExpenses": 0, "sellingAndMarketingExpenses": 0, "sellingGeneralAndAdministrativeExpenses": 57939024, "otherExpenses": 338411042, "operatingExpenses": 396350067, "costAndExpenses": 583028014, "interestIncome": 0, "interestExpense": 0, "depreciationAndAmortization": 332826715, "ebitda": 1436684130, "ebitdaratio": 1.0760987115, "operatingIncome": 752057805, "operatingIncomeRatio": 0.5633029683, "totalOtherIncomeExpensesNet": -351799609.953504, "incomeBeforeTax": 393162884, "incomeBeforeTaxRatio": 0.2944851025, "incomeTaxExpense": 15577440, "netIncome": 372000116, "netIncomeRatio": 0.2786338606, "eps": 3.41, "epsdiluted": 3.4, "weightedAverageShsOut": 109083000, "weightedAverageShsOutDil": 109371000, "link": "", "finalLink": "", "calculatedOtherExpenses": 338411043, "calculatedOperatingExpenses": 396350067, "calculatedNetInterest": 0, "calculatedOtherIncome": -358894921, "calculatedIncomeNonControlling": 5585328, "calculatedEbitda": 1084884520}, {"date": "2004-12-31", "symbol": "ERF", "reportedCurrency": "CAD", "cik": "0001126874", "fillingDate": "2004-12-31", "acceptedDate": "2004-12-30 19:00:00", "calendarYear": "2004", "period": "FY", "revenue": 956431712, "costOfRevenue": 163417475, "grossProfit": 793014237, "grossProfitRatio": 0.8291383762, "researchAndDevelopmentExpenses": 0, "generalAndAdministrativeExpenses": 0, "sellingAndMarketingExpenses": 0, "sellingGeneralAndAdministrativeExpenses": 49064569, "otherExpenses": 276906990, "operatingExpenses": 325971559, "costAndExpenses": 489389035, "interestIncome": 0, "interestExpense": 0, "depreciationAndAmortization": 271407238, "ebitda": 1039010828, "ebitdaratio": 1.086340838, "operatingIncome": 467042677, "operatingIncomeRatio": 0.4883178496, "totalOtherIncomeExpensesNet": -300560912.206565, "incomeBeforeTax": 156475412, "incomeBeforeTaxRatio": 0.163603329, "incomeTaxExpense": -63904914.569019, "netIncome": 214880575, "netIncomeRatio": 0.2246690199, "eps": 2.16, "epsdiluted": 2.16, "weightedAverageShsOut": 99273000, "weightedAverageShsOutDil": 99416000, "link": "", "finalLink": "", "calculatedOtherExpenses": 276906991, "calculatedOperatingExpenses": 325971560, "calculatedNetInterest": 0, "calculatedOtherIncome": -310567265, "calculatedIncomeNonControlling": 5499751.56901899, "calculatedEbitda": 738449915}, {"date": "2003-12-31", "symbol": "ERF", "reportedCurrency": "CAD", "cik": "0001126874", "fillingDate": "2003-12-31", "acceptedDate": "2003-12-30 19:00:00", "calendarYear": "2003", "period": "FY", "revenue": 721653513, "costOfRevenue": 131462495, "grossProfit": 590191018, "grossProfitRatio": 0.8178315594, "researchAndDevelopmentExpenses": 0, "generalAndAdministrativeExpenses": 0, "sellingAndMarketingExpenses": 0, "sellingGeneralAndAdministrativeExpenses": 64399646, "otherExpenses": 193644957, "operatingExpenses": 258044603, "costAndExpenses": 389507099, "interestIncome": 0, "interestExpense": 0, "depreciationAndAmortization": 188846026, "ebitda": 702426995, "ebitdaratio": 0.9733576878, "operatingIncome": 332146414, "operatingIncomeRatio": 0.4602574618, "totalOtherIncomeExpensesNet": -181434554.315723, "incomeBeforeTax": 141017642, "incomeBeforeTaxRatio": 0.1954090704, "incomeTaxExpense": -56259045.937213, "netIncome": 192477757, "netIncomeRatio": 0.2667176895, "eps": 2.22, "epsdiluted": 2.21, "weightedAverageShsOut": 86202000, "weightedAverageShsOutDil": 86402000, "link": "", "finalLink": "", "calculatedOtherExpenses": 193644958, "calculatedOperatingExpenses": 258044604, "calculatedNetInterest": 0, "calculatedOtherIncome": -191128772, "calculatedIncomeNonControlling": 4798930.937213004, "calculatedEbitda": 520992440}, {"date": "2002-12-31", "symbol": "ERF", "reportedCurrency": "CAD", "cik": "0001126874", "fillingDate": "2002-12-31", "acceptedDate": "2002-12-30 19:00:00", "calendarYear": "2002", "period": "FY", "revenue": 394744034, "costOfRevenue": 85362976, "grossProfit": 309381058, "grossProfitRatio": 0.7837510673, "researchAndDevelopmentExpenses": 0, "generalAndAdministrativeExpenses": 0, "sellingAndMarketingExpenses": 0, "sellingGeneralAndAdministrativeExpenses": 23893435, "otherExpenses": 139356883, "operatingExpenses": 163250319, "costAndExpenses": 248613295, "interestIncome": 0, "interestExpense": 0, "depreciationAndAmortization": 135873986, "ebitda": 365747214, "ebitdaratio": 0.9265427273, "operatingIncome": 146130739, "operatingIncomeRatio": 0.3701911274, "totalOtherIncomeExpensesNet": -83742489.090459, "incomeBeforeTax": 51128813, "incomeBeforeTaxRatio": 0.1295239685, "incomeTaxExpense": -22475884.673285, "netIncome": 73604698, "netIncomeRatio": 0.1864618389, "eps": 1.02, "epsdiluted": 1.02, "weightedAverageShsOut": 71946000, "weightedAverageShsOutDil": 72084000, "link": "", "finalLink": "", "calculatedOtherExpenses": 139356884, "calculatedOperatingExpenses": 163250319, "calculatedNetInterest": 0, "calculatedOtherIncome": -95001926, "calculatedIncomeNonControlling": -0.32671499252319336, "calculatedEbitda": 282004725}, {"date": "2001-12-31", "symbol": "ERF", "reportedCurrency": "CAD", "cik": "0001126874", "fillingDate": "2001-12-31", "acceptedDate": "2001-12-30 19:00:00", "calendarYear": "2001", "period": "FY", "revenue": 401625132, "costOfRevenue": 75429827, "grossProfit": 326195305, "grossProfitRatio": 0.8121884792, "researchAndDevelopmentExpenses": 0, "generalAndAdministrativeExpenses": 0, "sellingAndMarketingExpenses": 0, "sellingGeneralAndAdministrativeExpenses": 14003853, "otherExpenses": 124876781, "operatingExpenses": 138880634, "costAndExpenses": 214310461, "interestIncome": 0, "interestExpense": 0, "depreciationAndAmortization": 121911023, "ebitda": 392555875, "ebitdaratio": 0.9774186, "operatingIncome": 187314671, "operatingIncomeRatio": 0.466391806, "totalOtherIncomeExpensesNet": -83330180.655536, "incomeBeforeTax": 93464351, "incomeBeforeTaxRatio": 0.2327153947, "incomeTaxExpense": -19771382.178168, "netIncome": 113235733, "netIncomeRatio": 0.2819438432, "eps": 2.06, "epsdiluted": 2.06, "weightedAverageShsOut": 54907000, "weightedAverageShsOutDil": 54956000, "link": "", "finalLink": "", "calculatedOtherExpenses": 124876781, "calculatedOperatingExpenses": 138880634, "calculatedNetInterest": 0, "calculatedOtherIncome": -93850320, "calculatedIncomeNonControlling": 0.17816799879074097, "calculatedEbitda": 309225694}, {"date": "2000-12-31", "symbol": "ERF", "reportedCurrency": "CAD", "cik": "0001126874", "fillingDate": "2000-12-31", "acceptedDate": "2000-12-30 19:00:00", "calendarYear": "2000", "period": "FY", "revenue": 120886126, "costOfRevenue": 20872784, "grossProfit": 100013341, "grossProfitRatio": 0.8273351546, "researchAndDevelopmentExpenses": 0, "generalAndAdministrativeExpenses": 0, "sellingAndMarketingExpenses": 0, "sellingGeneralAndAdministrativeExpenses": 5071676, "otherExpenses": 15664089, "operatingExpenses": 20735765, "costAndExpenses": 41608550, "interestIncome": 0, "interestExpense": 0, "depreciationAndAmortization": 16383185, "ebitda": 120096021, "ebitdaratio": 0.9934640581, "operatingIncome": 79277575, "operatingIncomeRatio": 0.6558037589, "totalOtherIncomeExpensesNet": -24435259.753251, "incomeBeforeTax": 51098816, "incomeBeforeTaxRatio": 0.4227020801, "incomeTaxExpense": 767102, "netIncome": 50331714, "netIncomeRatio": 0.4163564192, "eps": 2.04, "epsdiluted": 2.03, "weightedAverageShsOut": 26841000, "weightedAverageShsOutDil": 26928000, "link": "", "finalLink": "", "calculatedOtherExpenses": 15664090, "calculatedOperatingExpenses": 20735766, "calculatedNetInterest": 0, "calculatedOtherIncome": -28178759, "calculatedIncomeNonControlling": 0, "calculatedEbitda": 95660760}, {"date": "1999-12-31", "symbol": "ERF", "reportedCurrency": "CAD", "cik": "0001126874", "fillingDate": "1999-12-31", "acceptedDate": "1999-12-30 19:00:00", "calendarYear": "1999", "period": "FY", "revenue": 37491455, "costOfRevenue": 11047206, "grossProfit": 26444249, "grossProfitRatio": 0.7053406998, "researchAndDevelopmentExpenses": 0, "generalAndAdministrativeExpenses": 0, "sellingAndMarketingExpenses": 0, "sellingGeneralAndAdministrativeExpenses": 2485621, "otherExpenses": 8975854, "operatingExpenses": 11461476, "costAndExpenses": 22508682, "interestIncome": 0, "interestExpense": 0, "depreciationAndAmortization": 9873440, "ebitda": 30794086, "ebitdaratio": 0.8213627993, "operatingIncome": 14982773, "operatingIncomeRatio": 0.3996316759, "totalOtherIncomeExpensesNet": -5937873.274737, "incomeBeforeTax": 6973548, "incomeBeforeTaxRatio": 0.1860036832, "incomeTaxExpense": 552360, "netIncome": 6421188, "netIncomeRatio": 0.1712707182, "eps": 0.86, "epsdiluted": 0.86, "weightedAverageShsOut": 20532000, "weightedAverageShsOutDil": 20607000, "link": "", "finalLink": "", "calculatedOtherExpenses": 8975855, "calculatedOperatingExpenses": 11461476, "calculatedNetInterest": 0, "calculatedOtherIncome": -8009225, "calculatedIncomeNonControlling": 0, "calculatedEbitda": 24856213}, {"date": "1998-12-31", "symbol": "ERF", "reportedCurrency": "CAD", "cik": "0001126874", "fillingDate": "1998-12-31", "acceptedDate": "1998-12-30 19:00:00", "calendarYear": "1998", "period": "FY", "revenue": 26970819, "costOfRevenue": 10853317, "grossProfit": 16117501, "grossProfitRatio": 0.5975903614, "researchAndDevelopmentExpenses": 0, "generalAndAdministrativeExpenses": 0, "sellingAndMarketingExpenses": 0, "sellingGeneralAndAdministrativeExpenses": 2209657, "otherExpenses": 11503217, "operatingExpenses": 13712874, "costAndExpenses": 24566192, "interestIncome": 0, "interestExpense": 0, "depreciationAndAmortization": 11503217, "ebitda": 14947683, "ebitdaratio": 0.5542168675, "operatingIncome": 2404627, "operatingIncomeRatio": 0.0891566265, "totalOtherIncomeExpensesNet": -1039838.824982, "incomeBeforeTax": -1624748.164035, "incomeBeforeTaxRatio": -0.0602409639, "incomeTaxExpense": 129979, "netIncome": -1754728.017157, "netIncomeRatio": -0.065060241, "eps": -0.13, "epsdiluted": -0.13, "weightedAverageShsOut": 13028000, "weightedAverageShsOutDil": 13028000, "link": "", "finalLink": "", "calculatedOtherExpenses": 11503217, "calculatedOperatingExpenses": 13712874, "calculatedNetInterest": 0, "calculatedOtherIncome": -4029375.164035, "calculatedIncomeNonControlling": 0.8531220001168549, "calculatedEbitda": 13907844}, {"date": "1997-12-31", "symbol": "ERF", "reportedCurrency": "CAD", "cik": "0001126874", "fillingDate": "1997-12-31", "acceptedDate": "1997-12-30 19:00:00", "calendarYear": "1997", "period": "FY", "revenue": 35290006, "costOfRevenue": 10552061, "grossProfit": 24737945, "grossProfitRatio": 0.700990099, "researchAndDevelopmentExpenses": 0, "generalAndAdministrativeExpenses": 0, "sellingAndMarketingExpenses": 0, "sellingGeneralAndAdministrativeExpenses": 2655485, "otherExpenses": 10552061, "operatingExpenses": 13207547, "costAndExpenses": 23759608, "interestIncome": 0, "interestExpense": 0, "depreciationAndAmortization": 10552061, "ebitda": 24737945, "ebitdaratio": 0.700990099, "operatingIncome": 11530398, "operatingIncomeRatio": 0.3267326733, "totalOtherIncomeExpensesNet": -2655485.674354, "incomeBeforeTax": 8874912, "incomeBeforeTaxRatio": 0.2514851485, "incomeTaxExpense": 3144654, "netIncome": 8385744, "netIncomeRatio": 0.2376237624, "eps": 1.43, "epsdiluted": 1.43, "weightedAverageShsOut": 5882353, "weightedAverageShsOutDil": 5882353, "link": "", "finalLink": "", "calculatedOtherExpenses": 10552062, "calculatedOperatingExpenses": 13207547, "calculatedNetInterest": 0, "calculatedOtherIncome": -2655486, "calculatedIncomeNonControlling": -2655486, "calculatedEbitda": 22082459}, {"date": "1996-12-31", "symbol": "ERF", "reportedCurrency": "CAD", "cik": "0001126874", "fillingDate": "1996-12-31", "acceptedDate": "1996-12-30 19:00:00", "calendarYear": "1996", "period": "FY", "revenue": 40572095, "costOfRevenue": 12478108, "grossProfit": 28093987, "grossProfitRatio": 0.6924460432, "researchAndDevelopmentExpenses": 0, "generalAndAdministrativeExpenses": 0, "sellingAndMarketingExpenses": 0, "sellingGeneralAndAdministrativeExpenses": 3283712, "otherExpenses": 12113251, "operatingExpenses": 15396964, "costAndExpenses": 27875072, "interestIncome": 0, "interestExpense": 0, "depreciationAndAmortization": 12113251, "ebitda": 30793928, "ebitdaratio": 0.7589928058, "operatingIncome": 12697022, "operatingIncomeRatio": 0.3129496403, "totalOtherIncomeExpensesNet": -5983654.407472, "incomeBeforeTax": 6713368, "incomeBeforeTaxRatio": 0.1654676259, "incomeTaxExpense": 6713368, "netIncome": 5983654, "netIncomeRatio": 0.1474820144, "eps": 1.01, "epsdiluted": 1.01, "weightedAverageShsOut": 5942029, "weightedAverageShsOutDil": 5942029, "link": "", "finalLink": "", "calculatedOtherExpenses": 12113253, "calculatedOperatingExpenses": 15396965, "calculatedNetInterest": 0, "calculatedOtherIncome": -5983654, "calculatedIncomeNonControlling": -5983654, "calculatedEbitda": 24810273}]}