{"originalCurrency": "USD", "convertedCurrency": "USD", "report": [{"date": "2023-12-31", "symbol": "ERIE", "reportedCurrency": "USD", "cik": "0000922621", "fillingDate": "2024-02-26", "acceptedDate": "2024-02-26 16:25:53", "calendarYear": "2023", "period": "FY", "revenue": 3259903000, "costOfRevenue": 2748684000, "grossProfit": 511219000, "grossProfitRatio": 0.1568203103, "researchAndDevelopmentExpenses": 0, "generalAndAdministrativeExpenses": 0, "sellingAndMarketingExpenses": 0, "sellingGeneralAndAdministrativeExpenses": 32561000, "otherExpenses": 3199000, "operatingExpenses": -3199000, "costAndExpenses": 2745485000, "interestIncome": 51742000, "interestExpense": 0, "depreciationAndAmortization": 53592000, "ebitda": 568010000, "ebitdaratio": 0.1742413808, "operatingIncome": 514418000, "operatingIncomeRatio": 0.1578016278, "totalOtherIncomeExpensesNet": 47518000, "incomeBeforeTax": 561936000, "incomeBeforeTaxRatio": 0.1723781352, "incomeTaxExpense": 115875000, "netIncome": 446061000, "netIncomeRatio": 0.136832599, "eps": 9.58, "epsdiluted": 8.47, "weightedAverageShsOut": 46570281, "weightedAverageShsOutDil": 52680711, "link": "https://www.sec.gov/Archives/edgar/data/922621/000092262124000006/0000922621-24-000006-index.htm", "finalLink": "https://www.sec.gov/Archives/edgar/data/922621/000092262124000006/erie-20231231.htm", "calculatedOtherExpenses": -35760000, "calculatedOperatingExpenses": -3199000, "calculatedNetInterest": 51742000, "calculatedOtherIncome": -4224000, "calculatedIncomeNonControlling": 0, "calculatedEbitda": 568010000}, {"date": "2022-12-31", "symbol": "ERIE", "reportedCurrency": "USD", "cik": "0000922621", "fillingDate": "2023-03-01", "acceptedDate": "2023-03-01 16:25:32", "calendarYear": "2022", "period": "FY", "revenue": 2840756000, "costOfRevenue": 2463910000, "grossProfit": 376846000, "grossProfitRatio": 0.1326569406, "researchAndDevelopmentExpenses": 0, "generalAndAdministrativeExpenses": 0, "sellingAndMarketingExpenses": 0, "sellingGeneralAndAdministrativeExpenses": 6030000, "otherExpenses": -2462295000, "operatingExpenses": -2462295000, "costAndExpenses": 2464304000, "interestIncome": 4510000, "interestExpense": 2009000, "depreciationAndAmortization": 51720000, "ebitda": 430181000, "ebitdaratio": 0.1514318724, "operatingIncome": 378461000, "operatingIncomeRatio": 0.1332254513, "totalOtherIncomeExpensesNet": -2009000, "incomeBeforeTax": 376452000, "incomeBeforeTaxRatio": 0.1325182451, "incomeTaxExpense": 77883000, "netIncome": 298569000, "netIncomeRatio": 0.1051019517, "eps": 6.41, "epsdiluted": 5.67, "weightedAverageShsOut": 46570216, "weightedAverageShsOutDil": 52679290, "link": "https://www.sec.gov/Archives/edgar/data/922621/000092262123000007/0000922621-23-000007-index.htm", "finalLink": "https://www.sec.gov/Archives/edgar/data/922621/000092262123000007/erie-20221231.htm", "calculatedOtherExpenses": -7645000, "calculatedOperatingExpenses": -1615000, "calculatedNetInterest": 2501000, "calculatedOtherIncome": -4510000, "calculatedIncomeNonControlling": 0, "calculatedEbitda": 430181000}, {"date": "2021-12-31", "symbol": "ERIE", "reportedCurrency": "USD", "cik": "0000922621", "fillingDate": "2022-02-24", "acceptedDate": "2022-02-24 16:30:25", "calendarYear": "2021", "period": "FY", "revenue": 2701309000, "costOfRevenue": 2315880000, "grossProfit": 385429000, "grossProfitRatio": 0.142682307, "researchAndDevelopmentExpenses": 0, "generalAndAdministrativeExpenses": 0, "sellingAndMarketingExpenses": 0, "sellingGeneralAndAdministrativeExpenses": 4083000, "otherExpenses": -2987430000, "operatingExpenses": -2987430000, "costAndExpenses": 2324905000, "interestIncome": 3609000, "interestExpense": 4132000, "depreciationAndAmortization": 49097000, "ebitda": -286121000, "ebitdaratio": -0.1059193895, "operatingIncome": -286121000, "operatingIncomeRatio": -0.1059193895, "totalOtherIncomeExpensesNet": 662525000, "incomeBeforeTax": 376404000, "incomeBeforeTaxRatio": 0.1393413341, "incomeTaxExpense": 78544000, "netIncome": 297860000, "netIncomeRatio": 0.1102650604, "eps": 6.4, "epsdiluted": 5.65, "weightedAverageShsOut": 46570106, "weightedAverageShsOutDil": 52688602, "link": "https://www.sec.gov/Archives/edgar/data/922621/000092262122000013/0000922621-22-000013-index.htm", "finalLink": "https://www.sec.gov/Archives/edgar/data/922621/000092262122000013/erie-20211231.htm", "calculatedOtherExpenses": 667467000, "calculatedOperatingExpenses": 671550000, "calculatedNetInterest": -523000, "calculatedOtherIncome": 663048000, "calculatedIncomeNonControlling": 0, "calculatedEbitda": -237024000}, {"date": "2020-12-31", "symbol": "ERIE", "reportedCurrency": "USD", "cik": "0000922621", "fillingDate": "2021-02-25", "acceptedDate": "2021-02-25 16:27:12", "calendarYear": "2020", "period": "FY", "revenue": 2569356000, "costOfRevenue": 2198332000, "grossProfit": 371024000, "grossProfitRatio": 0.1444035003, "researchAndDevelopmentExpenses": 0, "generalAndAdministrativeExpenses": 0, "sellingAndMarketingExpenses": 0, "sellingGeneralAndAdministrativeExpenses": 1635000, "otherExpenses": -2836073000, "operatingExpenses": -2836073000, "costAndExpenses": 2200841000, "interestIncome": 4436000, "interestExpense": 731000, "depreciationAndAmortization": 34303000, "ebitda": -266717000, "ebitdaratio": -0.1038069462, "operatingIncome": -266717000, "operatingIncomeRatio": -0.1038069462, "totalOtherIncomeExpensesNet": 635232000, "incomeBeforeTax": 368515000, "incomeBeforeTaxRatio": 0.143426991, "incomeTaxExpense": 75211000, "netIncome": 293304000, "netIncomeRatio": 0.1141546753, "eps": 6.3, "epsdiluted": 5.57, "weightedAverageShsOut": 46569959, "weightedAverageShsOutDil": 52694660, "link": "https://www.sec.gov/Archives/edgar/data/922621/000092262121000010/0000922621-21-000010-index.htm", "finalLink": "https://www.sec.gov/Archives/edgar/data/922621/000092262121000010/erie-20201231.htm", "calculatedOtherExpenses": 636106000, "calculatedOperatingExpenses": 637741000, "calculatedNetInterest": 3705000, "calculatedOtherIncome": 631527000, "calculatedIncomeNonControlling": 0, "calculatedEbitda": -232414000}, {"date": "2019-12-31", "symbol": "ERIE", "reportedCurrency": "USD", "cik": "0000922621", "fillingDate": "2020-02-27", "acceptedDate": "2020-02-27 16:38:14", "calendarYear": "2019", "period": "FY", "revenue": 2516605000, "costOfRevenue": 2119958999, "grossProfit": 396646001, "grossProfitRatio": 0.1576115445, "researchAndDevelopmentExpenses": 0, "generalAndAdministrativeExpenses": 0, "sellingAndMarketingExpenses": 0, "sellingGeneralAndAdministrativeExpenses": 1671000, "otherExpenses": -2729537000, "operatingExpenses": -2729537000, "costAndExpenses": 2119900000, "interestIncome": 10546000, "interestExpense": 856000, "depreciationAndAmortization": 30772000, "ebitda": -212932000, "ebitdaratio": -0.084610815, "operatingIncome": -212932000, "operatingIncomeRatio": -0.084610815, "totalOtherIncomeExpensesNet": 609637000, "incomeBeforeTax": 396705000, "incomeBeforeTaxRatio": 0.1576349884, "incomeTaxExpense": 79884000, "netIncome": 316821000, "netIncomeRatio": 0.1258922238, "eps": 6.8, "epsdiluted": 6.01, "weightedAverageShsOut": 46570136, "weightedAverageShsOutDil": 52701160, "link": "https://www.sec.gov/Archives/edgar/data/922621/000092262120000009/0000922621-20-000009-index.htm", "finalLink": "https://www.sec.gov/Archives/edgar/data/922621/000092262120000009/erie10-k12312019.htm", "calculatedOtherExpenses": 607907001, "calculatedOperatingExpenses": 609578001, "calculatedNetInterest": 9690000, "calculatedOtherIncome": 599947000, "calculatedIncomeNonControlling": 0, "calculatedEbitda": -182160000}, {"date": "2018-12-31", "symbol": "ERIE", "reportedCurrency": "USD", "cik": "0000922621", "fillingDate": "2019-02-21", "acceptedDate": "2019-02-21 16:34:22", "calendarYear": "2018", "period": "FY", "revenue": 2408830000, "costOfRevenue": 2037869000, "grossProfit": 370961000, "grossProfitRatio": 0.1540004899, "researchAndDevelopmentExpenses": 0, "generalAndAdministrativeExpenses": 0, "sellingAndMarketingExpenses": 0, "sellingGeneralAndAdministrativeExpenses": 0, "otherExpenses": -2035050000, "operatingExpenses": -2035050000, "costAndExpenses": 2037510000, "interestIncome": 0, "interestExpense": 2460000, "depreciationAndAmortization": 13368000, "ebitda": 373780000, "ebitdaratio": 0.1551707676, "operatingIncome": 373780000, "operatingIncomeRatio": 0.1551707676, "totalOtherIncomeExpensesNet": 609013000, "incomeBeforeTax": 371320000, "incomeBeforeTaxRatio": 0.1541495249, "incomeTaxExpense": 83096000, "netIncome": 288224000, "netIncomeRatio": 0.1196531096, "eps": 4.93, "epsdiluted": 4.93, "weightedAverageShsOut": 58416013, "weightedAverageShsOutDil": 58416013, "link": "https://www.sec.gov/Archives/edgar/data/922621/000092262119000008/0000922621-19-000008-index.htm", "finalLink": "https://www.sec.gov/Archives/edgar/data/922621/000092262119000008/erie10-k12312018.htm", "calculatedOtherExpenses": -2819000, "calculatedOperatingExpenses": -2819000, "calculatedNetInterest": -2460000, "calculatedOtherIncome": 0, "calculatedIncomeNonControlling": 0, "calculatedEbitda": 387148000}, {"date": "2017-12-31", "symbol": "ERIE", "reportedCurrency": "USD", "cik": "0000922621", "fillingDate": "2018-02-22", "acceptedDate": "2018-02-22 16:37:03", "calendarYear": "2017", "period": "FY", "revenue": 1717534000, "costOfRevenue": 1401522000, "grossProfit": 316012000, "grossProfitRatio": 0.1839916997, "researchAndDevelopmentExpenses": 0, "generalAndAdministrativeExpenses": 240181000, "sellingAndMarketingExpenses": 0, "sellingGeneralAndAdministrativeExpenses": 240181000, "otherExpenses": -1640782000, "operatingExpenses": -1400601000, "costAndExpenses": 1401839000, "interestIncome": 0, "interestExpense": 1238000, "depreciationAndAmortization": 14831000, "ebitda": 316933000, "ebitdaratio": 0.1845279337, "operatingIncome": 316933000, "operatingIncomeRatio": 0.1845279337, "totalOtherIncomeExpensesNet": 29149000, "incomeBeforeTax": 315695000, "incomeBeforeTaxRatio": 0.1838071328, "incomeTaxExpense": 118696000, "netIncome": 196999000, "netIncomeRatio": 0.1146987483, "eps": 4.23, "epsdiluted": 3.76, "weightedAverageShsOut": 52287631, "weightedAverageShsOutDil": 58438263, "link": "https://www.sec.gov/Archives/edgar/data/922621/000092262118000016/0000922621-18-000016-index.htm", "finalLink": "https://www.sec.gov/Archives/edgar/data/922621/000092262118000016/erie10-k12312017.htm", "calculatedOtherExpenses": -241102000, "calculatedOperatingExpenses": -921000, "calculatedNetInterest": -1238000, "calculatedOtherIncome": 0, "calculatedIncomeNonControlling": 0, "calculatedEbitda": 331764000}, {"date": "2016-12-31", "symbol": "ERIE", "reportedCurrency": "USD", "cik": "0000922621", "fillingDate": "2017-02-23", "acceptedDate": "2017-02-23 16:49:55", "calendarYear": "2016", "period": "FY", "revenue": 1617434000, "costOfRevenue": 908954000, "grossProfit": 708480000, "grossProfitRatio": 0.4380271467, "researchAndDevelopmentExpenses": 0, "generalAndAdministrativeExpenses": 213356000, "sellingAndMarketingExpenses": 0, "sellingGeneralAndAdministrativeExpenses": 213356000, "otherExpenses": -1510598000, "operatingExpenses": -1297242000, "costAndExpenses": 1297343000, "interestIncome": 0, "interestExpense": 101000, "depreciationAndAmortization": 15154000, "ebitda": 320192000, "ebitdaratio": 0.1979629462, "operatingIncome": 320192000, "operatingIncomeRatio": 0.1979629462, "totalOtherIncomeExpensesNet": 29200000, "incomeBeforeTax": 320091000, "incomeBeforeTaxRatio": 0.1979005017, "incomeTaxExpense": 109725000, "netIncome": 210366000, "netIncomeRatio": 0.1300615667, "eps": 4.52, "epsdiluted": 4.01, "weightedAverageShsOut": 52289752, "weightedAverageShsOutDil": 58536103, "link": "https://www.sec.gov/Archives/edgar/data/922621/000092262117000008/0000922621-17-000008-index.htm", "finalLink": "https://www.sec.gov/Archives/edgar/data/922621/000092262117000008/erie10-k12312016.htm", "calculatedOtherExpenses": 174932000, "calculatedOperatingExpenses": 388288000, "calculatedNetInterest": -101000, "calculatedOtherIncome": 0, "calculatedIncomeNonControlling": 0, "calculatedEbitda": 335346000}, {"date": "2015-12-31", "symbol": "ERIE", "reportedCurrency": "USD", "cik": "0000922621", "fillingDate": "2016-02-25", "acceptedDate": "2016-02-25 16:56:40", "calendarYear": "2015", "period": "FY", "revenue": 1522233000, "costOfRevenue": 864341000, "grossProfit": 657892000, "grossProfitRatio": 0.4321887648, "researchAndDevelopmentExpenses": 0, "generalAndAdministrativeExpenses": 226713000, "sellingAndMarketingExpenses": 0, "sellingGeneralAndAdministrativeExpenses": 226713000, "otherExpenses": -1482697000, "operatingExpenses": -1255984000, "costAndExpenses": 1255984000, "interestIncome": 0, "interestExpense": 0, "depreciationAndAmortization": 16460999, "ebitda": 266249000, "ebitdaratio": 0.1749068638, "operatingIncome": 266249000, "operatingIncomeRatio": 0.1749068638, "totalOtherIncomeExpensesNet": 29997000, "incomeBeforeTax": 266249000, "incomeBeforeTaxRatio": 0.1749068638, "incomeTaxExpense": 91571000, "netIncome": 174678000, "netIncomeRatio": 0.1147511583, "eps": 3.75, "epsdiluted": 3.33, "weightedAverageShsOut": 52287471, "weightedAverageShsOutDil": 58599611, "link": "https://www.sec.gov/Archives/edgar/data/922621/000092262116000067/0000922621-16-000067-index.htm", "finalLink": "https://www.sec.gov/Archives/edgar/data/922621/000092262116000067/erie10-k12312015.htm", "calculatedOtherExpenses": 164930000, "calculatedOperatingExpenses": 391643000, "calculatedNetInterest": 0, "calculatedOtherIncome": 0, "calculatedIncomeNonControlling": 0, "calculatedEbitda": 282709999}, {"date": "2014-12-31", "symbol": "ERIE", "reportedCurrency": "USD", "cik": "0000922621", "fillingDate": "2015-02-26", "acceptedDate": "2015-02-26 16:28:32", "calendarYear": "2014", "period": "FY", "revenue": 6011000000, "costOfRevenue": 5294000000, "grossProfit": 717000000, "grossProfitRatio": 0.1192813176, "researchAndDevelopmentExpenses": 7000000, "generalAndAdministrativeExpenses": 0, "sellingAndMarketingExpenses": 0, "sellingGeneralAndAdministrativeExpenses": 0, "otherExpenses": -5586000000, "operatingExpenses": -5586000000, "costAndExpenses": 5181000000, "interestIncome": 0, "interestExpense": 0, "depreciationAndAmortization": 16000000, "ebitda": 425000000, "ebitdaratio": 0.0707037099, "operatingIncome": 425000000, "operatingIncomeRatio": 0.0707037099, "totalOtherIncomeExpensesNet": 32000000, "incomeBeforeTax": 830000000, "incomeBeforeTaxRatio": 0.1380801863, "incomeTaxExpense": 257000000, "netIncome": 168000000, "netIncomeRatio": 0.0279487606, "eps": 3.59, "epsdiluted": 3.18, "weightedAverageShsOut": 52348676, "weightedAverageShsOutDil": 58717034, "link": "https://www.sec.gov/Archives/edgar/data/922621/000092262115000008/0000922621-15-000008-index.htm", "finalLink": "https://www.sec.gov/Archives/edgar/data/922621/000092262115000008/erie10-k12312014.htm", "calculatedOtherExpenses": 285000000, "calculatedOperatingExpenses": 292000000, "calculatedNetInterest": 0, "calculatedOtherIncome": 405000000, "calculatedIncomeNonControlling": 405000000, "calculatedEbitda": 441000000}, {"date": "2013-12-31", "symbol": "ERIE", "reportedCurrency": "USD", "cik": "0000922621", "fillingDate": "2014-02-27", "acceptedDate": "2014-02-27 16:36:36", "calendarYear": "2013", "period": "FY", "revenue": 6110000000, "costOfRevenue": 4704000000, "grossProfit": 1406000000, "grossProfitRatio": 0.2301145663, "researchAndDevelopmentExpenses": 7000000, "generalAndAdministrativeExpenses": 0, "sellingAndMarketingExpenses": 0, "sellingGeneralAndAdministrativeExpenses": 0, "otherExpenses": -4543000000, "operatingExpenses": -4543000000, "costAndExpenses": 4543000000, "interestIncome": 0, "interestExpense": 0, "depreciationAndAmortization": 21000000, "ebitda": 703000000, "ebitdaratio": 0.1150572831, "operatingIncome": 1567000000, "operatingIncomeRatio": 0.2564648118, "totalOtherIncomeExpensesNet": 32000000, "incomeBeforeTax": 1567000000, "incomeBeforeTaxRatio": 0.2564648118, "incomeTaxExpense": 519000000, "netIncome": 163000000, "netIncomeRatio": 0.0266775777, "eps": 3.46, "epsdiluted": 3.08, "weightedAverageShsOut": 52761451, "weightedAverageShsOutDil": 58956557, "link": "https://www.sec.gov/Archives/edgar/data/922621/000092262114000008/0000922621-14-000008-index.htm", "finalLink": "https://www.sec.gov/Archives/edgar/data/922621/000092262114000008/erie10-k12312013.htm", "calculatedOtherExpenses": -168000000, "calculatedOperatingExpenses": -161000000, "calculatedNetInterest": 0, "calculatedOtherIncome": 0, "calculatedIncomeNonControlling": 885000000, "calculatedEbitda": 1588000000}, {"date": "2012-12-31", "symbol": "ERIE", "reportedCurrency": "USD", "cik": "0000922621", "fillingDate": "2013-02-26", "acceptedDate": "2013-02-26 16:33:58", "calendarYear": "2012", "period": "FY", "revenue": 5381000000, "costOfRevenue": 4613000000, "grossProfit": 768000000, "grossProfitRatio": 0.1427244007, "researchAndDevelopmentExpenses": 6000000, "generalAndAdministrativeExpenses": 0, "sellingAndMarketingExpenses": 0, "sellingGeneralAndAdministrativeExpenses": 0, "otherExpenses": -4941000000, "operatingExpenses": -4941000000, "costAndExpenses": 4482000000, "interestIncome": 0, "interestExpense": 0, "depreciationAndAmortization": 11000000, "ebitda": 440000000, "ebitdaratio": 0.0817691879, "operatingIncome": 440000000, "operatingIncomeRatio": 0.0817691879, "totalOtherIncomeExpensesNet": 32000000, "incomeBeforeTax": 899000000, "incomeBeforeTaxRatio": 0.167069318, "incomeTaxExpense": 280000000, "netIncome": 160000000, "netIncomeRatio": 0.0297342501, "eps": 3.38, "epsdiluted": 2.99, "weightedAverageShsOut": 53463436, "weightedAverageShsOutDil": 59653433, "link": "https://www.sec.gov/Archives/edgar/data/922621/000144530513000346/0001445305-13-000346-index.htm", "finalLink": "https://www.sec.gov/Archives/edgar/data/922621/000144530513000346/erie10-k12312012.htm", "calculatedOtherExpenses": 322000000, "calculatedOperatingExpenses": 328000000, "calculatedNetInterest": 0, "calculatedOtherIncome": 459000000, "calculatedIncomeNonControlling": 459000000, "calculatedEbitda": 451000000}, {"date": "2011-12-31", "symbol": "ERIE", "reportedCurrency": "USD", "cik": "0000922621", "fillingDate": "2012-02-27", "acceptedDate": "2012-02-27 16:57:12", "calendarYear": "2011", "period": "FY", "revenue": 4675000000, "costOfRevenue": 0, "grossProfit": 4675000000, "grossProfitRatio": 1, "researchAndDevelopmentExpenses": 0, "generalAndAdministrativeExpenses": 0, "sellingAndMarketingExpenses": 0, "sellingGeneralAndAdministrativeExpenses": 0, "otherExpenses": -4416000000, "operatingExpenses": -4416000000, "costAndExpenses": 4317000000, "interestIncome": 0, "interestExpense": 0, "depreciationAndAmortization": 4000000, "ebitda": 263000000, "ebitdaratio": 0.0562566845, "operatingIncome": 259000000, "operatingIncomeRatio": 0.0554010695, "totalOtherIncomeExpensesNet": 34000000, "incomeBeforeTax": 358000000, "incomeBeforeTaxRatio": 0.0765775401, "incomeTaxExpense": 90000000, "netIncome": 169000000, "netIncomeRatio": 0.0361497326, "eps": 3.45, "epsdiluted": 3.08, "weightedAverageShsOut": 54985716, "weightedAverageShsOutDil": 61167837, "link": "https://www.sec.gov/Archives/edgar/data/922621/000110465912013263/0001104659-12-013263-index.htm", "finalLink": "https://www.sec.gov/Archives/edgar/data/922621/000110465912013263/a11-32394_110k.htm", "calculatedOtherExpenses": 4416000000, "calculatedOperatingExpenses": 4416000000, "calculatedNetInterest": 0, "calculatedOtherIncome": 99000000, "calculatedIncomeNonControlling": 99000000, "calculatedEbitda": 263000000}, {"date": "2010-12-31", "symbol": "ERIE", "reportedCurrency": "USD", "cik": "0000922621", "fillingDate": "2011-02-24", "acceptedDate": "2011-02-24 17:14:50", "calendarYear": "2010", "period": "FY", "revenue": 4762000000, "costOfRevenue": 0, "grossProfit": 4762000000, "grossProfitRatio": 1, "researchAndDevelopmentExpenses": 0, "generalAndAdministrativeExpenses": 0, "sellingAndMarketingExpenses": 0, "sellingGeneralAndAdministrativeExpenses": 0, "otherExpenses": -4261000000, "operatingExpenses": -4261000000, "costAndExpenses": 3763000000, "interestIncome": 0, "interestExpense": 0, "depreciationAndAmortization": 12000000, "ebitda": 513000000, "ebitdaratio": 0.1077278454, "operatingIncome": 501000000, "operatingIncomeRatio": 0.1052078958, "totalOtherIncomeExpensesNet": 35000000, "incomeBeforeTax": 999000000, "incomeBeforeTaxRatio": 0.2097858043, "incomeTaxExpense": 339000000, "netIncome": 162000000, "netIncomeRatio": 0.0340193196, "eps": 3.18, "epsdiluted": 2.85, "weightedAverageShsOut": 56816007, "weightedAverageShsOutDil": 62995294, "link": "https://www.sec.gov/Archives/edgar/data/922621/000095012311017950/0000950123-11-017950-index.htm", "finalLink": "https://www.sec.gov/Archives/edgar/data/922621/000095012311017950/l41756e10vk.htm", "calculatedOtherExpenses": 4261000000, "calculatedOperatingExpenses": 4261000000, "calculatedNetInterest": 0, "calculatedOtherIncome": 498000000, "calculatedIncomeNonControlling": 498000000, "calculatedEbitda": 513000000}, {"date": "2009-12-31", "symbol": "ERIE", "reportedCurrency": "USD", "cik": "0000922621", "fillingDate": "2010-02-25", "acceptedDate": "2010-02-25 16:39:46", "calendarYear": "2009", "period": "FY", "revenue": 1196328000, "costOfRevenue": 0, "grossProfit": 1196328000, "grossProfitRatio": 1, "researchAndDevelopmentExpenses": 0, "generalAndAdministrativeExpenses": 0, "sellingAndMarketingExpenses": 0, "sellingGeneralAndAdministrativeExpenses": 768668000, "otherExpenses": 968145000, "operatingExpenses": 968145000, "costAndExpenses": 1044253000, "interestIncome": 0, "interestExpense": 0, "depreciationAndAmortization": 37989000, "ebitda": 195266000, "ebitdaratio": 0.1632211233, "operatingIncome": 157277000, "operatingIncomeRatio": 0.131466454, "totalOtherIncomeExpensesNet": 34783000, "incomeBeforeTax": 152075000, "incomeBeforeTaxRatio": 0.1271181482, "incomeTaxExpense": 48787000, "netIncome": 108490000, "netIncomeRatio": 0.090685832, "eps": 2.1, "epsdiluted": 1.89, "weightedAverageShsOut": 57368206, "weightedAverageShsOutDil": 63546599, "link": "https://www.sec.gov/Archives/edgar/data/922621/000095012310017102/0000950123-10-017102-index.htm", "finalLink": "https://www.sec.gov/Archives/edgar/data/922621/000095012310017102/l38824e10vk.htm", "calculatedOtherExpenses": 270383000, "calculatedOperatingExpenses": 1039051000, "calculatedNetInterest": 0, "calculatedOtherIncome": -5202000, "calculatedIncomeNonControlling": -5202000, "calculatedEbitda": 195266000}, {"date": "2008-12-31", "symbol": "ERIE", "reportedCurrency": "USD", "cik": "0000922621", "fillingDate": "2009-02-26", "acceptedDate": "2009-02-26 16:32:36", "calendarYear": "2008", "period": "FY", "revenue": 1068393000, "costOfRevenue": 0, "grossProfit": 1068393000, "grossProfitRatio": 1, "researchAndDevelopmentExpenses": 0, "generalAndAdministrativeExpenses": 0, "sellingAndMarketingExpenses": 0, "sellingGeneralAndAdministrativeExpenses": 765012000, "otherExpenses": 951397000, "operatingExpenses": 951397000, "costAndExpenses": 945687000, "interestIncome": 0, "interestExpense": 0, "depreciationAndAmortization": 36933000, "ebitda": 146036000, "ebitdaratio": 0.1366875298, "operatingIncome": 109103000, "operatingIncomeRatio": 0.1021187896, "totalOtherIncomeExpensesNet": 32298000, "incomeBeforeTax": 122706000, "incomeBeforeTaxRatio": 0.1148509958, "incomeTaxExpense": 39865000, "netIncome": 69238000, "netIncomeRatio": 0.064805741, "eps": 1.34, "epsdiluted": 1.19, "weightedAverageShsOut": 57947049, "weightedAverageShsOutDil": 64089544, "link": "https://www.sec.gov/Archives/edgar/data/922621/000095015209001857/0000950152-09-001857-index.htm", "finalLink": "https://www.sec.gov/Archives/edgar/data/922621/000095015209001857/l35096ae10vk.htm", "calculatedOtherExpenses": 194278000, "calculatedOperatingExpenses": 959290000, "calculatedNetInterest": 0, "calculatedOtherIncome": 13603000, "calculatedIncomeNonControlling": 13603000, "calculatedEbitda": 146036000}, {"date": "2007-12-31", "symbol": "ERIE", "reportedCurrency": "USD", "cik": "0000922621", "fillingDate": "2008-02-27", "acceptedDate": "2008-02-27 17:25:18", "calendarYear": "2007", "period": "FY", "revenue": 1179932000, "costOfRevenue": 0, "grossProfit": 1179932000, "grossProfitRatio": 1, "researchAndDevelopmentExpenses": 0, "generalAndAdministrativeExpenses": 0, "sellingAndMarketingExpenses": 0, "sellingGeneralAndAdministrativeExpenses": 755642000, "otherExpenses": 930454000, "operatingExpenses": 930454000, "costAndExpenses": 870764000, "interestIncome": 0, "interestExpense": 0, "depreciationAndAmortization": 31363000, "ebitda": 343445000, "ebitdaratio": 0.2910718584, "operatingIncome": 312082000, "operatingIncomeRatio": 0.2644915131, "totalOtherIncomeExpensesNet": 29748000, "incomeBeforeTax": 309168000, "incomeBeforeTaxRatio": 0.2620218792, "incomeTaxExpense": 99137000, "netIncome": 212945000, "netIncomeRatio": 0.1804722645, "eps": 3.8, "epsdiluted": 3.43, "weightedAverageShsOut": 62079377, "weightedAverageShsOutDil": 68248016, "link": "https://www.sec.gov/Archives/edgar/data/922621/000095015208001475/0000950152-08-001475-index.htm", "finalLink": "https://www.sec.gov/Archives/edgar/data/922621/000095015208001475/l29838ae10vk.htm", "calculatedOtherExpenses": 112208000, "calculatedOperatingExpenses": 867850000, "calculatedNetInterest": 0, "calculatedOtherIncome": -2914000, "calculatedIncomeNonControlling": -2914000, "calculatedEbitda": 343445000}, {"date": "2006-12-31", "symbol": "ERIE", "reportedCurrency": "USD", "cik": "0000922621", "fillingDate": "2007-02-26", "acceptedDate": "2007-02-26 17:31:07", "calendarYear": "2006", "period": "FY", "revenue": 1191237000, "costOfRevenue": 0, "grossProfit": 1191237000, "grossProfitRatio": 1, "researchAndDevelopmentExpenses": 0, "generalAndAdministrativeExpenses": 742526000, "sellingAndMarketingExpenses": 0, "sellingGeneralAndAdministrativeExpenses": 742526000, "otherExpenses": -1634964000, "operatingExpenses": -892438000, "costAndExpenses": 892438000, "interestIncome": 0, "interestExpense": 0, "depreciationAndAmortization": 36051000, "ebitda": 339131000, "ebitdaratio": 0.2846881015, "operatingIncome": 298799000, "operatingIncomeRatio": 0.250830859, "totalOtherIncomeExpensesNet": 29246000, "incomeBeforeTax": 298799000, "incomeBeforeTaxRatio": 0.250830859, "incomeTaxExpense": 99055000, "netIncome": 204025000, "netIncomeRatio": 0.1712715438, "eps": 3.45, "epsdiluted": 3.13, "weightedAverageShsOut": 65214387, "weightedAverageShsOutDil": 71643008, "link": "https://www.sec.gov/Archives/edgar/data/922621/000095012807000016/0000950128-07-000016-index.htm", "finalLink": "https://www.sec.gov/Archives/edgar/data/922621/000095012807000016/l24094ae10vk.htm", "calculatedOtherExpenses": 149912000, "calculatedOperatingExpenses": 892438000, "calculatedNetInterest": 0, "calculatedOtherIncome": 0, "calculatedIncomeNonControlling": -4281000, "calculatedEbitda": 334850000}, {"date": "2005-12-31", "symbol": "ERIE", "reportedCurrency": "USD", "cik": "0000922621", "fillingDate": "2006-02-22", "acceptedDate": "2006-02-22 17:31:53", "calendarYear": "2005", "period": "FY", "revenue": 1202125000, "costOfRevenue": 0, "grossProfit": 1202125000, "grossProfitRatio": 1, "researchAndDevelopmentExpenses": 0, "generalAndAdministrativeExpenses": 0, "sellingAndMarketingExpenses": 0, "sellingGeneralAndAdministrativeExpenses": 0, "otherExpenses": -977906000, "operatingExpenses": -977906000, "costAndExpenses": 862669000, "interestIncome": 0, "interestExpense": 0, "depreciationAndAmortization": 36855000, "ebitda": 379692000, "ebitdaratio": 0.3158506811, "operatingIncome": 224219000, "operatingIncomeRatio": 0.1865188728, "totalOtherIncomeExpensesNet": 20568000, "incomeBeforeTax": 339456000, "incomeBeforeTaxRatio": 0.2823799522, "incomeTaxExpense": 111733000, "netIncome": 231104000, "netIncomeRatio": 0.1922462306, "eps": 3.69, "epsdiluted": 3.34, "weightedAverageShsOut": 69216060, "weightedAverageShsOutDil": 76116849, "link": "https://www.sec.gov/Archives/edgar/data/922621/000095015206001383/0000950152-06-001383-index.htm", "finalLink": "https://www.sec.gov/Archives/edgar/data/922621/000095015206001383/j1821601e10vk.htm", "calculatedOtherExpenses": 977906000, "calculatedOperatingExpenses": 977906000, "calculatedNetInterest": 0, "calculatedOtherIncome": 115237000, "calculatedIncomeNonControlling": -3381000, "calculatedEbitda": 261074000}, {"date": "2004-12-31", "symbol": "ERIE", "reportedCurrency": "USD", "cik": "0000922621", "fillingDate": "2005-02-24", "acceptedDate": "2005-02-24 09:21:26", "calendarYear": "2004", "period": "FY", "revenue": 1202608000, "costOfRevenue": 0, "grossProfit": 1202608000, "grossProfitRatio": 1, "researchAndDevelopmentExpenses": 0, "generalAndAdministrativeExpenses": 0, "sellingAndMarketingExpenses": 0, "sellingGeneralAndAdministrativeExpenses": 0, "otherExpenses": -871055000, "operatingExpenses": -871055000, "costAndExpenses": 876261000, "interestIncome": 0, "interestExpense": 0, "depreciationAndAmortization": 38981000, "ebitda": 370534000, "ebitdaratio": 0.3081087104, "operatingIncome": 331553000, "operatingIncomeRatio": 0.2756949896, "totalOtherIncomeExpensesNet": 21855000, "incomeBeforeTax": 326347000, "incomeBeforeTaxRatio": 0.2713660644, "incomeTaxExpense": 105140000, "netIncome": 226413000, "netIncomeRatio": 0.1882683302, "eps": 3.54, "epsdiluted": 3.21, "weightedAverageShsOut": 70413673, "weightedAverageShsOutDil": 77397092, "link": "https://www.sec.gov/Archives/edgar/data/922621/000095015205001462/0000950152-05-001462-index.htm", "finalLink": "https://www.sec.gov/Archives/edgar/data/922621/000095015205001462/j1220601e10vk.htm", "calculatedOtherExpenses": 871055000, "calculatedOperatingExpenses": 871055000, "calculatedNetInterest": 0, "calculatedOtherIncome": -5206000, "calculatedIncomeNonControlling": -5206000, "calculatedEbitda": 370534000}, {"date": "2003-12-31", "symbol": "ERIE", "reportedCurrency": "USD", "cik": "0000922621", "fillingDate": "2004-03-08", "acceptedDate": "2004-03-08 10:20:57", "calendarYear": "2003", "period": "FY", "revenue": 1117531000, "costOfRevenue": 0, "grossProfit": 1117531000, "grossProfitRatio": 1, "researchAndDevelopmentExpenses": 0, "generalAndAdministrativeExpenses": 0, "sellingAndMarketingExpenses": 0, "sellingGeneralAndAdministrativeExpenses": 0, "otherExpenses": -889221000, "operatingExpenses": -889221000, "costAndExpenses": 822478000, "interestIncome": 0, "interestExpense": 0, "depreciationAndAmortization": 4293000, "ebitda": 306255000, "ebitdaratio": 0.2740460891, "operatingIncome": 228310000, "operatingIncomeRatio": 0.2042985832, "totalOtherIncomeExpensesNet": 27127000, "incomeBeforeTax": 295053000, "incomeBeforeTaxRatio": 0.2640222061, "incomeTaxExpense": 102237000, "netIncome": 199725000, "netIncomeRatio": 0.1787198744, "eps": 3.09, "epsdiluted": 2.81, "weightedAverageShsOut": 70997106, "weightedAverageShsOutDil": 71094167, "link": "https://www.sec.gov/Archives/edgar/data/922621/000095012804000224/0000950128-04-000224-index.htm", "finalLink": "https://www.sec.gov/Archives/edgar/data/922621/000095012804000224/j0499101e10vk.htm", "calculatedOtherExpenses": 889221000, "calculatedOperatingExpenses": 889221000, "calculatedNetInterest": 0, "calculatedOtherIncome": 66743000, "calculatedIncomeNonControlling": -6909000, "calculatedEbitda": 232603000}, {"date": "2002-12-31", "symbol": "ERIE", "reportedCurrency": "USD", "cik": "0000922621", "fillingDate": "2003-03-27", "acceptedDate": "2003-03-27 11:15:51", "calendarYear": "2002", "period": "FY", "revenue": 1007590000, "costOfRevenue": 0, "grossProfit": 1007590000, "grossProfitRatio": 1, "researchAndDevelopmentExpenses": 0, "generalAndAdministrativeExpenses": 0, "sellingAndMarketingExpenses": 0, "sellingGeneralAndAdministrativeExpenses": 0, "otherExpenses": -750578000, "operatingExpenses": -750578000, "costAndExpenses": 752189000, "interestIncome": 0, "interestExpense": 0, "depreciationAndAmortization": 3986000, "ebitda": 260998000, "ebitdaratio": 0.2590319475, "operatingIncome": 257012000, "operatingIncomeRatio": 0.2550759734, "totalOtherIncomeExpensesNet": 23729000, "incomeBeforeTax": 255401000, "incomeBeforeTaxRatio": 0.2534771087, "incomeTaxExpense": 84886000, "netIncome": 172126000, "netIncomeRatio": 0.1708294048, "eps": 2.68, "epsdiluted": 2.41, "weightedAverageShsOut": 71081099, "weightedAverageShsOutDil": 71162192, "link": "https://www.sec.gov/Archives/edgar/data/922621/000095012803000435/0000950128-03-000435-index.htm", "finalLink": "https://www.sec.gov/Archives/edgar/data/922621/000095012803000435/j9926901e10vk.htm", "calculatedOtherExpenses": 750578000, "calculatedOperatingExpenses": 750578000, "calculatedNetInterest": 0, "calculatedOtherIncome": -1611000, "calculatedIncomeNonControlling": -1611000, "calculatedEbitda": 260998000}, {"date": "2001-12-31", "symbol": "ERIE", "reportedCurrency": "USD", "cik": "0000922621", "fillingDate": "2002-03-12", "acceptedDate": "2002-03-12 00:00:00", "calendarYear": "2001", "period": "FY", "revenue": 817866000, "costOfRevenue": 0, "grossProfit": 817866000, "grossProfitRatio": 1, "researchAndDevelopmentExpenses": 0, "generalAndAdministrativeExpenses": 0, "sellingAndMarketingExpenses": 0, "sellingGeneralAndAdministrativeExpenses": 0, "otherExpenses": -634990000, "operatingExpenses": -634990000, "costAndExpenses": 634990000, "interestIncome": 0, "interestExpense": 0, "depreciationAndAmortization": 2350000, "ebitda": 185226000, "ebitdaratio": 0.2264747526, "operatingIncome": 182876000, "operatingIncomeRatio": 0.2236014213, "totalOtherIncomeExpensesNet": 27247000, "incomeBeforeTax": 182876000, "incomeBeforeTaxRatio": 0.2236014213, "incomeTaxExpense": 60615000, "netIncome": 122261000, "netIncomeRatio": 0.1494878134, "eps": 1.71, "epsdiluted": 1.71, "weightedAverageShsOut": 71342000, "weightedAverageShsOutDil": 71342000, "link": "https://www.sec.gov/Archives/edgar/data/922621/000092262102000003/0000922621-02-000003-index.htm", "finalLink": "https://www.sec.gov/Archives/edgar/data/922621/000092262102000003/form10k.txt", "calculatedOtherExpenses": 634990000, "calculatedOperatingExpenses": 634990000, "calculatedNetInterest": 0, "calculatedOtherIncome": 0, "calculatedIncomeNonControlling": 0, "calculatedEbitda": 185226000}, {"date": "2000-12-31", "symbol": "ERIE", "reportedCurrency": "USD", "cik": "0000922621", "fillingDate": "2001-03-23", "acceptedDate": "2001-03-23 00:00:00", "calendarYear": "2000", "period": "FY", "revenue": 763385000, "costOfRevenue": 0, "grossProfit": 763385000, "grossProfitRatio": 1, "researchAndDevelopmentExpenses": 0, "generalAndAdministrativeExpenses": 0, "sellingAndMarketingExpenses": 0, "sellingGeneralAndAdministrativeExpenses": 0, "otherExpenses": -539447000, "operatingExpenses": -539447000, "costAndExpenses": 539447000, "interestIncome": 0, "interestExpense": 0, "depreciationAndAmortization": 2745000, "ebitda": 226683000, "ebitdaratio": 0.29694453, "operatingIncome": 223938000, "operatingIncomeRatio": 0.2933487035, "totalOtherIncomeExpensesNet": 22662000, "incomeBeforeTax": 223938000, "incomeBeforeTaxRatio": 0.2933487035, "incomeTaxExpense": 71545000, "netIncome": 152393000, "netIncomeRatio": 0.1996279728, "eps": 2.12, "epsdiluted": 2.12, "weightedAverageShsOut": 71954000, "weightedAverageShsOutDil": 71954000, "link": "https://www.sec.gov/Archives/edgar/data/922621/000092262101000002/0000922621-01-000002-index.htm", "finalLink": "https://www.sec.gov/Archives/edgar/data/922621/000092262101000002/0000922621-01-000002-0001.txt", "calculatedOtherExpenses": 539447000, "calculatedOperatingExpenses": 539447000, "calculatedNetInterest": 0, "calculatedOtherIncome": 0, "calculatedIncomeNonControlling": 0, "calculatedEbitda": 226683000}, {"date": "1999-12-31", "symbol": "ERIE", "reportedCurrency": "USD", "cik": "0000922621", "fillingDate": "2000-03-23", "acceptedDate": "2000-03-23 00:00:00", "calendarYear": "1999", "period": "FY", "revenue": 706038000, "costOfRevenue": 0, "grossProfit": 706038000, "grossProfitRatio": 1, "researchAndDevelopmentExpenses": 0, "generalAndAdministrativeExpenses": 0, "sellingAndMarketingExpenses": 0, "sellingGeneralAndAdministrativeExpenses": 0, "otherExpenses": -497283000, "operatingExpenses": -497283000, "costAndExpenses": 497283000, "interestIncome": 0, "interestExpense": 0, "depreciationAndAmortization": 1766000, "ebitda": 210521000, "ebitdaratio": 0.2981723363, "operatingIncome": 208755000, "operatingIncomeRatio": 0.2956710545, "totalOtherIncomeExpensesNet": 16708000, "incomeBeforeTax": 208755000, "incomeBeforeTaxRatio": 0.2956710545, "incomeTaxExpense": 65649000, "netIncome": 143106000, "netIncomeRatio": 0.2026888071, "eps": 1.95, "epsdiluted": 1.95, "weightedAverageShsOut": 73487000, "weightedAverageShsOutDil": 73576159, "link": "https://www.sec.gov/Archives/edgar/data/922621/000092262100000001/0000922621-00-000001-index.html", "finalLink": "https://www.sec.gov/Archives/edgar/data/922621/000092262100000001/", "calculatedOtherExpenses": 497283000, "calculatedOperatingExpenses": 497283000, "calculatedNetInterest": 0, "calculatedOtherIncome": 0, "calculatedIncomeNonControlling": 0, "calculatedEbitda": 210521000}, {"date": "1998-12-31", "symbol": "ERIE", "reportedCurrency": "USD", "cik": "0000922621", "fillingDate": "1999-03-29", "acceptedDate": "1999-03-29 00:00:00", "calendarYear": "1998", "period": "FY", "revenue": 663275945, "costOfRevenue": 0, "grossProfit": 663275945, "grossProfitRatio": 1, "researchAndDevelopmentExpenses": 0, "generalAndAdministrativeExpenses": 0, "sellingAndMarketingExpenses": 0, "sellingGeneralAndAdministrativeExpenses": 0, "otherExpenses": -466918488, "operatingExpenses": -466918488, "costAndExpenses": 466918488, "interestIncome": 0, "interestExpense": 0, "depreciationAndAmortization": 2000816, "ebitda": 198358273, "ebitdaratio": 0.2990584454, "operatingIncome": 196357457, "operatingIncomeRatio": 0.2960418789, "totalOtherIncomeExpensesNet": 15419221, "incomeBeforeTax": 196357457, "incomeBeforeTaxRatio": 0.2960418789, "incomeTaxExpense": 61805963, "netIncome": 134551494, "netIncomeRatio": 0.2028589986, "eps": 1.81, "epsdiluted": 1.81, "weightedAverageShsOut": 74400000, "weightedAverageShsOutDil": 74565217, "link": "https://www.sec.gov/Archives/edgar/data/922621/000092262199000001/0000922621-99-000001-index.html", "finalLink": "https://www.sec.gov/Archives/edgar/data/922621/", "calculatedOtherExpenses": 466918488, "calculatedOperatingExpenses": 466918488, "calculatedNetInterest": 0, "calculatedOtherIncome": 0, "calculatedIncomeNonControlling": 0, "calculatedEbitda": 198358273}, {"date": "1997-12-31", "symbol": "ERIE", "reportedCurrency": "USD", "cik": "0000922621", "fillingDate": "1998-03-26", "acceptedDate": "1998-03-26 00:00:00", "calendarYear": "1997", "period": "FY", "revenue": 589156808, "costOfRevenue": 0, "grossProfit": 589156808, "grossProfitRatio": 1, "researchAndDevelopmentExpenses": 0, "generalAndAdministrativeExpenses": 0, "sellingAndMarketingExpenses": 0, "sellingGeneralAndAdministrativeExpenses": 0, "otherExpenses": -381328326, "operatingExpenses": -381328326, "costAndExpenses": 414237184, "interestIncome": 32908858, "interestExpense": 32908858, "depreciationAndAmortization": 1888660, "ebitda": 209717142, "ebitdaratio": 0.3559615015, "operatingIncome": 207828482, "operatingIncomeRatio": 0.3527558015, "totalOtherIncomeExpensesNet": 8389671, "incomeBeforeTax": 174919624, "incomeBeforeTaxRatio": 0.2968982478, "incomeTaxExpense": 56338434, "netIncome": 118581190, "netIncomeRatio": 0.2012727145, "eps": 1.59, "epsdiluted": 1.59, "weightedAverageShsOut": 74579245, "weightedAverageShsOutDil": 74579245, "link": "https://www.sec.gov/Archives/edgar/data/922621/000092262198000001/0000922621-98-000001-index.html", "finalLink": "https://www.sec.gov/Archives/edgar/data/922621/", "calculatedOtherExpenses": 381328326, "calculatedOperatingExpenses": 381328326, "calculatedNetInterest": 0, "calculatedOtherIncome": -32908858, "calculatedIncomeNonControlling": 0, "calculatedEbitda": 209717142}, {"date": "1996-12-31", "symbol": "ERIE", "reportedCurrency": "USD", "cik": "0000922621", "fillingDate": "1997-03-21", "acceptedDate": "1997-03-21 00:00:00", "calendarYear": "1996", "period": "FY", "revenue": 557285056, "costOfRevenue": 0, "grossProfit": 557285056, "grossProfitRatio": 1, "researchAndDevelopmentExpenses": 0, "generalAndAdministrativeExpenses": 0, "sellingAndMarketingExpenses": 0, "sellingGeneralAndAdministrativeExpenses": 0, "otherExpenses": -379443005, "operatingExpenses": -379443005, "costAndExpenses": 405237265, "interestIncome": 25794260, "interestExpense": 25794260, "depreciationAndAmortization": 1428376, "ebitda": 179270427, "ebitdaratio": 0.3216853297, "operatingIncome": 177842051, "operatingIncomeRatio": 0.3191222321, "totalOtherIncomeExpensesNet": 6287713, "incomeBeforeTax": 152047791, "incomeBeforeTaxRatio": 0.2728366558, "incomeTaxExpense": 46915432, "netIncome": 105132359, "netIncomeRatio": 0.1886509568, "eps": 1.41, "epsdiluted": 1.41, "weightedAverageShsOut": 74561957, "weightedAverageShsOutDil": 74561957, "link": "https://www.sec.gov/Archives/edgar/data/922621/000092262197000001/0000922621-97-000001-index.html", "finalLink": "https://www.sec.gov/Archives/edgar/data/922621/", "calculatedOtherExpenses": 379443005, "calculatedOperatingExpenses": 379443005, "calculatedNetInterest": 0, "calculatedOtherIncome": -25794260, "calculatedIncomeNonControlling": 0, "calculatedEbitda": 179270427}, {"date": "1995-12-31", "symbol": "ERIE", "reportedCurrency": "USD", "cik": "0000922621", "fillingDate": "1995-12-31", "acceptedDate": "1995-12-30 19:00:00", "calendarYear": "1995", "period": "FY", "revenue": 549100000, "costOfRevenue": 0, "grossProfit": 549100000, "grossProfitRatio": 1, "researchAndDevelopmentExpenses": 0, "generalAndAdministrativeExpenses": 0, "sellingAndMarketingExpenses": 0, "sellingGeneralAndAdministrativeExpenses": 0, "otherExpenses": -411000000, "operatingExpenses": -411000000, "costAndExpenses": 25700000, "interestIncome": 0, "interestExpense": 0, "depreciationAndAmortization": 800000, "ebitda": 138900000, "ebitdaratio": 0.2529593881, "operatingIncome": 138100000, "operatingIncomeRatio": 0.2515024586, "totalOtherIncomeExpensesNet": 435400000, "incomeBeforeTax": 573500000, "incomeBeforeTaxRatio": 1.0444363504, "incomeTaxExpense": 44500000, "netIncome": 93600000, "netIncomeRatio": 0.170460754, "eps": 1.26, "epsdiluted": 1.26, "weightedAverageShsOut": 74246664, "weightedAverageShsOutDil": 74246664, "link": "", "finalLink": "", "calculatedOtherExpenses": 411000000, "calculatedOperatingExpenses": 411000000, "calculatedNetInterest": 0, "calculatedOtherIncome": 435400000, "calculatedIncomeNonControlling": 435400000, "calculatedEbitda": 138900000}, {"date": "1994-12-31", "symbol": "ERIE", "reportedCurrency": "USD", "cik": "0000922621", "fillingDate": "1994-12-31", "acceptedDate": "1994-12-30 19:00:00", "calendarYear": "1994", "period": "FY", "revenue": 504100000, "costOfRevenue": 0, "grossProfit": 504100000, "grossProfitRatio": 1, "researchAndDevelopmentExpenses": 0, "generalAndAdministrativeExpenses": 0, "sellingAndMarketingExpenses": 0, "sellingGeneralAndAdministrativeExpenses": 0, "otherExpenses": -399100000, "operatingExpenses": -399100000, "costAndExpenses": -399100000, "interestIncome": 0, "interestExpense": 0, "depreciationAndAmortization": 700000, "ebitda": 105700000, "ebitdaratio": 0.2096806189, "operatingIncome": 105000000, "operatingIncomeRatio": 0.2082920056, "totalOtherIncomeExpensesNet": 490800000, "incomeBeforeTax": 595800000, "incomeBeforeTaxRatio": 1.1819083515, "incomeTaxExpense": 33300000, "netIncome": 71700000, "netIncomeRatio": 0.1422336838, "eps": 0.96, "epsdiluted": 0.96, "weightedAverageShsOut": 75075000, "weightedAverageShsOutDil": 75075000, "link": "", "finalLink": "", "calculatedOtherExpenses": 399100000, "calculatedOperatingExpenses": 399100000, "calculatedNetInterest": 0, "calculatedOtherIncome": 490800000, "calculatedIncomeNonControlling": 490800000, "calculatedEbitda": 105700000}, {"date": "1993-12-31", "symbol": "ERIE", "reportedCurrency": "USD", "cik": "0000922621", "fillingDate": "1993-12-31", "acceptedDate": "1993-12-30 19:00:00", "calendarYear": "1993", "period": "FY", "revenue": 463400000, "costOfRevenue": 0, "grossProfit": 463400000, "grossProfitRatio": 1, "researchAndDevelopmentExpenses": 0, "generalAndAdministrativeExpenses": 0, "sellingAndMarketingExpenses": 0, "sellingGeneralAndAdministrativeExpenses": 0, "otherExpenses": -374500000, "operatingExpenses": -374500000, "costAndExpenses": -374500000, "interestIncome": 0, "interestExpense": 0, "depreciationAndAmortization": 900000, "ebitda": 89800000, "ebitdaratio": 0.1937850669, "operatingIncome": 88900000, "operatingIncomeRatio": 0.1918429003, "totalOtherIncomeExpensesNet": 451200000, "incomeBeforeTax": 540100000, "incomeBeforeTaxRatio": 1.1655157531, "incomeTaxExpense": 28500000, "netIncome": 60400000, "netIncomeRatio": 0.1303409581, "eps": 0.27, "epsdiluted": 0.27, "weightedAverageShsOut": 226500000, "weightedAverageShsOutDil": 226500000, "link": "", "finalLink": "", "calculatedOtherExpenses": 374500000, "calculatedOperatingExpenses": 374500000, "calculatedNetInterest": 0, "calculatedOtherIncome": 451200000, "calculatedIncomeNonControlling": 451200000, "calculatedEbitda": 89800000}]}