{"originalCurrency": "USD", "convertedCurrency": "USD", "report": [{"date": "2023-12-31", "symbol": "ES", "reportedCurrency": "USD", "cik": "0000072741", "fillingDate": "2024-02-14", "acceptedDate": "2024-02-14 17:17:22", "calendarYear": "2023", "period": "FY", "revenue": 11910705000, "costOfRevenue": 8571011000, "grossProfit": 3339694000, "grossProfitRatio": 0.2803943175, "researchAndDevelopmentExpenses": 0, "generalAndAdministrativeExpenses": -132900000, "sellingAndMarketingExpenses": 0, "sellingGeneralAndAdministrativeExpenses": -132900000, "otherExpenses": -940359000, "operatingExpenses": 940359000, "costAndExpenses": 9511370000, "interestIncome": 94200000, "interestExpense": 900041000, "depreciationAndAmortization": 815723000, "ebitda": 3215058000, "ebitdaratio": 0.2699301175, "operatingIncome": 2399335000, "operatingIncomeRatio": 0.2014435753, "totalOtherIncomeExpensesNet": -2768572000, "incomeBeforeTax": -275037000, "incomeBeforeTaxRatio": -0.0230915802, "incomeTaxExpense": 159684000, "netIncome": -442240000, "netIncomeRatio": -0.0371296241, "eps": -1.27, "epsdiluted": -1.27, "weightedAverageShsOut": 349580638, "weightedAverageShsOutDil": 349580638, "link": "https://www.sec.gov/Archives/edgar/data/72741/000007274124000005/0000072741-24-000005-index.htm", "finalLink": "https://www.sec.gov/Archives/edgar/data/13372/000007274124000005/es-20231231.htm", "calculatedOtherExpenses": 1073259000, "calculatedOperatingExpenses": 940359000, "calculatedNetInterest": -805841000, "calculatedOtherIncome": -1868531000, "calculatedIncomeNonControlling": 7519000, "calculatedEbitda": 3215058000}, {"date": "2022-12-31", "symbol": "ES", "reportedCurrency": "USD", "cik": "0000072741", "fillingDate": "2023-02-15", "acceptedDate": "2023-02-15 17:31:58", "calendarYear": "2022", "period": "FY", "revenue": 12289336000, "costOfRevenue": 6879402000, "grossProfit": 5409934000, "grossProfitRatio": 0.4402136942, "researchAndDevelopmentExpenses": 0, "generalAndAdministrativeExpenses": -219800000, "sellingAndMarketingExpenses": 0, "sellingGeneralAndAdministrativeExpenses": -219800000, "otherExpenses": 3211780000, "operatingExpenses": 3211780000, "costAndExpenses": 10091182000, "interestIncome": 50500000, "interestExpense": 678274000, "depreciationAndAmortization": 1989226000, "ebitda": 4187380000, "ebitdaratio": 0.340732811, "operatingIncome": 2198154000, "operatingIncomeRatio": 0.1788667834, "totalOtherIncomeExpensesNet": -332186000, "incomeBeforeTax": 1865968000, "incomeBeforeTaxRatio": 0.1518363563, "incomeTaxExpense": 453574000, "netIncome": 1404875000, "netIncomeRatio": 0.1143165912, "eps": 4.05, "epsdiluted": 4.05, "weightedAverageShsOut": 346783444, "weightedAverageShsOutDil": 347246768, "link": "https://www.sec.gov/Archives/edgar/data/72741/000007274123000004/0000072741-23-000004-index.htm", "finalLink": "https://www.sec.gov/Archives/edgar/data/13372/000007274123000004/es-20221231.htm", "calculatedOtherExpenses": 3431580000, "calculatedOperatingExpenses": 3211780000, "calculatedNetInterest": -627774000, "calculatedOtherIncome": 295588000, "calculatedIncomeNonControlling": 7519000, "calculatedEbitda": 4187380000}, {"date": "2021-12-31", "symbol": "ES", "reportedCurrency": "USD", "cik": "0000072741", "fillingDate": "2022-02-17", "acceptedDate": "2022-02-16 18:37:52", "calendarYear": "2021", "period": "FY", "revenue": 9863085000, "costOfRevenue": 5112029000, "grossProfit": 4751056000, "grossProfitRatio": 0.4817008066, "researchAndDevelopmentExpenses": 0, "generalAndAdministrativeExpenses": -84400000, "sellingAndMarketingExpenses": 0, "sellingGeneralAndAdministrativeExpenses": -84400000, "otherExpenses": 2757735000, "operatingExpenses": 2757735000, "costAndExpenses": 7869764000, "interestIncome": 25600000, "interestExpense": 582334000, "depreciationAndAmortization": 1496255000, "ebitda": 3489576000, "ebitdaratio": 0.3538016756, "operatingIncome": 1993321000, "operatingIncomeRatio": 0.2020991404, "totalOtherIncomeExpensesNet": -421052000, "incomeBeforeTax": 1572269000, "incomeBeforeTaxRatio": 0.1594094545, "incomeTaxExpense": 344223000, "netIncome": 1220527000, "netIncomeRatio": 0.1237469818, "eps": 3.55, "epsdiluted": 3.54, "weightedAverageShsOut": 343972926, "weightedAverageShsOutDil": 344631056, "link": "https://www.sec.gov/Archives/edgar/data/72741/000007274122000015/0000072741-22-000015-index.htm", "finalLink": "https://www.sec.gov/Archives/edgar/data/13372/000007274122000015/es-20211231.htm", "calculatedOtherExpenses": 2842135000, "calculatedOperatingExpenses": 2757735000, "calculatedNetInterest": -556734000, "calculatedOtherIncome": 135682000, "calculatedIncomeNonControlling": 7519000, "calculatedEbitda": 3489576000}, {"date": "2020-12-31", "symbol": "ES", "reportedCurrency": "USD", "cik": "0000072741", "fillingDate": "2021-02-17", "acceptedDate": "2021-02-17 17:30:20", "calendarYear": "2020", "period": "FY", "revenue": 8904430000, "costOfRevenue": 4468092000, "grossProfit": 4436338000, "grossProfitRatio": 0.4982169549, "researchAndDevelopmentExpenses": 0, "generalAndAdministrativeExpenses": 0, "sellingAndMarketingExpenses": 0, "sellingGeneralAndAdministrativeExpenses": 44400000, "otherExpenses": 2447604000, "operatingExpenses": 2447604000, "costAndExpenses": 6915696000, "interestIncome": 4800000, "interestExpense": 538452000, "depreciationAndAmortization": 1267649000, "ebitda": 3256383000, "ebitdaratio": 0.3657037003, "operatingIncome": 1988734000, "operatingIncomeRatio": 0.2233420893, "totalOtherIncomeExpensesNet": -429862000, "incomeBeforeTax": 1558872000, "incomeBeforeTaxRatio": 0.1750670172, "incomeTaxExpense": 346186000, "netIncome": 1205167000, "netIncomeRatio": 0.1353446543, "eps": 3.56, "epsdiluted": 3.55, "weightedAverageShsOut": 338836147, "weightedAverageShsOutDil": 339847062, "link": "https://www.sec.gov/Archives/edgar/data/72741/000007274121000005/0000072741-21-000005-index.htm", "finalLink": "https://www.sec.gov/Archives/edgar/data/13372/000007274121000005/es-20201231.htm", "calculatedOtherExpenses": 2403204000, "calculatedOperatingExpenses": 2447604000, "calculatedNetInterest": -533652000, "calculatedOtherIncome": 103790000, "calculatedIncomeNonControlling": 7519000, "calculatedEbitda": 3256383000}, {"date": "2019-12-31", "symbol": "ES", "reportedCurrency": "USD", "cik": "0000072741", "fillingDate": "2020-02-27", "acceptedDate": "2020-02-26 18:43:27", "calendarYear": "2019", "period": "FY", "revenue": 8526470000, "costOfRevenue": 4403273000, "grossProfit": 4123197000, "grossProfitRatio": 0.4835760872, "researchAndDevelopmentExpenses": 0, "generalAndAdministrativeExpenses": 0, "sellingAndMarketingExpenses": 0, "sellingGeneralAndAdministrativeExpenses": 31300000, "otherExpenses": 2293062000, "operatingExpenses": 2293062000, "costAndExpenses": 6696335000, "interestIncome": 12800000, "interestExpense": 533197000, "depreciationAndAmortization": 1453079000, "ebitda": 3043570000, "ebitdaratio": 0.3569554575, "operatingIncome": 1590491000, "operatingIncomeRatio": 0.1865356941, "totalOtherIncomeExpensesNet": -400420000, "incomeBeforeTax": 1190071000, "incomeBeforeTaxRatio": 0.139573704, "incomeTaxExpense": 273499000, "netIncome": 909053000, "netIncomeRatio": 0.1066153989, "eps": 2.83, "epsdiluted": 2.81, "weightedAverageShsOut": 321416086, "weightedAverageShsOutDil": 322941636, "link": "https://www.sec.gov/Archives/edgar/data/72741/000007274120000008/0000072741-20-000008-index.htm", "finalLink": "https://www.sec.gov/Archives/edgar/data/13372/000007274120000008/a201910kdocument.htm", "calculatedOtherExpenses": 2501406000, "calculatedOperatingExpenses": 2532706000, "calculatedNetInterest": -520397000, "calculatedOtherIncome": 119977000, "calculatedIncomeNonControlling": 7519000, "calculatedEbitda": 3043570000}, {"date": "2018-12-31", "symbol": "ES", "reportedCurrency": "USD", "cik": "0000072741", "fillingDate": "2019-02-26", "acceptedDate": "2019-02-26 12:46:08", "calendarYear": "2018", "period": "FY", "revenue": 8448201000, "costOfRevenue": 4474182000, "grossProfit": 3974019000, "grossProfitRatio": 0.470398254, "researchAndDevelopmentExpenses": 0, "generalAndAdministrativeExpenses": 0, "sellingAndMarketingExpenses": 0, "sellingGeneralAndAdministrativeExpenses": 60800000, "otherExpenses": 128366000, "operatingExpenses": 2274089000, "costAndExpenses": 6748271000, "interestIncome": 0, "interestExpense": 498805000, "depreciationAndAmortization": 1071956000, "ebitda": 2900252000, "ebitdaratio": 0.3432981767, "operatingIncome": 1699930000, "operatingIncomeRatio": 0.2012179871, "totalOtherIncomeExpensesNet": 128366000, "incomeBeforeTax": 1329491000, "incomeBeforeTaxRatio": 0.1573697169, "incomeTaxExpense": 288972000, "netIncome": 1033000000, "netIncomeRatio": 0.1222745529, "eps": 3.25, "epsdiluted": 3.25, "weightedAverageShsOut": 317370369, "weightedAverageShsOutDil": 317993934, "link": "https://www.sec.gov/Archives/edgar/data/72741/000007274119000017/0000072741-19-000017-index.htm", "finalLink": "https://www.sec.gov/Archives/edgar/data/13372/000007274119000017/a201810kdocument.htm", "calculatedOtherExpenses": 2213289000, "calculatedOperatingExpenses": 2274089000, "calculatedNetInterest": -498805000, "calculatedOtherIncome": 128366000, "calculatedIncomeNonControlling": 7519000, "calculatedEbitda": 2771886000}, {"date": "2017-12-31", "symbol": "ES", "reportedCurrency": "USD", "cik": "0000072741", "fillingDate": "2018-02-26", "acceptedDate": "2018-02-23 17:34:18", "calendarYear": "2017", "period": "FY", "revenue": 7751952000, "costOfRevenue": 3812418000, "grossProfit": 3939534000, "grossProfitRatio": 0.5081989672, "researchAndDevelopmentExpenses": 0, "generalAndAdministrativeExpenses": 0, "sellingAndMarketingExpenses": 0, "sellingGeneralAndAdministrativeExpenses": 29900000, "otherExpenses": 78008000, "operatingExpenses": 2021380000, "costAndExpenses": 5833798000, "interestIncome": 0, "interestExpense": 421755000, "depreciationAndAmortization": 773802000, "ebitda": 2769964000, "ebitdaratio": 0.35732471, "operatingIncome": 1918154000, "operatingIncomeRatio": 0.2474414186, "totalOtherIncomeExpensesNet": 78008000, "incomeBeforeTax": 1574407000, "incomeBeforeTaxRatio": 0.2030981358, "incomeTaxExpense": 578892000, "netIncome": 987996000, "netIncomeRatio": 0.1274512536, "eps": 3.11, "epsdiluted": 3.11, "weightedAverageShsOut": 317411097, "weightedAverageShsOutDil": 318031580, "link": "https://www.sec.gov/Archives/edgar/data/72741/000007274118000028/0000072741-18-000028-index.htm", "finalLink": "https://www.sec.gov/Archives/edgar/data/13372/000007274118000028/a201710kdocument.htm", "calculatedOtherExpenses": 1991480000, "calculatedOperatingExpenses": 2021380000, "calculatedNetInterest": -421755000, "calculatedOtherIncome": 78008000, "calculatedIncomeNonControlling": 7519000, "calculatedEbitda": 2691956000}, {"date": "2016-12-31", "symbol": "ES", "reportedCurrency": "USD", "cik": "0000072741", "fillingDate": "2017-02-23", "acceptedDate": "2017-02-22 19:51:28", "calendarYear": "2016", "period": "FY", "revenue": 7639129000, "costOfRevenue": 3824377000, "grossProfit": 3814752000, "grossProfitRatio": 0.4993700198, "researchAndDevelopmentExpenses": 0, "generalAndAdministrativeExpenses": 0, "sellingAndMarketingExpenses": 0, "sellingGeneralAndAdministrativeExpenses": 18600000, "otherExpenses": 45920000, "operatingExpenses": 1954893000, "costAndExpenses": 5779270000, "interestIncome": 0, "interestExpense": 400961000, "depreciationAndAmortization": 715466000, "ebitda": 2621245000, "ebitdaratio": 0.3431340144, "operatingIncome": 1859859000, "operatingIncomeRatio": 0.2434647981, "totalOtherIncomeExpensesNet": 45920000, "incomeBeforeTax": 1504818000, "incomeBeforeTaxRatio": 0.1969881645, "incomeTaxExpense": 554997000, "netIncome": 942302000, "netIncomeRatio": 0.1233520209, "eps": 2.97, "epsdiluted": 2.96, "weightedAverageShsOut": 317650180, "weightedAverageShsOutDil": 318454239, "link": "https://www.sec.gov/Archives/edgar/data/72741/000007274117000007/0000072741-17-000007-index.htm", "finalLink": "https://www.sec.gov/Archives/edgar/data/13372/000007274117000007/a201610kdocument.htm", "calculatedOtherExpenses": 1936293000, "calculatedOperatingExpenses": 1954893000, "calculatedNetInterest": -400961000, "calculatedOtherIncome": 45920000, "calculatedIncomeNonControlling": 7519000, "calculatedEbitda": 2575325000}, {"date": "2015-12-31", "symbol": "ES", "reportedCurrency": "USD", "cik": "0000072741", "fillingDate": "2016-02-26", "acceptedDate": "2016-02-26 17:25:51", "calendarYear": "2015", "period": "FY", "revenue": 7954827000, "costOfRevenue": 4416194000, "grossProfit": 3538633000, "grossProfitRatio": 0.4448409752, "researchAndDevelopmentExpenses": 0, "generalAndAdministrativeExpenses": 0, "sellingAndMarketingExpenses": 0, "sellingGeneralAndAdministrativeExpenses": 0, "otherExpenses": 34227000, "operatingExpenses": 1774469000, "costAndExpenses": 6190663000, "interestIncome": 0, "interestExpense": 372420000, "depreciationAndAmortization": 665856000, "ebitda": 2464247000, "ebitdaratio": 0.309780087, "operatingIncome": 1764164000, "operatingIncomeRatio": 0.2217727677, "totalOtherIncomeExpensesNet": 34227000, "incomeBeforeTax": 1425971000, "incomeBeforeTaxRatio": 0.179258581, "incomeTaxExpense": 539967000, "netIncome": 878485000, "netIncomeRatio": 0.1104342055, "eps": 2.77, "epsdiluted": 2.76, "weightedAverageShsOut": 317336881, "weightedAverageShsOutDil": 318432687, "link": "https://www.sec.gov/Archives/edgar/data/72741/000007274116000063/0000072741-16-000063-index.htm", "finalLink": "https://www.sec.gov/Archives/edgar/data/13372/000007274116000063/f2015form10k.htm", "calculatedOtherExpenses": 1774469000, "calculatedOperatingExpenses": 1774469000, "calculatedNetInterest": -372420000, "calculatedOtherIncome": 34227000, "calculatedIncomeNonControlling": 7519000, "calculatedEbitda": 2430020000}, {"date": "2014-12-31", "symbol": "ES", "reportedCurrency": "USD", "cik": "0000072741", "fillingDate": "2015-02-25", "acceptedDate": "2015-02-25 17:25:50", "calendarYear": "2014", "period": "FY", "revenue": 7741856000, "costOfRevenue": 4449139000, "grossProfit": 3292717000, "grossProfitRatio": 0.4253136457, "researchAndDevelopmentExpenses": 0, "generalAndAdministrativeExpenses": 0, "sellingAndMarketingExpenses": 0, "sellingGeneralAndAdministrativeExpenses": 0, "otherExpenses": 24619000, "operatingExpenses": 1659868000, "costAndExpenses": 6109007000, "interestIncome": 0, "interestExpense": 362106000, "depreciationAndAmortization": 614657000, "ebitda": 2272125000, "ebitdaratio": 0.2934858256, "operatingIncome": 1632849000, "operatingIncomeRatio": 0.2109118279, "totalOtherIncomeExpensesNet": 24619000, "incomeBeforeTax": 1295362000, "incomeBeforeTaxRatio": 0.1673193095, "incomeTaxExpense": 468297000, "netIncome": 819546000, "netIncomeRatio": 0.1058591118, "eps": 2.59, "epsdiluted": 2.58, "weightedAverageShsOut": 316136748, "weightedAverageShsOutDil": 317417414, "link": "https://www.sec.gov/Archives/edgar/data/72741/000007274115000013/0000072741-15-000013-index.htm", "finalLink": "https://www.sec.gov/Archives/edgar/data/13372/000007274115000013/f2014form10kedgar.htm", "calculatedOtherExpenses": 1659868000, "calculatedOperatingExpenses": 1659868000, "calculatedNetInterest": -362106000, "calculatedOtherIncome": 24619000, "calculatedIncomeNonControlling": 7519000, "calculatedEbitda": 2247506000}, {"date": "2013-12-31", "symbol": "ES", "reportedCurrency": "USD", "cik": "0000072741", "fillingDate": "2014-02-25", "acceptedDate": "2014-02-25 16:45:04", "calendarYear": "2013", "period": "FY", "revenue": 7301204000, "costOfRevenue": 3997940000, "grossProfit": 3303264000, "grossProfitRatio": 0.4524272983, "researchAndDevelopmentExpenses": 0, "generalAndAdministrativeExpenses": 0, "sellingAndMarketingExpenses": 0, "sellingGeneralAndAdministrativeExpenses": 0, "otherExpenses": 29894000, "operatingExpenses": 1731248000, "costAndExpenses": 5729188000, "interestIncome": 2693000, "interestExpense": 341392000, "depreciationAndAmortization": 610777000, "ebitda": 2172799000, "ebitdaratio": 0.2975946159, "operatingIncome": 1529435000, "operatingIncomeRatio": 0.2094770945, "totalOtherIncomeExpensesNet": 29894000, "incomeBeforeTax": 1220630000, "incomeBeforeTaxRatio": 0.1671820155, "incomeTaxExpense": 426941000, "netIncome": 786007000, "netIncomeRatio": 0.1076544362, "eps": 2.49, "epsdiluted": 2.49, "weightedAverageShsOut": 315311387, "weightedAverageShsOutDil": 316211160, "link": "https://www.sec.gov/Archives/edgar/data/72741/000007274114000011/0000072741-14-000011-index.htm", "finalLink": "https://www.sec.gov/Archives/edgar/data/13372/000007274114000011/december2013form10kedgar.htm", "calculatedOtherExpenses": 1773829000, "calculatedOperatingExpenses": 1773829000, "calculatedNetInterest": -338699000, "calculatedOtherIncome": 29894000, "calculatedIncomeNonControlling": 7682000, "calculatedEbitda": 2140212000}, {"date": "2012-12-31", "symbol": "ES", "reportedCurrency": "USD", "cik": "0000072741", "fillingDate": "2013-02-28", "acceptedDate": "2013-02-27 18:27:33", "calendarYear": "2012", "period": "FY", "revenue": 6273787000, "costOfRevenue": 3667434000, "grossProfit": 2606353000, "grossProfitRatio": 0.4154353662, "researchAndDevelopmentExpenses": 0, "generalAndAdministrativeExpenses": 0, "sellingAndMarketingExpenses": 0, "sellingGeneralAndAdministrativeExpenses": 0, "otherExpenses": 19742000, "operatingExpenses": 1346128000, "costAndExpenses": 5013562000, "interestIncome": 0, "interestExpense": 329945000, "depreciationAndAmortization": 519010000, "ebitda": 1656958000, "ebitdaratio": 0.2641081057, "operatingIncome": 1118206000, "operatingIncomeRatio": 0.1782346133, "totalOtherIncomeExpensesNet": 19742000, "incomeBeforeTax": 808003000, "incomeBeforeTaxRatio": 0.1287903144, "incomeTaxExpense": 274926000, "netIncome": 525945000, "netIncomeRatio": 0.0838321416, "eps": 1.9, "epsdiluted": 1.89, "weightedAverageShsOut": 277209819, "weightedAverageShsOutDil": 277993631, "link": "https://www.sec.gov/Archives/edgar/data/72741/000007274113000015/0000072741-13-000015-index.htm", "finalLink": "https://www.sec.gov/Archives/edgar/data/13372/000007274113000015/f2012form10kedgar.htm", "calculatedOtherExpenses": 1488147000, "calculatedOperatingExpenses": 1488147000, "calculatedNetInterest": -329945000, "calculatedOtherIncome": 19742000, "calculatedIncomeNonControlling": 7132000, "calculatedEbitda": 1637216000}, {"date": "2011-12-31", "symbol": "ES", "reportedCurrency": "USD", "cik": "0000072741", "fillingDate": "2012-02-24", "acceptedDate": "2012-02-24 16:32:18", "calendarYear": "2011", "period": "FY", "revenue": 4465657000, "costOfRevenue": 1580683000, "grossProfit": 2884974000, "grossProfitRatio": 0.6460357345, "researchAndDevelopmentExpenses": 0, "generalAndAdministrativeExpenses": 0, "sellingAndMarketingExpenses": 0, "sellingGeneralAndAdministrativeExpenses": 0, "otherExpenses": 2090798000, "operatingExpenses": 2090798000, "costAndExpenses": 3671481000, "interestIncome": 0, "interestExpense": 240241000, "depreciationAndAmortization": 302192000, "ebitda": 1096368000, "ebitdaratio": 0.2455110189, "operatingIncome": 794176000, "operatingIncomeRatio": 0.177840797, "totalOtherIncomeExpensesNet": 17531000, "incomeBeforeTax": 571466000, "incomeBeforeTaxRatio": 0.127969076, "incomeTaxExpense": 170953000, "netIncome": 394693000, "netIncomeRatio": 0.0883840832, "eps": 2.22, "epsdiluted": 2.22, "weightedAverageShsOut": 177410167, "weightedAverageShsOutDil": 177804568, "link": "https://www.sec.gov/Archives/edgar/data/72741/000007274112000020/0000072741-12-000020-index.htm", "finalLink": "https://www.sec.gov/Archives/edgar/data/23426/000007274112000020/f2011form10kedgar.htm", "calculatedOtherExpenses": 2090798000, "calculatedOperatingExpenses": 2090798000, "calculatedNetInterest": -240241000, "calculatedOtherIncome": 17531000, "calculatedIncomeNonControlling": 5820000, "calculatedEbitda": 1096368000}, {"date": "2010-12-31", "symbol": "ES", "reportedCurrency": "USD", "cik": "0000072741", "fillingDate": "2011-02-25", "acceptedDate": "2011-02-25 16:58:16", "calendarYear": "2010", "period": "FY", "revenue": 4898167000, "costOfRevenue": 1985634000, "grossProfit": 2912533000, "grossProfitRatio": 0.5946169251, "researchAndDevelopmentExpenses": 0, "generalAndAdministrativeExpenses": 0, "sellingAndMarketingExpenses": 0, "sellingGeneralAndAdministrativeExpenses": 0, "otherExpenses": 2112642000, "operatingExpenses": 2112642000, "costAndExpenses": 4098276000, "interestIncome": 0, "interestExpense": 237291000, "depreciationAndAmortization": 396330000, "ebitda": 1196221000, "ebitdaratio": 0.2442180922, "operatingIncome": 799891000, "operatingIncomeRatio": 0.1633041503, "totalOtherIncomeExpensesNet": 41916000, "incomeBeforeTax": 604516000, "incomeBeforeTaxRatio": 0.1234167802, "incomeTaxExpense": 210409000, "netIncome": 387949000, "netIncomeRatio": 0.0792028937, "eps": 2.2, "epsdiluted": 2.19, "weightedAverageShsOut": 176636086, "weightedAverageShsOutDil": 176885387, "link": "https://www.sec.gov/Archives/edgar/data/72741/000007274111000025/0000072741-11-000025-index.htm", "finalLink": "https://www.sec.gov/Archives/edgar/data/23426/000007274111000025/f2010form10kcombined.htm", "calculatedOtherExpenses": 2112642000, "calculatedOperatingExpenses": 2112642000, "calculatedNetInterest": -237291000, "calculatedOtherIncome": 41916000, "calculatedIncomeNonControlling": 6158000, "calculatedEbitda": 1196221000}, {"date": "2009-12-31", "symbol": "ES", "reportedCurrency": "USD", "cik": "0000072741", "fillingDate": "2010-02-26", "acceptedDate": "2010-02-26 10:06:48", "calendarYear": "2009", "period": "FY", "revenue": 5439430000, "costOfRevenue": 3630809000, "grossProfit": 1808621000, "grossProfitRatio": 0.3325019349, "researchAndDevelopmentExpenses": 0, "generalAndAdministrativeExpenses": 0, "sellingAndMarketingExpenses": 0, "sellingGeneralAndAdministrativeExpenses": 0, "otherExpenses": 1057246000, "operatingExpenses": 1057246000, "costAndExpenses": 4688055000, "interestIncome": 0, "interestExpense": 273637000, "depreciationAndAmortization": 322933000, "ebitda": 1074308000, "ebitdaratio": 0.1975037826, "operatingIncome": 751375000, "operatingIncomeRatio": 0.1381348781, "totalOtherIncomeExpensesNet": 37801000, "incomeBeforeTax": 515539000, "incomeBeforeTaxRatio": 0.0947781293, "incomeTaxExpense": 179947000, "netIncome": 335592000, "netIncomeRatio": 0.0616961704, "eps": 1.94, "epsdiluted": 1.94, "weightedAverageShsOut": 172567928, "weightedAverageShsOutDil": 172717246, "link": "https://www.sec.gov/Archives/edgar/data/72741/000007274110000081/0000072741-10-000081-index.htm", "finalLink": "https://www.sec.gov/Archives/edgar/data/23426/000007274110000081/f2009form10k.htm", "calculatedOtherExpenses": 1057246000, "calculatedOperatingExpenses": 1057246000, "calculatedNetInterest": -273637000, "calculatedOtherIncome": 37801000, "calculatedIncomeNonControlling": 0, "calculatedEbitda": 1074308000}, {"date": "2008-12-31", "symbol": "ES", "reportedCurrency": "USD", "cik": "0000072741", "fillingDate": "2009-02-27", "acceptedDate": "2009-02-27 14:11:18", "calendarYear": "2008", "period": "FY", "revenue": 5800095000, "costOfRevenue": 2996180000, "grossProfit": 2803915000, "grossProfitRatio": 0.4834257025, "researchAndDevelopmentExpenses": 0, "generalAndAdministrativeExpenses": 0, "sellingAndMarketingExpenses": 0, "sellingGeneralAndAdministrativeExpenses": 0, "otherExpenses": 1191446000, "operatingExpenses": 2213150000, "costAndExpenses": 5209330000, "interestIncome": 0, "interestExpense": 269145000, "depreciationAndAmortization": 461510000, "ebitda": 1260608000, "ebitdaratio": 0.217342647, "operatingIncome": 590765000, "operatingIncomeRatio": 0.1018543662, "totalOtherIncomeExpensesNet": 50428000, "incomeBeforeTax": 372048000, "incomeBeforeTaxRatio": 0.0641451562, "incomeTaxExpense": 105661000, "netIncome": 260828000, "netIncomeRatio": 0.0449696083, "eps": 1.68, "epsdiluted": 1.67, "weightedAverageShsOut": 155531846, "weightedAverageShsOutDil": 155999240, "link": "https://www.sec.gov/Archives/edgar/data/72741/000007274109000127/0000072741-09-000127-index.htm", "finalLink": "https://www.sec.gov/Archives/edgar/data/23426/000007274109000127/nu2008form10k.htm", "calculatedOtherExpenses": 2213150000, "calculatedOperatingExpenses": 2213150000, "calculatedNetInterest": -269145000, "calculatedOtherIncome": 50428000, "calculatedIncomeNonControlling": 5559000, "calculatedEbitda": 1052275000}, {"date": "2007-12-31", "symbol": "ES", "reportedCurrency": "USD", "cik": "0000072741", "fillingDate": "2008-02-29", "acceptedDate": "2008-02-29 09:03:16", "calendarYear": "2007", "period": "FY", "revenue": 5822226000, "costOfRevenue": 3350673000, "grossProfit": 2471553000, "grossProfitRatio": 0.4245031024, "researchAndDevelopmentExpenses": 0, "generalAndAdministrativeExpenses": 0, "sellingAndMarketingExpenses": 0, "sellingGeneralAndAdministrativeExpenses": 0, "otherExpenses": 1932072000, "operatingExpenses": 1932072000, "costAndExpenses": 5282745000, "interestIncome": 0, "interestExpense": 0, "depreciationAndAmortization": 518725000, "ebitda": 996567000, "ebitdaratio": 0.1711659767, "operatingIncome": 539481000, "operatingIncomeRatio": 0.0926588903, "totalOtherIncomeExpensesNet": 61639000, "incomeBeforeTax": 355316000, "incomeBeforeTaxRatio": 0.0610275177, "incomeTaxExpense": 109420000, "netIncome": 246483000, "netIncomeRatio": 0.0423348389, "eps": 1.59, "epsdiluted": 1.59, "weightedAverageShsOut": 154759727, "weightedAverageShsOutDil": 155304361, "link": "https://www.sec.gov/Archives/edgar/data/72741/000007274108000107/0000072741-08-000107-index.htm", "finalLink": "https://www.sec.gov/Archives/edgar/data/23426/000007274108000107/nu2007form10kedgar.htm", "calculatedOtherExpenses": 1932072000, "calculatedOperatingExpenses": 1932072000, "calculatedNetInterest": 0, "calculatedOtherIncome": -184165000, "calculatedIncomeNonControlling": -587000, "calculatedEbitda": 1058206000}, {"date": "2006-12-31", "symbol": "ES", "reportedCurrency": "USD", "cik": "0000072741", "fillingDate": "2007-03-01", "acceptedDate": "2007-02-28 17:55:42", "calendarYear": "2006", "period": "FY", "revenue": 6884388000, "costOfRevenue": 4630798000, "grossProfit": 2253590000, "grossProfitRatio": 0.3273479066, "researchAndDevelopmentExpenses": 0, "generalAndAdministrativeExpenses": 0, "sellingAndMarketingExpenses": 0, "sellingGeneralAndAdministrativeExpenses": 0, "otherExpenses": 2029666000, "operatingExpenses": 2029666000, "costAndExpenses": 6660464000, "interestIncome": 0, "interestExpense": 0, "depreciationAndAmortization": 463970000, "ebitda": 623500000, "ebitdaratio": 0.0905672371, "operatingIncome": 223924000, "operatingIncomeRatio": 0.032526348, "totalOtherIncomeExpensesNet": 64394000, "incomeBeforeTax": 50280000, "incomeBeforeTaxRatio": 0.0073034814, "incomeTaxExpense": -81429000, "netIncome": 476137000, "netIncomeRatio": 0.0691618485, "eps": 3.1, "epsdiluted": 3.09, "weightedAverageShsOut": 153767527, "weightedAverageShsOutDil": 154146669, "link": "https://www.sec.gov/Archives/edgar/data/72741/000007274107000034/0000072741-07-000034-index.htm", "finalLink": "https://www.sec.gov/Archives/edgar/data/23426/000007274107000034/f2006nuform10k.htm", "calculatedOtherExpenses": 2029666000, "calculatedOperatingExpenses": 2029666000, "calculatedNetInterest": 0, "calculatedOtherIncome": -173644000, "calculatedIncomeNonControlling": -344428000, "calculatedEbitda": 687894000}, {"date": "2005-12-31", "symbol": "ES", "reportedCurrency": "USD", "cik": "0000072741", "fillingDate": "2006-03-10", "acceptedDate": "2006-03-10 16:49:24", "calendarYear": "2005", "period": "FY", "revenue": 7397390000, "costOfRevenue": 4933080000, "grossProfit": 2464310000, "grossProfitRatio": 0.3331323615, "researchAndDevelopmentExpenses": 0, "generalAndAdministrativeExpenses": 0, "sellingAndMarketingExpenses": 0, "sellingGeneralAndAdministrativeExpenses": 0, "otherExpenses": 2618175000, "operatingExpenses": 2618175000, "costAndExpenses": 7551255000, "interestIncome": 0, "interestExpense": 0, "depreciationAndAmortization": 654440000, "ebitda": 463338000, "ebitdaratio": 0.0626353349, "operatingIncome": -153865000, "operatingIncomeRatio": -0.0207999037, "totalOtherIncomeExpensesNet": 37237000, "incomeBeforeTax": -386429000, "incomeBeforeTaxRatio": -0.0522385598, "incomeTaxExpense": -162765000, "netIncome": -247929000, "netIncomeRatio": -0.03351574, "eps": -1.88, "epsdiluted": -1.88, "weightedAverageShsOut": 131638953, "weightedAverageShsOutDil": 131638953, "link": "https://www.sec.gov/Archives/edgar/data/72741/000007274106000036/0000072741-06-000036-index.htm", "finalLink": "https://www.sec.gov/Archives/edgar/data/23426/000007274106000036/f2005nuform10kdraft6final.htm", "calculatedOtherExpenses": 2618175000, "calculatedOperatingExpenses": 2618175000, "calculatedNetInterest": 0, "calculatedOtherIncome": -232564000, "calculatedIncomeNonControlling": 24265000, "calculatedEbitda": 500575000}, {"date": "2004-12-31", "symbol": "ES", "reportedCurrency": "USD", "cik": "0000072741", "fillingDate": "2005-03-17", "acceptedDate": "2005-03-16 18:04:45", "calendarYear": "2004", "period": "FY", "revenue": 6686699000, "costOfRevenue": 4231192000, "grossProfit": 2455507000, "grossProfitRatio": 0.3672226012, "researchAndDevelopmentExpenses": 0, "generalAndAdministrativeExpenses": 0, "sellingAndMarketingExpenses": 0, "sellingGeneralAndAdministrativeExpenses": 0, "otherExpenses": 2042555000, "operatingExpenses": 2042555000, "costAndExpenses": 6273747000, "interestIncome": 0, "interestExpense": 0, "depreciationAndAmortization": 528041000, "ebitda": 926528000, "ebitdaratio": 0.1385628395, "operatingIncome": 412952000, "operatingIncomeRatio": 0.0617572288, "totalOtherIncomeExpensesNet": 14465000, "incomeBeforeTax": 173903000, "incomeBeforeTaxRatio": 0.026007302, "incomeTaxExpense": 51756000, "netIncome": 122147000, "netIncomeRatio": 0.0182671599, "eps": 0.95, "epsdiluted": 0.95, "weightedAverageShsOut": 128245860, "weightedAverageShsOutDil": 128396076, "link": "https://www.sec.gov/Archives/edgar/data/72741/000007274105000042/0000072741-05-000042-index.htm", "finalLink": "https://www.sec.gov/Archives/edgar/data/23426/000007274105000042/f2004form10khtmlv4edgar.htm", "calculatedOtherExpenses": 2042555000, "calculatedOperatingExpenses": 2042555000, "calculatedNetInterest": 0, "calculatedOtherIncome": -239049000, "calculatedIncomeNonControlling": 0, "calculatedEbitda": 940993000}, {"date": "2003-12-31", "symbol": "ES", "reportedCurrency": "USD", "cik": "0000072741", "fillingDate": "2004-03-12", "acceptedDate": "2004-03-12 11:19:07", "calendarYear": "2003", "period": "FY", "revenue": 6069156000, "costOfRevenue": 3730416000, "grossProfit": 2338740000, "grossProfitRatio": 0.3853484735, "researchAndDevelopmentExpenses": 0, "generalAndAdministrativeExpenses": 0, "sellingAndMarketingExpenses": 0, "sellingGeneralAndAdministrativeExpenses": 0, "otherExpenses": 1905374000, "operatingExpenses": 1905374000, "costAndExpenses": 5635790000, "interestIncome": 0, "interestExpense": 0, "depreciationAndAmortization": 204388000, "ebitda": 974036000, "ebitdaratio": 0.160489531, "operatingIncome": 433366000, "operatingIncomeRatio": 0.0714046566, "totalOtherIncomeExpensesNet": -435000, "incomeBeforeTax": 186573000, "incomeBeforeTaxRatio": 0.0307411772, "incomeTaxExpense": 59862000, "netIncome": 121970000, "netIncomeRatio": 0.0200966988, "eps": 0.96, "epsdiluted": 0.96, "weightedAverageShsOut": 127114743, "weightedAverageShsOutDil": 127240724, "link": "https://www.sec.gov/Archives/edgar/data/72741/000007274104000025/0000072741-04-000025-index.htm", "finalLink": "https://www.sec.gov/Archives/edgar/data/23426/000007274104000025/form10kedgar.txt", "calculatedOtherExpenses": 1905374000, "calculatedOperatingExpenses": 1905374000, "calculatedNetInterest": 0, "calculatedOtherIncome": -246793000, "calculatedIncomeNonControlling": 4741000, "calculatedEbitda": 637754000}, {"date": "2002-12-31", "symbol": "ES", "reportedCurrency": "USD", "cik": "0000072741", "fillingDate": "2003-03-21", "acceptedDate": "2003-03-21 15:04:21", "calendarYear": "2002", "period": "FY", "revenue": 5216321000, "costOfRevenue": 3026102000, "grossProfit": 2190219000, "grossProfitRatio": 0.4198781095, "researchAndDevelopmentExpenses": 0, "generalAndAdministrativeExpenses": 0, "sellingAndMarketingExpenses": 0, "sellingGeneralAndAdministrativeExpenses": 0, "otherExpenses": 1910677000, "operatingExpenses": 1910677000, "costAndExpenses": 4936779000, "interestIncome": 0, "interestExpense": 0, "depreciationAndAmortization": 205646000, "ebitda": 715791000, "ebitdaratio": 0.1372214248, "operatingIncome": 279542000, "operatingIncomeRatio": 0.0535898768, "totalOtherIncomeExpensesNet": 230941000, "incomeBeforeTax": 239972000, "incomeBeforeTaxRatio": 0.0460040707, "incomeTaxExpense": 82304000, "netIncome": 157668000, "netIncomeRatio": 0.0302259006, "eps": 1.22, "epsdiluted": 1.22, "weightedAverageShsOut": 129150549, "weightedAverageShsOutDil": 129150549, "link": "https://www.sec.gov/Archives/edgar/data/72741/000007274103000040/0000072741-03-000040-index.htm", "finalLink": "https://www.sec.gov/Archives/edgar/data/23426/000007274103000040/form10k2002.txt", "calculatedOtherExpenses": 1910677000, "calculatedOperatingExpenses": 1910677000, "calculatedNetInterest": 0, "calculatedOtherIncome": -39570000, "calculatedIncomeNonControlling": 0, "calculatedEbitda": 485188000}, {"date": "2001-12-31", "symbol": "ES", "reportedCurrency": "USD", "cik": "0000072741", "fillingDate": "2002-03-22", "acceptedDate": "2002-03-22 00:00:00", "calendarYear": "2001", "period": "FY", "revenue": 6873826000, "costOfRevenue": 4541342000, "grossProfit": 2332484000, "grossProfitRatio": 0.3393283449, "researchAndDevelopmentExpenses": 0, "generalAndAdministrativeExpenses": 0, "sellingAndMarketingExpenses": 0, "sellingGeneralAndAdministrativeExpenses": 0, "otherExpenses": 2435266000, "operatingExpenses": 2435266000, "costAndExpenses": 6976608000, "interestIncome": 0, "interestExpense": 0, "depreciationAndAmortization": 1184050000, "ebitda": 251685000, "ebitdaratio": 0.0366149798, "operatingIncome": -102782000, "operatingIncomeRatio": -0.0149526625, "totalOtherIncomeExpensesNet": 829583000, "incomeBeforeTax": 447143000, "incomeBeforeTaxRatio": 0.06505009, "incomeTaxExpense": 173952000, "netIncome": 250759000, "netIncomeRatio": 0.0364802659, "eps": 1.85, "epsdiluted": 1.84, "weightedAverageShsOut": 135632126, "weightedAverageShsOutDil": 135917423, "link": "https://www.sec.gov/Archives/edgar/data/72741/000007274102000051/0000072741-02-000051-index.htm", "finalLink": "https://www.sec.gov/Archives/edgar/data/72741/000007274102000051/form10k2001.txt", "calculatedOtherExpenses": 2435266000, "calculatedOperatingExpenses": 2435266000, "calculatedNetInterest": 0, "calculatedOtherIncome": 549925000, "calculatedIncomeNonControlling": 22432000, "calculatedEbitda": 1081268000}, {"date": "2000-12-31", "symbol": "ES", "reportedCurrency": "USD", "cik": "0000072741", "fillingDate": "2001-03-28", "acceptedDate": "2001-03-28 00:00:00", "calendarYear": "2000", "period": "FY", "revenue": 5876620000, "costOfRevenue": 3321226000, "grossProfit": 2555394000, "grossProfitRatio": 0.4348407758, "researchAndDevelopmentExpenses": 0, "generalAndAdministrativeExpenses": 0, "sellingAndMarketingExpenses": 0, "sellingGeneralAndAdministrativeExpenses": 0, "otherExpenses": 1860600000, "operatingExpenses": 1860600000, "costAndExpenses": 5181826000, "interestIncome": 0, "interestExpense": 0, "depreciationAndAmortization": 515937000, "ebitda": 1215741000, "ebitdaratio": 0.2068775929, "operatingIncome": 694794000, "operatingIncomeRatio": 0.1182302072, "totalOtherIncomeExpensesNet": -5010000, "incomeBeforeTax": 381182000, "incomeBeforeTaxRatio": 0.0648641566, "incomeTaxExpense": 161725000, "netIncome": -14424000, "netIncomeRatio": -0.0024544721, "eps": -0.1, "epsdiluted": -0.1, "weightedAverageShsOut": 141549860, "weightedAverageShsOutDil": 141967216, "link": "https://www.sec.gov/Archives/edgar/data/72741/000007274101000075/0000072741-01-000075-index.htm", "finalLink": "https://www.sec.gov/Archives/edgar/data/23426/000007274101000075/0000072741-01-000075-0001.txt", "calculatedOtherExpenses": 1860600000, "calculatedOperatingExpenses": 1860600000, "calculatedNetInterest": 0, "calculatedOtherIncome": -313612000, "calculatedIncomeNonControlling": 233881000, "calculatedEbitda": 1210731000}, {"date": "1999-12-31", "symbol": "ES", "reportedCurrency": "USD", "cik": "0000072741", "fillingDate": "2000-03-27", "acceptedDate": "2000-03-27 00:00:00", "calendarYear": "1999", "period": "FY", "revenue": 4471300000, "costOfRevenue": 1898300000, "grossProfit": 2573000000, "grossProfitRatio": 0.5754478563, "researchAndDevelopmentExpenses": 0, "generalAndAdministrativeExpenses": 0, "sellingAndMarketingExpenses": 0, "sellingGeneralAndAdministrativeExpenses": 0, "otherExpenses": 2047500000, "operatingExpenses": 2047500000, "costAndExpenses": 3945800000, "interestIncome": 0, "interestExpense": 0, "depreciationAndAmortization": 1050200000, "ebitda": 1575700000, "ebitdaratio": 0.3524031042, "operatingIncome": 525500000, "operatingIncomeRatio": 0.117527341, "totalOtherIncomeExpensesNet": -97000000, "incomeBeforeTax": 155500000, "incomeBeforeTaxRatio": 0.0347773578, "incomeTaxExpense": 98500000, "netIncome": 57000000, "netIncomeRatio": 0.0127479704, "eps": 0.43, "epsdiluted": 0.43, "weightedAverageShsOut": 131415126, "weightedAverageShsOutDil": 132031573, "link": "https://www.sec.gov/Archives/edgar/data/72741/000007274100000075/0000072741-00-000075-index.html", "finalLink": "https://www.sec.gov/Archives/edgar/data/23426/000007274100000075/", "calculatedOtherExpenses": 2047500000, "calculatedOperatingExpenses": 2047500000, "calculatedNetInterest": 0, "calculatedOtherIncome": -370000000, "calculatedIncomeNonControlling": 0, "calculatedEbitda": 1575700000}, {"date": "1998-12-31", "symbol": "ES", "reportedCurrency": "USD", "cik": "0000072741", "fillingDate": "1999-03-23", "acceptedDate": "1999-03-23 00:00:00", "calendarYear": "1998", "period": "FY", "revenue": 3767700000, "costOfRevenue": 1296500000, "grossProfit": 2471200000, "grossProfitRatio": 0.6558908618, "researchAndDevelopmentExpenses": 0, "generalAndAdministrativeExpenses": 0, "sellingAndMarketingExpenses": 0, "sellingGeneralAndAdministrativeExpenses": 0, "otherExpenses": 2164100000, "operatingExpenses": 2164100000, "costAndExpenses": 3460600000, "interestIncome": 0, "interestExpense": 0, "depreciationAndAmortization": 759300000, "ebitda": 1066400000, "ebitdaratio": 0.2830373968, "operatingIncome": 307100000, "operatingIncomeRatio": 0.0815086127, "totalOtherIncomeExpensesNet": -142900000, "incomeBeforeTax": -114400000, "incomeBeforeTaxRatio": -0.0303633516, "incomeTaxExpense": 5900000, "netIncome": -120300000, "netIncomeRatio": -0.0319292937, "eps": -0.92, "epsdiluted": -0.92, "weightedAverageShsOut": 130982143, "weightedAverageShsOutDil": 130982143, "link": "https://www.sec.gov/Archives/edgar/data/72741/000007274199000089/0000072741-99-000089-index.html", "finalLink": "https://www.sec.gov/Archives/edgar/data/23426/", "calculatedOtherExpenses": 2164100000, "calculatedOperatingExpenses": 2164100000, "calculatedNetInterest": 0, "calculatedOtherIncome": -421500000, "calculatedIncomeNonControlling": 0, "calculatedEbitda": 1066400000}, {"date": "1997-12-31", "symbol": "ES", "reportedCurrency": "USD", "cik": "0000072741", "fillingDate": "1998-03-19", "acceptedDate": "1998-03-19 00:00:00", "calendarYear": "1997", "period": "FY", "revenue": 3834800000, "costOfRevenue": 1293500000, "grossProfit": 2541300000, "grossProfitRatio": 0.6626942735, "researchAndDevelopmentExpenses": 0, "generalAndAdministrativeExpenses": 0, "sellingAndMarketingExpenses": 0, "sellingGeneralAndAdministrativeExpenses": 0, "otherExpenses": 2347600000, "operatingExpenses": 2347600000, "costAndExpenses": 3641100000, "interestIncome": 0, "interestExpense": 0, "depreciationAndAmortization": 499100000, "ebitda": 692800000, "ebitdaratio": 0.1806613122, "operatingIncome": 193700000, "operatingIncomeRatio": 0.0505111088, "totalOtherIncomeExpensesNet": -17600000, "incomeBeforeTax": -107500000, "incomeBeforeTaxRatio": -0.0280327527, "incomeTaxExpense": -2100000, "netIncome": -105400000, "netIncomeRatio": -0.0274851361, "eps": -0.82, "epsdiluted": -0.82, "weightedAverageShsOut": 129238095, "weightedAverageShsOutDil": 129238095, "link": "https://www.sec.gov/Archives/edgar/data/72741/000007274198000076/0000072741-98-000076-index.html", "finalLink": "https://www.sec.gov/Archives/edgar/data/23426/", "calculatedOtherExpenses": 2347600000, "calculatedOperatingExpenses": 2347600000, "calculatedNetInterest": 0, "calculatedOtherIncome": -301200000, "calculatedIncomeNonControlling": 0, "calculatedEbitda": 692800000}, {"date": "1996-12-31", "symbol": "ES", "reportedCurrency": "USD", "cik": "0000072741", "fillingDate": "1997-03-25", "acceptedDate": "1997-03-25 00:00:00", "calendarYear": "1996", "period": "FY", "revenue": 3792100000, "costOfRevenue": 1139800000, "grossProfit": 2652300000, "grossProfitRatio": 0.6994277577, "researchAndDevelopmentExpenses": 0, "generalAndAdministrativeExpenses": 0, "sellingAndMarketingExpenses": 0, "sellingGeneralAndAdministrativeExpenses": 0, "otherExpenses": 2312500000, "operatingExpenses": 2312500000, "costAndExpenses": 3452300000, "interestIncome": 0, "interestExpense": 0, "depreciationAndAmortization": 414300000, "ebitda": 754100000, "ebitdaratio": 0.1988607895, "operatingIncome": 339800000, "operatingIncomeRatio": 0.0896073416, "totalOtherIncomeExpensesNet": 55000000, "incomeBeforeTax": 105600000, "incomeBeforeTaxRatio": 0.0278473669, "incomeTaxExpense": 70000000, "netIncome": 35600000, "netIncomeRatio": 0.0093879381, "eps": 0.28, "epsdiluted": 0.28, "weightedAverageShsOut": 127960382, "weightedAverageShsOutDil": 128196721, "link": "https://www.sec.gov/Archives/edgar/data/72741/000007274197000054/0000072741-97-000054-index.html", "finalLink": "https://www.sec.gov/Archives/edgar/data/23426/", "calculatedOtherExpenses": 2312500000, "calculatedOperatingExpenses": 2312500000, "calculatedNetInterest": 0, "calculatedOtherIncome": -234200000, "calculatedIncomeNonControlling": 0, "calculatedEbitda": 754100000}, {"date": "1995-12-31", "symbol": "ES", "reportedCurrency": "USD", "cik": "0000072741", "fillingDate": "1996-03-14", "acceptedDate": "1996-03-14 00:00:00", "calendarYear": "1995", "period": "FY", "revenue": 3750600000, "costOfRevenue": 909200000, "grossProfit": 2841400000, "grossProfitRatio": 0.757585453, "researchAndDevelopmentExpenses": 0, "generalAndAdministrativeExpenses": 0, "sellingAndMarketingExpenses": 0, "sellingGeneralAndAdministrativeExpenses": 0, "otherExpenses": 1987800000, "operatingExpenses": 1987800000, "costAndExpenses": 2897000000, "interestIncome": 0, "interestExpense": 0, "depreciationAndAmortization": 470700000, "ebitda": 1324300000, "ebitdaratio": 0.3530901722, "operatingIncome": 853600000, "operatingIncomeRatio": 0.2275902522, "totalOtherIncomeExpensesNet": 48400000, "incomeBeforeTax": 583100000, "incomeBeforeTaxRatio": 0.1554684584, "incomeTaxExpense": 261300000, "netIncome": 321800000, "netIncomeRatio": 0.0857996054, "eps": 2.55, "epsdiluted": 2.55, "weightedAverageShsOut": 126071429, "weightedAverageShsOutDil": 126071429, "link": "https://www.sec.gov/Archives/edgar/data/72741/000007274196000049/0000072741-96-000049-index.html", "finalLink": "https://www.sec.gov/Archives/edgar/data/23426/", "calculatedOtherExpenses": 1987800000, "calculatedOperatingExpenses": 1987800000, "calculatedNetInterest": 0, "calculatedOtherIncome": -270500000, "calculatedIncomeNonControlling": 0, "calculatedEbitda": 1324300000}, {"date": "1994-12-31", "symbol": "ES", "reportedCurrency": "USD", "cik": "0000072741", "fillingDate": "1995-03-27", "acceptedDate": "1995-03-27 00:00:00", "calendarYear": "1994", "period": "FY", "revenue": 3642700000, "costOfRevenue": 832400000, "grossProfit": 2810300000, "grossProfitRatio": 0.7714881818, "researchAndDevelopmentExpenses": 0, "generalAndAdministrativeExpenses": 0, "sellingAndMarketingExpenses": 0, "sellingGeneralAndAdministrativeExpenses": 0, "otherExpenses": 1968300000, "operatingExpenses": 1968300000, "costAndExpenses": 2800700000, "interestIncome": 0, "interestExpense": 0, "depreciationAndAmortization": 314400000, "ebitda": 1156400000, "ebitdaratio": 0.3174568315, "operatingIncome": 842000000, "operatingIncomeRatio": 0.231147226, "totalOtherIncomeExpensesNet": 75900000, "incomeBeforeTax": 610000000, "incomeBeforeTaxRatio": 0.1674582041, "incomeTaxExpense": 280100000, "netIncome": 329900000, "netIncomeRatio": 0.090564691, "eps": 2.64, "epsdiluted": 2.64, "weightedAverageShsOut": 124739130, "weightedAverageShsOutDil": 124739130, "link": "https://www.sec.gov/Archives/edgar/data/72741/000007274195000017/0000072741-95-000017-index.html", "finalLink": "https://www.sec.gov/Archives/edgar/data/23426/", "calculatedOtherExpenses": 1968300000, "calculatedOperatingExpenses": 1968300000, "calculatedNetInterest": 0, "calculatedOtherIncome": -232000000, "calculatedIncomeNonControlling": 0, "calculatedEbitda": 1156400000}, {"date": "1993-12-31", "symbol": "ES", "reportedCurrency": "USD", "cik": "0000072741", "fillingDate": "1994-03-25", "acceptedDate": "1994-03-25 00:00:00", "calendarYear": "1993", "period": "FY", "revenue": 3629100000, "costOfRevenue": 0, "grossProfit": 3629100000, "grossProfitRatio": 1, "researchAndDevelopmentExpenses": 0, "generalAndAdministrativeExpenses": 0, "sellingAndMarketingExpenses": 0, "sellingGeneralAndAdministrativeExpenses": 0, "otherExpenses": 0, "operatingExpenses": 0, "costAndExpenses": 0, "interestIncome": 0, "interestExpense": 0, "depreciationAndAmortization": 0, "ebitda": 3629100000, "ebitdaratio": 1, "operatingIncome": 3629100000, "operatingIncomeRatio": 1, "totalOtherIncomeExpensesNet": 0, "incomeBeforeTax": 0, "incomeBeforeTaxRatio": 0, "incomeTaxExpense": -249800000, "netIncome": 249800000, "netIncomeRatio": 0.0688324929, "eps": 2.02, "epsdiluted": 2.02, "weightedAverageShsOut": 123663366, "weightedAverageShsOutDil": 123663366, "link": "https://www.sec.gov/Archives/edgar/data/72741/000007274194000027/0000072741-94-000027-index.html", "finalLink": "https://www.sec.gov/Archives/edgar/data/23426/", "calculatedOtherExpenses": 0, "calculatedOperatingExpenses": 0, "calculatedNetInterest": 0, "calculatedOtherIncome": -3629100000, "calculatedIncomeNonControlling": 0, "calculatedEbitda": 3629100000}, {"date": "1992-12-31", "symbol": "ES", "reportedCurrency": "USD", "cik": "0000072741", "fillingDate": "1992-12-31", "acceptedDate": "1992-12-30 19:00:00", "calendarYear": "1992", "period": "FY", "revenue": 3216900000, "costOfRevenue": 0, "grossProfit": 3216900000, "grossProfitRatio": 1, "researchAndDevelopmentExpenses": 0, "generalAndAdministrativeExpenses": 0, "sellingAndMarketingExpenses": 0, "sellingGeneralAndAdministrativeExpenses": 0, "otherExpenses": 0, "operatingExpenses": 0, "costAndExpenses": 0, "interestIncome": 0, "interestExpense": 0, "depreciationAndAmortization": 0, "ebitda": 3216900000, "ebitdaratio": 1, "operatingIncome": 3216900000, "operatingIncomeRatio": 1, "totalOtherIncomeExpensesNet": 0, "incomeBeforeTax": 0, "incomeBeforeTaxRatio": 0, "incomeTaxExpense": -303100000, "netIncome": 303100000, "netIncomeRatio": 0.0942211446, "eps": 2.39, "epsdiluted": 2.39, "weightedAverageShsOut": 126782178, "weightedAverageShsOutDil": 126782178, "link": "", "finalLink": "", "calculatedOtherExpenses": 0, "calculatedOperatingExpenses": 0, "calculatedNetInterest": 0, "calculatedOtherIncome": -3216900000, "calculatedIncomeNonControlling": 0, "calculatedEbitda": 3216900000}, {"date": "1991-12-31", "symbol": "ES", "reportedCurrency": "USD", "cik": "0000072741", "fillingDate": "1991-12-31", "acceptedDate": "1991-12-30 19:00:00", "calendarYear": "1991", "period": "FY", "revenue": 2753800000, "costOfRevenue": 0, "grossProfit": 2753800000, "grossProfitRatio": 1, "researchAndDevelopmentExpenses": 0, "generalAndAdministrativeExpenses": 0, "sellingAndMarketingExpenses": 0, "sellingGeneralAndAdministrativeExpenses": 0, "otherExpenses": 0, "operatingExpenses": 0, "costAndExpenses": 0, "interestIncome": 0, "interestExpense": 0, "depreciationAndAmortization": 0, "ebitda": 2753800000, "ebitdaratio": 1, "operatingIncome": 2753800000, "operatingIncomeRatio": 1, "totalOtherIncomeExpensesNet": 0, "incomeBeforeTax": 0, "incomeBeforeTaxRatio": 0, "incomeTaxExpense": -236700000, "netIncome": 236700000, "netIncomeRatio": 0.0859539545, "eps": 2.59, "epsdiluted": 2.59, "weightedAverageShsOut": 91556604, "weightedAverageShsOutDil": 91556604, "link": "", "finalLink": "", "calculatedOtherExpenses": 0, "calculatedOperatingExpenses": 0, "calculatedNetInterest": 0, "calculatedOtherIncome": -2753800000, "calculatedIncomeNonControlling": 0, "calculatedEbitda": 2753800000}, {"date": "1990-12-31", "symbol": "ES", "reportedCurrency": "USD", "cik": "0000072741", "fillingDate": "1990-12-31", "acceptedDate": "1990-12-30 19:00:00", "calendarYear": "1990", "period": "FY", "revenue": 2616300000, "costOfRevenue": 0, "grossProfit": 2616300000, "grossProfitRatio": 1, "researchAndDevelopmentExpenses": 0, "generalAndAdministrativeExpenses": 0, "sellingAndMarketingExpenses": 0, "sellingGeneralAndAdministrativeExpenses": 0, "otherExpenses": 0, "operatingExpenses": 0, "costAndExpenses": 0, "interestIncome": 0, "interestExpense": 0, "depreciationAndAmortization": 0, "ebitda": 2616300000, "ebitdaratio": 1, "operatingIncome": 2616300000, "operatingIncomeRatio": 1, "totalOtherIncomeExpensesNet": 0, "incomeBeforeTax": 0, "incomeBeforeTaxRatio": 0, "incomeTaxExpense": -256000000, "netIncome": 256000000, "netIncomeRatio": 0.0978481061, "eps": 2.35, "epsdiluted": 2.35, "weightedAverageShsOut": 108762887, "weightedAverageShsOutDil": 108762887, "link": "", "finalLink": "", "calculatedOtherExpenses": 0, "calculatedOperatingExpenses": 0, "calculatedNetInterest": 0, "calculatedOtherIncome": -2616300000, "calculatedIncomeNonControlling": 0, "calculatedEbitda": 2616300000}, {"date": "1989-12-31", "symbol": "ES", "reportedCurrency": "USD", "cik": "0000072741", "fillingDate": "1989-12-31", "acceptedDate": "1989-12-30 19:00:00", "calendarYear": "1989", "period": "FY", "revenue": 2206300000, "costOfRevenue": 0, "grossProfit": 2206300000, "grossProfitRatio": 1, "researchAndDevelopmentExpenses": 0, "generalAndAdministrativeExpenses": 0, "sellingAndMarketingExpenses": 0, "sellingGeneralAndAdministrativeExpenses": 0, "otherExpenses": 0, "operatingExpenses": 0, "costAndExpenses": 0, "interestIncome": 0, "interestExpense": 0, "depreciationAndAmortization": 0, "ebitda": 2206300000, "ebitdaratio": 1, "operatingIncome": 2206300000, "operatingIncomeRatio": 1, "totalOtherIncomeExpensesNet": 0, "incomeBeforeTax": 0, "incomeBeforeTaxRatio": 0, "incomeTaxExpense": -209100000, "netIncome": 209100000, "netIncomeRatio": 0.0947740561, "eps": 2.36, "epsdiluted": 2.36, "weightedAverageShsOut": 88697917, "weightedAverageShsOutDil": 88697917, "link": "", "finalLink": "", "calculatedOtherExpenses": 0, "calculatedOperatingExpenses": 0, "calculatedNetInterest": 0, "calculatedOtherIncome": -2206300000, "calculatedIncomeNonControlling": 0, "calculatedEbitda": 2206300000}, {"date": "1988-12-31", "symbol": "ES", "reportedCurrency": "USD", "cik": "0000072741", "fillingDate": "1988-12-31", "acceptedDate": "1988-12-30 19:00:00", "calendarYear": "1988", "period": "FY", "revenue": 2079200000, "costOfRevenue": 0, "grossProfit": 2079200000, "grossProfitRatio": 1, "researchAndDevelopmentExpenses": 0, "generalAndAdministrativeExpenses": 0, "sellingAndMarketingExpenses": 0, "sellingGeneralAndAdministrativeExpenses": 0, "otherExpenses": 0, "operatingExpenses": 0, "costAndExpenses": 0, "interestIncome": 0, "interestExpense": 0, "depreciationAndAmortization": 0, "ebitda": 2079200000, "ebitdaratio": 1, "operatingIncome": 2079200000, "operatingIncomeRatio": 1, "totalOtherIncomeExpensesNet": 0, "incomeBeforeTax": 0, "incomeBeforeTaxRatio": 0, "incomeTaxExpense": -272500000, "netIncome": 272500000, "netIncomeRatio": 0.1310600231, "eps": 2.5, "epsdiluted": 2.5, "weightedAverageShsOut": 108790698, "weightedAverageShsOutDil": 108790698, "link": "", "finalLink": "", "calculatedOtherExpenses": 0, "calculatedOperatingExpenses": 0, "calculatedNetInterest": 0, "calculatedOtherIncome": -2079200000, "calculatedIncomeNonControlling": 0, "calculatedEbitda": 2079200000}, {"date": "1987-12-31", "symbol": "ES", "reportedCurrency": "USD", "cik": "0000072741", "fillingDate": "1987-12-31", "acceptedDate": "1987-12-30 19:00:00", "calendarYear": "1987", "period": "FY", "revenue": 1878100000, "costOfRevenue": 0, "grossProfit": 1878100000, "grossProfitRatio": 1, "researchAndDevelopmentExpenses": 0, "generalAndAdministrativeExpenses": 0, "sellingAndMarketingExpenses": 0, "sellingGeneralAndAdministrativeExpenses": 0, "otherExpenses": 0, "operatingExpenses": 0, "costAndExpenses": 0, "interestIncome": 0, "interestExpense": 0, "depreciationAndAmortization": 0, "ebitda": 1878100000, "ebitdaratio": 1, "operatingIncome": 1878100000, "operatingIncomeRatio": 1, "totalOtherIncomeExpensesNet": 0, "incomeBeforeTax": 0, "incomeBeforeTaxRatio": 0, "incomeTaxExpense": -253100000, "netIncome": 253100000, "netIncomeRatio": 0.1347638571, "eps": 2.32, "epsdiluted": 2.32, "weightedAverageShsOut": 108883249, "weightedAverageShsOutDil": 108883249, "link": "", "finalLink": "", "calculatedOtherExpenses": 0, "calculatedOperatingExpenses": 0, "calculatedNetInterest": 0, "calculatedOtherIncome": -1878100000, "calculatedIncomeNonControlling": 0, "calculatedEbitda": 1878100000}, {"date": "1986-12-31", "symbol": "ES", "reportedCurrency": "USD", "cik": "0000072741", "fillingDate": "1986-12-31", "acceptedDate": "1986-12-30 19:00:00", "calendarYear": "1986", "period": "FY", "revenue": 2032100000, "costOfRevenue": 0, "grossProfit": 2032100000, "grossProfitRatio": 1, "researchAndDevelopmentExpenses": 0, "generalAndAdministrativeExpenses": 0, "sellingAndMarketingExpenses": 0, "sellingGeneralAndAdministrativeExpenses": 0, "otherExpenses": 0, "operatingExpenses": 0, "costAndExpenses": 0, "interestIncome": 0, "interestExpense": 0, "depreciationAndAmortization": 0, "ebitda": 2032100000, "ebitdaratio": 1, "operatingIncome": 2032100000, "operatingIncomeRatio": 1, "totalOtherIncomeExpensesNet": 0, "incomeBeforeTax": 0, "incomeBeforeTaxRatio": 0, "incomeTaxExpense": -300900000, "netIncome": 300900000, "netIncomeRatio": 0.1480734216, "eps": 3.23, "epsdiluted": 3.23, "weightedAverageShsOut": 93237410, "weightedAverageShsOutDil": 93237410, "link": "", "finalLink": "", "calculatedOtherExpenses": 0, "calculatedOperatingExpenses": 0, "calculatedNetInterest": 0, "calculatedOtherIncome": -2032100000, "calculatedIncomeNonControlling": 0, "calculatedEbitda": 2032100000}, {"date": "1985-12-31", "symbol": "ES", "reportedCurrency": "USD", "cik": "0000072741", "fillingDate": "1985-12-31", "acceptedDate": "1985-12-30 19:00:00", "calendarYear": "1985", "period": "FY", "revenue": 2081000000, "costOfRevenue": 0, "grossProfit": 2081000000, "grossProfitRatio": 1, "researchAndDevelopmentExpenses": 0, "generalAndAdministrativeExpenses": 0, "sellingAndMarketingExpenses": 0, "sellingGeneralAndAdministrativeExpenses": 0, "otherExpenses": 0, "operatingExpenses": 0, "costAndExpenses": 0, "interestIncome": 0, "interestExpense": 0, "depreciationAndAmortization": 0, "ebitda": 2081000000, "ebitdaratio": 1, "operatingIncome": 2081000000, "operatingIncomeRatio": 1, "totalOtherIncomeExpensesNet": 0, "incomeBeforeTax": 0, "incomeBeforeTaxRatio": 0, "incomeTaxExpense": -332800000, "netIncome": 332800000, "netIncomeRatio": 0.1599231139, "eps": 3.14, "epsdiluted": 3.14, "weightedAverageShsOut": 106066176, "weightedAverageShsOutDil": 106066176, "link": "", "finalLink": "", "calculatedOtherExpenses": 0, "calculatedOperatingExpenses": 0, "calculatedNetInterest": 0, "calculatedOtherIncome": -2081000000, "calculatedIncomeNonControlling": 0, "calculatedEbitda": 2081000000}]}