{"originalCurrency": "USD", "convertedCurrency": "USD", "report": [{"date": "2023-09-30", "symbol": "ESE", "reportedCurrency": "USD", "cik": "0000866706", "fillingDate": "2023-11-29", "acceptedDate": "2023-11-29 14:58:06", "calendarYear": "2023", "period": "FY", "revenue": 956033000, "costOfRevenue": 580377000, "grossProfit": 375656000, "grossProfitRatio": 0.3929320431, "researchAndDevelopmentExpenses": 13000000, "generalAndAdministrativeExpenses": 0, "sellingAndMarketingExpenses": 0, "sellingGeneralAndAdministrativeExpenses": 217110000, "otherExpenses": -1877000, "operatingExpenses": 246063000, "costAndExpenses": 826440000, "interestIncome": 0, "interestExpense": 8769000, "depreciationAndAmortization": 50523000, "ebitda": 178239000, "ebitdaratio": 0.1864360331, "operatingIncome": 127716000, "operatingIncomeRatio": 0.1335895309, "totalOtherIncomeExpensesNet": -1877000, "incomeBeforeTax": 118947000, "incomeBeforeTaxRatio": 0.1244172534, "incomeTaxExpense": 26402000, "netIncome": 92545000, "netIncomeRatio": 0.0968010518, "eps": 3.59, "epsdiluted": 3.58, "weightedAverageShsOut": 25802000, "weightedAverageShsOutDil": 25879000, "link": "https://www.sec.gov/Archives/edgar/data/866706/000141057823002596/0001410578-23-002596-index.htm", "finalLink": "https://www.sec.gov/Archives/edgar/data/866706/000141057823002596/ese-20230930x10k.htm", "calculatedOtherExpenses": 17830000, "calculatedOperatingExpenses": 247940000, "calculatedNetInterest": -8769000, "calculatedOtherIncome": 0, "calculatedIncomeNonControlling": 0, "calculatedEbitda": 178239000}, {"date": "2022-09-30", "symbol": "ESE", "reportedCurrency": "USD", "cik": "0000866706", "fillingDate": "2022-11-29", "acceptedDate": "2022-11-29 15:14:06", "calendarYear": "2022", "period": "FY", "revenue": 857502000, "costOfRevenue": 525457000, "grossProfit": 332045000, "grossProfitRatio": 0.3872235867, "researchAndDevelopmentExpenses": 12300000, "generalAndAdministrativeExpenses": 0, "sellingAndMarketingExpenses": 0, "sellingGeneralAndAdministrativeExpenses": 195127000, "otherExpenses": 25936000, "operatingExpenses": 221063000, "costAndExpenses": 746520000, "interestIncome": 4851000, "interestExpense": 4851000, "depreciationAndAmortization": 48343000, "ebitda": 159629000, "ebitdaratio": 0.186155834, "operatingIncome": 111286000, "operatingIncomeRatio": 0.1297792891, "totalOtherIncomeExpensesNet": -4851000, "incomeBeforeTax": 106435000, "incomeBeforeTaxRatio": 0.1241221595, "incomeTaxExpense": 24115000, "netIncome": 82320000, "netIncomeRatio": 0.0959997761, "eps": 3.17, "epsdiluted": 3.16, "weightedAverageShsOut": 25933000, "weightedAverageShsOutDil": 26067000, "link": "https://www.sec.gov/Archives/edgar/data/866706/000141057822003540/0001410578-22-003540-index.htm", "finalLink": "https://www.sec.gov/Archives/edgar/data/866706/000141057822003540/ese-20220930x10k.htm", "calculatedOtherExpenses": 13332000, "calculatedOperatingExpenses": 220759000, "calculatedNetInterest": 0, "calculatedOtherIncome": -4851000, "calculatedIncomeNonControlling": 0, "calculatedEbitda": 159629000}, {"date": "2021-09-30", "symbol": "ESE", "reportedCurrency": "USD", "cik": "0000866706", "fillingDate": "2021-11-29", "acceptedDate": "2021-11-29 16:53:54", "calendarYear": "2021", "period": "FY", "revenue": 715440000, "costOfRevenue": 445045000, "grossProfit": 270395000, "grossProfitRatio": 0.3779422453, "researchAndDevelopmentExpenses": 15400000, "generalAndAdministrativeExpenses": 167534000, "sellingAndMarketingExpenses": 0, "sellingGeneralAndAdministrativeExpenses": 167534000, "otherExpenses": 20829000, "operatingExpenses": 188363000, "costAndExpenses": 633408000, "interestIncome": 2255000, "interestExpense": 2255000, "depreciationAndAmortization": 42049000, "ebitda": 124975000, "ebitdaratio": 0.1746827127, "operatingIncome": 82926000, "operatingIncomeRatio": 0.1159090909, "totalOtherIncomeExpensesNet": -2255000, "incomeBeforeTax": 80671000, "incomeBeforeTaxRatio": 0.1127571844, "incomeTaxExpense": 17175000, "netIncome": 63496000, "netIncomeRatio": 0.0887509784, "eps": 2.44, "epsdiluted": 2.42, "weightedAverageShsOut": 26046000, "weightedAverageShsOutDil": 26225000, "link": "https://www.sec.gov/Archives/edgar/data/866706/000141057821000447/0001410578-21-000447-index.htm", "finalLink": "https://www.sec.gov/Archives/edgar/data/866706/000141057821000447/ese-20210930x10k.htm", "calculatedOtherExpenses": 4535000, "calculatedOperatingExpenses": 187469000, "calculatedNetInterest": 0, "calculatedOtherIncome": -2255000, "calculatedIncomeNonControlling": 0, "calculatedEbitda": 124975000}, {"date": "2020-09-30", "symbol": "ESE", "reportedCurrency": "USD", "cik": "0000866706", "fillingDate": "2020-11-30", "acceptedDate": "2020-11-30 16:09:37", "calendarYear": "2020", "period": "FY", "revenue": 732915000, "costOfRevenue": 457418000, "grossProfit": 275497000, "grossProfitRatio": 0.3758921567, "researchAndDevelopmentExpenses": 13300000, "generalAndAdministrativeExpenses": 159490000, "sellingAndMarketingExpenses": 0, "sellingGeneralAndAdministrativeExpenses": 159490000, "otherExpenses": 21812000, "operatingExpenses": 181302000, "costAndExpenses": 638720000, "interestIncome": 6730000, "interestExpense": 6730000, "depreciationAndAmortization": 41338000, "ebitda": 128411000, "ebitdaratio": 0.1752058561, "operatingIncome": 87073000, "operatingIncomeRatio": 0.1188036812, "totalOtherIncomeExpensesNet": -47330000, "incomeBeforeTax": 39743000, "incomeBeforeTaxRatio": 0.0542259334, "incomeTaxExpense": 14278000, "netIncome": 25465000, "netIncomeRatio": 0.0347448203, "eps": 0.98, "epsdiluted": 0.97, "weightedAverageShsOut": 26010000, "weightedAverageShsOutDil": 26135000, "link": "https://www.sec.gov/Archives/edgar/data/866706/000110465920130486/0001104659-20-130486-index.htm", "finalLink": "https://www.sec.gov/Archives/edgar/data/866706/000110465920130486/ese-20200930x10k.htm", "calculatedOtherExpenses": 15634000, "calculatedOperatingExpenses": 188424000, "calculatedNetInterest": 0, "calculatedOtherIncome": -47330000, "calculatedIncomeNonControlling": 0, "calculatedEbitda": 128411000}, {"date": "2019-09-30", "symbol": "ESE", "reportedCurrency": "USD", "cik": "0000866706", "fillingDate": "2019-11-29", "acceptedDate": "2019-11-29 15:57:00", "calendarYear": "2019", "period": "FY", "revenue": 812970000, "costOfRevenue": 508521000, "grossProfit": 304449000, "grossProfitRatio": 0.3744898336, "researchAndDevelopmentExpenses": 12100000, "generalAndAdministrativeExpenses": 0, "sellingAndMarketingExpenses": 0, "sellingGeneralAndAdministrativeExpenses": 172109000, "otherExpenses": 19488000, "operatingExpenses": 191597000, "costAndExpenses": 700118000, "interestIncome": 8092000, "interestExpense": 8396000, "depreciationAndAmortization": 40050000, "ebitda": 150662000, "ebitdaratio": 0.1853229516, "operatingIncome": 110612000, "operatingIncomeRatio": 0.1360591412, "totalOtherIncomeExpensesNet": -8396000, "incomeBeforeTax": 102216000, "incomeBeforeTaxRatio": 0.1257315768, "incomeTaxExpense": 21177000, "netIncome": 81039000, "netIncomeRatio": 0.0996826451, "eps": 3.12, "epsdiluted": 3.11, "weightedAverageShsOut": 25946000, "weightedAverageShsOutDil": 26097000, "link": "https://www.sec.gov/Archives/edgar/data/866706/000110465919068679/0001104659-19-068679-index.htm", "finalLink": "https://www.sec.gov/Archives/edgar/data/866706/000110465919068679/ese-20180930x10k30c48b.htm", "calculatedOtherExpenses": 9628000, "calculatedOperatingExpenses": 193837000, "calculatedNetInterest": -304000, "calculatedOtherIncome": -8092000, "calculatedIncomeNonControlling": 0, "calculatedEbitda": 150662000}, {"date": "2018-09-30", "symbol": "ESE", "reportedCurrency": "USD", "cik": "0000866706", "fillingDate": "2018-11-29", "acceptedDate": "2018-11-29 13:33:54", "calendarYear": "2018", "period": "FY", "revenue": 771582000, "costOfRevenue": 490397000, "grossProfit": 281185000, "grossProfitRatio": 0.3644265937, "researchAndDevelopmentExpenses": 13000000, "generalAndAdministrativeExpenses": 0, "sellingAndMarketingExpenses": 0, "sellingGeneralAndAdministrativeExpenses": 162431000, "otherExpenses": -3655000, "operatingExpenses": 180759000, "costAndExpenses": 671156000, "interestIncome": 0, "interestExpense": 8748000, "depreciationAndAmortization": 37755000, "ebitda": 134526000, "ebitdaratio": 0.1743508791, "operatingIncome": 100426000, "operatingIncomeRatio": 0.1301559653, "totalOtherIncomeExpensesNet": -3655000, "incomeBeforeTax": 88023000, "incomeBeforeTaxRatio": 0.1140811994, "incomeTaxExpense": -4113000, "netIncome": 92136000, "netIncomeRatio": 0.1194118059, "eps": 3.56, "epsdiluted": 3.54, "weightedAverageShsOut": 25874000, "weightedAverageShsOutDil": 26058000, "link": "https://www.sec.gov/Archives/edgar/data/866706/000114420418062244/0001144204-18-062244-index.htm", "finalLink": "https://www.sec.gov/Archives/edgar/data/866706/000114420418062244/tv506723_10k.htm", "calculatedOtherExpenses": 5328000, "calculatedOperatingExpenses": 180759000, "calculatedNetInterest": -8748000, "calculatedOtherIncome": -3655000, "calculatedIncomeNonControlling": 0, "calculatedEbitda": 138181000}, {"date": "2017-09-30", "symbol": "ESE", "reportedCurrency": "USD", "cik": "0000866706", "fillingDate": "2017-11-29", "acceptedDate": "2017-11-29 10:34:54", "calendarYear": "2017", "period": "FY", "revenue": 685740000, "costOfRevenue": 436918000, "grossProfit": 248822000, "grossProfitRatio": 0.3628518097, "researchAndDevelopmentExpenses": 15500000, "generalAndAdministrativeExpenses": 0, "sellingAndMarketingExpenses": 0, "sellingGeneralAndAdministrativeExpenses": 148433000, "otherExpenses": 680000, "operatingExpenses": 164771000, "costAndExpenses": 601689000, "interestIncome": 0, "interestExpense": 4578000, "depreciationAndAmortization": 32229000, "ebitda": 116960000, "ebitdaratio": 0.1705602707, "operatingIncome": 84051000, "operatingIncomeRatio": 0.1225697786, "totalOtherIncomeExpensesNet": 680000, "incomeBeforeTax": 80153000, "incomeBeforeTaxRatio": 0.1168854085, "incomeTaxExpense": 26450000, "netIncome": 53703000, "netIncomeRatio": 0.0783139382, "eps": 2.08, "epsdiluted": 2.07, "weightedAverageShsOut": 25833202, "weightedAverageShsOutDil": 25995000, "link": "https://www.sec.gov/Archives/edgar/data/866706/000114420417061284/0001144204-17-061284-index.htm", "finalLink": "https://www.sec.gov/Archives/edgar/data/866706/000114420417061284/tv479436_10k.htm", "calculatedOtherExpenses": 838000, "calculatedOperatingExpenses": 164771000, "calculatedNetInterest": -4578000, "calculatedOtherIncome": 680000, "calculatedIncomeNonControlling": 0, "calculatedEbitda": 116280000}, {"date": "2016-09-30", "symbol": "ESE", "reportedCurrency": "USD", "cik": "0000866706", "fillingDate": "2016-11-29", "acceptedDate": "2016-11-29 13:55:10", "calendarYear": "2016", "period": "FY", "revenue": 571459000, "costOfRevenue": 350807000, "grossProfit": 220652000, "grossProfitRatio": 0.3861204391, "researchAndDevelopmentExpenses": 12863000, "generalAndAdministrativeExpenses": 0, "sellingAndMarketingExpenses": 0, "sellingGeneralAndAdministrativeExpenses": 131493000, "otherExpenses": -7801000, "operatingExpenses": 143123000, "costAndExpenses": 493930000, "interestIncome": 0, "interestExpense": 1308000, "depreciationAndAmortization": 23568000, "ebitda": 93296000, "ebitdaratio": 0.1632593064, "operatingIncome": 77529000, "operatingIncomeRatio": 0.1356685257, "totalOtherIncomeExpensesNet": -7801000, "incomeBeforeTax": 68420000, "incomeBeforeTaxRatio": 0.1197286245, "incomeTaxExpense": 22538000, "netIncome": 45882000, "netIncomeRatio": 0.0802892246, "eps": 1.78, "epsdiluted": 1.77, "weightedAverageShsOut": 25716861, "weightedAverageShsOutDil": 25968000, "link": "https://www.sec.gov/Archives/edgar/data/866706/000114420416136902/0001144204-16-136902-index.htm", "finalLink": "https://www.sec.gov/Archives/edgar/data/866706/000114420416136902/v452945_10k.htm", "calculatedOtherExpenses": -1233000, "calculatedOperatingExpenses": 143123000, "calculatedNetInterest": -1308000, "calculatedOtherIncome": -7801000, "calculatedIncomeNonControlling": 0, "calculatedEbitda": 101097000}, {"date": "2015-09-30", "symbol": "ESE", "reportedCurrency": "USD", "cik": "0000866706", "fillingDate": "2015-11-30", "acceptedDate": "2015-11-30 17:27:00", "calendarYear": "2015", "period": "FY", "revenue": 537291000, "costOfRevenue": 334850000, "grossProfit": 202441000, "grossProfitRatio": 0.376780925, "researchAndDevelopmentExpenses": 31700000, "generalAndAdministrativeExpenses": 0, "sellingAndMarketingExpenses": 0, "sellingGeneralAndAdministrativeExpenses": 130166000, "otherExpenses": -1119000, "operatingExpenses": 139016000, "costAndExpenses": 473866000, "interestIncome": 0, "interestExpense": 785000, "depreciationAndAmortization": 18584000, "ebitda": 80890000, "ebitdaratio": 0.1505515633, "operatingIncome": 63425000, "operatingIncomeRatio": 0.1180459006, "totalOtherIncomeExpensesNet": -1119000, "incomeBeforeTax": 61521000, "incomeBeforeTaxRatio": 0.1145021971, "incomeTaxExpense": 19785000, "netIncome": 42512000, "netIncomeRatio": 0.0791228589, "eps": 1.65, "epsdiluted": 1.62, "weightedAverageShsOut": 25816650, "weightedAverageShsOutDil": 26265000, "link": "https://www.sec.gov/Archives/edgar/data/866706/000114420415068633/0001144204-15-068633-index.htm", "finalLink": "https://www.sec.gov/Archives/edgar/data/866706/000114420415068633/v425058_10k.htm", "calculatedOtherExpenses": -22850000, "calculatedOperatingExpenses": 139016000, "calculatedNetInterest": -785000, "calculatedOtherIncome": -1119000, "calculatedIncomeNonControlling": -776000, "calculatedEbitda": 82009000}, {"date": "2014-09-30", "symbol": "ESE", "reportedCurrency": "USD", "cik": "0000866706", "fillingDate": "2014-11-26", "acceptedDate": "2014-11-26 14:24:58", "calendarYear": "2014", "period": "FY", "revenue": 531120000, "costOfRevenue": 323939000, "grossProfit": 207181000, "grossProfitRatio": 0.3900832204, "researchAndDevelopmentExpenses": 40950000, "generalAndAdministrativeExpenses": 0, "sellingAndMarketingExpenses": 0, "sellingGeneralAndAdministrativeExpenses": 134899000, "otherExpenses": -1764000, "operatingExpenses": 141643000, "costAndExpenses": 465582000, "interestIncome": 0, "interestExpense": 1567000, "depreciationAndAmortization": 16362000, "ebitda": 80136000, "ebitdaratio": 0.1508811568, "operatingIncome": 65538000, "operatingIncomeRatio": 0.1233958427, "totalOtherIncomeExpensesNet": -1764000, "incomeBeforeTax": 62207000, "incomeBeforeTaxRatio": 0.1171241904, "incomeTaxExpense": 19594000, "netIncome": 410000, "netIncomeRatio": 0.0007719536, "eps": 0.0156, "epsdiluted": 0.0156, "weightedAverageShsOut": 26206980, "weightedAverageShsOutDil": 26644000, "link": "https://www.sec.gov/Archives/edgar/data/866706/000114420414071151/0001144204-14-071151-index.htm", "finalLink": "https://www.sec.gov/Archives/edgar/data/866706/000114420414071151/v394005_10k.htm", "calculatedOtherExpenses": -34206000, "calculatedOperatingExpenses": 141643000, "calculatedNetInterest": -1567000, "calculatedOtherIncome": -1764000, "calculatedIncomeNonControlling": 42203000, "calculatedEbitda": 81900000}, {"date": "2013-09-30", "symbol": "ESE", "reportedCurrency": "USD", "cik": "0000866706", "fillingDate": "2013-11-27", "acceptedDate": "2013-11-27 15:36:31", "calendarYear": "2013", "period": "FY", "revenue": 490079000, "costOfRevenue": 295863000, "grossProfit": 194216000, "grossProfitRatio": 0.3962952912, "researchAndDevelopmentExpenses": 35433000, "generalAndAdministrativeExpenses": 0, "sellingAndMarketingExpenses": 0, "sellingGeneralAndAdministrativeExpenses": 129809000, "otherExpenses": -5940000, "operatingExpenses": 135988000, "costAndExpenses": 431851000, "interestIncome": 0, "interestExpense": 2693000, "depreciationAndAmortization": 6179000, "ebitda": 58467000, "ebitdaratio": 0.1193011739, "operatingIncome": 58228000, "operatingIncomeRatio": 0.1188134974, "totalOtherIncomeExpensesNet": -5940000, "incomeBeforeTax": 49595000, "incomeBeforeTaxRatio": 0.1011979701, "incomeTaxExpense": 18335000, "netIncome": 31260000, "netIncomeRatio": 0.0637856346, "eps": 1.18, "epsdiluted": 1.17, "weightedAverageShsOut": 26440097, "weightedAverageShsOutDil": 26802000, "link": "https://www.sec.gov/Archives/edgar/data/866706/000114420413064584/0001144204-13-064584-index.htm", "finalLink": "https://www.sec.gov/Archives/edgar/data/866706/000114420413064584/v360186_10k.htm", "calculatedOtherExpenses": -29254000, "calculatedOperatingExpenses": 135988000, "calculatedNetInterest": -2693000, "calculatedOtherIncome": -5940000, "calculatedIncomeNonControlling": 0, "calculatedEbitda": 64407000}, {"date": "2012-09-30", "symbol": "ESE", "reportedCurrency": "USD", "cik": "0000866706", "fillingDate": "2012-11-29", "acceptedDate": "2012-11-29 13:41:04", "calendarYear": "2012", "period": "FY", "revenue": 688403000, "costOfRevenue": 418879000, "grossProfit": 269524000, "grossProfitRatio": 0.3915206645, "researchAndDevelopmentExpenses": 35681000, "generalAndAdministrativeExpenses": 0, "sellingAndMarketingExpenses": 0, "sellingGeneralAndAdministrativeExpenses": 186079000, "otherExpenses": 13322000, "operatingExpenses": 195500000, "costAndExpenses": 614379000, "interestIncome": 0, "interestExpense": 2340000, "depreciationAndAmortization": 24782000, "ebitda": 98806000, "ebitdaratio": 0.143529299, "operatingIncome": 70123000, "operatingIncomeRatio": 0.1018632981, "totalOtherIncomeExpensesNet": 3901000, "incomeBeforeTax": 71684000, "incomeBeforeTaxRatio": 0.1041308652, "incomeTaxExpense": 24805000, "netIncome": 46879000, "netIncomeRatio": 0.0680981925, "eps": 1.76, "epsdiluted": 1.73, "weightedAverageShsOut": 26699000, "weightedAverageShsOutDil": 27030000, "link": "https://www.sec.gov/Archives/edgar/data/866706/000114420412065486/0001144204-12-065486-index.htm", "finalLink": "https://www.sec.gov/Archives/edgar/data/866706/000114420412065486/v326756_10k.htm", "calculatedOtherExpenses": -22359000, "calculatedOperatingExpenses": 199401000, "calculatedNetInterest": -2340000, "calculatedOtherIncome": 3901000, "calculatedIncomeNonControlling": 0, "calculatedEbitda": 94905000}, {"date": "2011-09-30", "symbol": "ESE", "reportedCurrency": "USD", "cik": "0000866706", "fillingDate": "2011-11-29", "acceptedDate": "2011-11-29 11:27:48", "calendarYear": "2011", "period": "FY", "revenue": 693711000, "costOfRevenue": 424846000, "grossProfit": 268865000, "grossProfitRatio": 0.3875749411, "researchAndDevelopmentExpenses": 0, "generalAndAdministrativeExpenses": 0, "sellingAndMarketingExpenses": 0, "sellingGeneralAndAdministrativeExpenses": 182530000, "otherExpenses": 6884000, "operatingExpenses": 189414000, "costAndExpenses": 614260000, "interestIncome": 0, "interestExpense": 2493000, "depreciationAndAmortization": 23521000, "ebitda": 102972000, "ebitdaratio": 0.1484364526, "operatingIncome": 79451000, "operatingIncomeRatio": 0.1145304024, "totalOtherIncomeExpensesNet": -2493000, "incomeBeforeTax": 76958000, "incomeBeforeTaxRatio": 0.1109366869, "incomeTaxExpense": 24457000, "netIncome": 52501000, "netIncomeRatio": 0.0756813716, "eps": 1.97, "epsdiluted": 1.95, "weightedAverageShsOut": 26588000, "weightedAverageShsOutDil": 26903000, "link": "https://www.sec.gov/Archives/edgar/data/866706/000119312511323960/0001193125-11-323960-index.htm", "finalLink": "https://www.sec.gov/Archives/edgar/data/866706/000119312511323960/d258274d10k.htm", "calculatedOtherExpenses": 6884000, "calculatedOperatingExpenses": 189414000, "calculatedNetInterest": -2493000, "calculatedOtherIncome": 0, "calculatedIncomeNonControlling": 0, "calculatedEbitda": 102972000}, {"date": "2010-09-30", "symbol": "ESE", "reportedCurrency": "USD", "cik": "0000866706", "fillingDate": "2010-11-29", "acceptedDate": "2010-11-29 14:52:50", "calendarYear": "2010", "period": "FY", "revenue": 607493000, "costOfRevenue": 361942000, "grossProfit": 245551000, "grossProfitRatio": 0.4042038344, "researchAndDevelopmentExpenses": 0, "generalAndAdministrativeExpenses": 0, "sellingAndMarketingExpenses": 0, "sellingGeneralAndAdministrativeExpenses": 157348000, "otherExpenses": 11633000, "operatingExpenses": 171909000, "costAndExpenses": 533851000, "interestIncome": 0, "interestExpense": 3977000, "depreciationAndAmortization": 22137000, "ebitda": 95779000, "ebitdaratio": 0.157662722, "operatingIncome": 76570000, "operatingIncomeRatio": 0.1260426046, "totalOtherIncomeExpensesNet": -2928000, "incomeBeforeTax": 69665000, "incomeBeforeTaxRatio": 0.1146762185, "incomeTaxExpense": 24819000, "netIncome": 44846000, "netIncomeRatio": 0.0738214267, "eps": 1.7, "epsdiluted": 1.68, "weightedAverageShsOut": 26450000, "weightedAverageShsOutDil": 26738000, "link": "https://www.sec.gov/Archives/edgar/data/866706/000095012310109256/0000950123-10-109256-index.htm", "finalLink": "https://www.sec.gov/Archives/edgar/data/866706/000095012310109256/c61491e10vk.htm", "calculatedOtherExpenses": 11633000, "calculatedOperatingExpenses": 168981000, "calculatedNetInterest": -3977000, "calculatedOtherIncome": -2928000, "calculatedIncomeNonControlling": 0, "calculatedEbitda": 98707000}, {"date": "2009-09-30", "symbol": "ESE", "reportedCurrency": "USD", "cik": "0000866706", "fillingDate": "2009-11-30", "acceptedDate": "2009-11-30 11:52:30", "calendarYear": "2009", "period": "FY", "revenue": 619064000, "costOfRevenue": 372351000, "grossProfit": 246713000, "grossProfitRatio": 0.398525839, "researchAndDevelopmentExpenses": 0, "generalAndAdministrativeExpenses": 0, "sellingAndMarketingExpenses": 0, "sellingGeneralAndAdministrativeExpenses": 152397000, "otherExpenses": 23694000, "operatingExpenses": 176091000, "costAndExpenses": 548442000, "interestIncome": 0, "interestExpense": 7450000, "depreciationAndAmortization": 30267000, "ebitda": 100889000, "ebitdaratio": 0.162970226, "operatingIncome": 70622000, "operatingIncomeRatio": 0.1140786736, "totalOtherIncomeExpensesNet": -7450000, "incomeBeforeTax": 63172000, "incomeBeforeTaxRatio": 0.1020443767, "incomeTaxExpense": 13867000, "netIncome": 49408000, "netIncomeRatio": 0.0798108112, "eps": 1.88, "epsdiluted": 1.86, "weightedAverageShsOut": 26216000, "weightedAverageShsOutDil": 26560000, "link": "https://www.sec.gov/Archives/edgar/data/866706/000095012309066655/0000950123-09-066655-index.htm", "finalLink": "https://www.sec.gov/Archives/edgar/data/866706/000095012309066655/c54835e10vk.htm", "calculatedOtherExpenses": 23694000, "calculatedOperatingExpenses": 176091000, "calculatedNetInterest": -7450000, "calculatedOtherIncome": 0, "calculatedIncomeNonControlling": -103000, "calculatedEbitda": 100889000}, {"date": "2008-09-30", "symbol": "ESE", "reportedCurrency": "USD", "cik": "0000866706", "fillingDate": "2008-12-01", "acceptedDate": "2008-12-01 17:25:57", "calendarYear": "2008", "period": "FY", "revenue": 623817000, "costOfRevenue": 374098000, "grossProfit": 249719000, "grossProfitRatio": 0.4003081032, "researchAndDevelopmentExpenses": 0, "generalAndAdministrativeExpenses": 0, "sellingAndMarketingExpenses": 0, "sellingGeneralAndAdministrativeExpenses": 151173000, "otherExpenses": 17570000, "operatingExpenses": 168743000, "costAndExpenses": 542841000, "interestIncome": 0, "interestExpense": 0, "depreciationAndAmortization": 27634000, "ebitda": 108759000, "ebitdaratio": 0.1743443991, "operatingIncome": 80976000, "operatingIncomeRatio": 0.1298072993, "totalOtherIncomeExpensesNet": -149000, "incomeBeforeTax": 71015000, "incomeBeforeTaxRatio": 0.1138394754, "incomeTaxExpense": 23613000, "netIncome": 46711000, "netIncomeRatio": 0.0748793316, "eps": 1.8, "epsdiluted": 1.78, "weightedAverageShsOut": 25909000, "weightedAverageShsOutDil": 26315000, "link": "https://www.sec.gov/Archives/edgar/data/866706/000095013708014173/0000950137-08-014173-index.htm", "finalLink": "https://www.sec.gov/Archives/edgar/data/866706/000095013708014173/c47937e10vk.htm", "calculatedOtherExpenses": 17570000, "calculatedOperatingExpenses": 168743000, "calculatedNetInterest": 0, "calculatedOtherIncome": -9961000, "calculatedIncomeNonControlling": 691000, "calculatedEbitda": 108610000}, {"date": "2007-09-30", "symbol": "ESE", "reportedCurrency": "USD", "cik": "0000866706", "fillingDate": "2007-11-29", "acceptedDate": "2007-11-29 17:20:19", "calendarYear": "2007", "period": "FY", "revenue": 527537000, "costOfRevenue": 349891000, "grossProfit": 177646000, "grossProfitRatio": 0.3367460481, "researchAndDevelopmentExpenses": 0, "generalAndAdministrativeExpenses": 0, "sellingAndMarketingExpenses": 0, "sellingGeneralAndAdministrativeExpenses": 122502000, "otherExpenses": 10705000, "operatingExpenses": 133207000, "costAndExpenses": 483098000, "interestIncome": 0, "interestExpense": 0, "depreciationAndAmortization": 22176000, "ebitda": 69070000, "ebitdaratio": 0.130929205, "operatingIncome": 44439000, "operatingIncomeRatio": 0.0842386411, "totalOtherIncomeExpensesNet": -2455000, "incomeBeforeTax": 42728000, "incomeBeforeTaxRatio": 0.0809952667, "incomeTaxExpense": 9015000, "netIncome": 33713000, "netIncomeRatio": 0.0639064179, "eps": 1.3, "epsdiluted": 1.28, "weightedAverageShsOut": 25865000, "weightedAverageShsOutDil": 26387000, "link": "https://www.sec.gov/Archives/edgar/data/866706/000095013707018004/0000950137-07-018004-index.htm", "finalLink": "https://www.sec.gov/Archives/edgar/data/866706/000095013707018004/c21885e10vk.htm", "calculatedOtherExpenses": 10705000, "calculatedOperatingExpenses": 133207000, "calculatedNetInterest": 0, "calculatedOtherIncome": -1711000, "calculatedIncomeNonControlling": 0, "calculatedEbitda": 66615000}, {"date": "2006-09-30", "symbol": "ESE", "reportedCurrency": "USD", "cik": "0000866706", "fillingDate": "2006-12-13", "acceptedDate": "2006-12-13 15:12:52", "calendarYear": "2006", "period": "FY", "revenue": 458865000, "costOfRevenue": 300309000, "grossProfit": 158556000, "grossProfitRatio": 0.3455395378, "researchAndDevelopmentExpenses": 0, "generalAndAdministrativeExpenses": 0, "sellingAndMarketingExpenses": 0, "sellingGeneralAndAdministrativeExpenses": 106882000, "otherExpenses": 6872000, "operatingExpenses": 113754000, "costAndExpenses": 414063000, "interestIncome": 0, "interestExpense": 0, "depreciationAndAmortization": 17303000, "ebitda": 59291000, "ebitdaratio": 0.1292122956, "operatingIncome": 44802000, "operatingIncomeRatio": 0.0976365598, "totalOtherIncomeExpensesNet": 2814000, "incomeBeforeTax": 48902000, "incomeBeforeTaxRatio": 0.1065716496, "incomeTaxExpense": 17622000, "netIncome": 31280000, "netIncomeRatio": 0.0681681976, "eps": 1.22, "epsdiluted": 1.19, "weightedAverageShsOut": 25718000, "weightedAverageShsOutDil": 26386000, "link": "https://www.sec.gov/Archives/edgar/data/866706/000095013706013594/0000950137-06-013594-index.htm", "finalLink": "https://www.sec.gov/Archives/edgar/data/866706/000095013706013594/c10607e10vk.htm", "calculatedOtherExpenses": 6872000, "calculatedOperatingExpenses": 113754000, "calculatedNetInterest": 0, "calculatedOtherIncome": 4100000, "calculatedIncomeNonControlling": 0, "calculatedEbitda": 62105000}, {"date": "2005-09-30", "symbol": "ESE", "reportedCurrency": "USD", "cik": "0000866706", "fillingDate": "2005-12-14", "acceptedDate": "2005-12-13 19:13:49", "calendarYear": "2005", "period": "FY", "revenue": 429115000, "costOfRevenue": 282113000, "grossProfit": 147002000, "grossProfitRatio": 0.3425701735, "researchAndDevelopmentExpenses": 0, "generalAndAdministrativeExpenses": 0, "sellingAndMarketingExpenses": 0, "sellingGeneralAndAdministrativeExpenses": 84814000, "otherExpenses": 0, "operatingExpenses": 84814000, "costAndExpenses": 366927000, "interestIncome": 0, "interestExpense": 0, "depreciationAndAmortization": 12184000, "ebitda": 74553000, "ebitdaratio": 0.173736644, "operatingIncome": 62188000, "operatingIncomeRatio": 0.1449215245, "totalOtherIncomeExpensesNet": -181000, "incomeBeforeTax": 63907000, "incomeBeforeTaxRatio": 0.1489274437, "incomeTaxExpense": 20363000, "netIncome": 43544000, "netIncomeRatio": 0.1014739639, "eps": 1.71, "epsdiluted": 1.66, "weightedAverageShsOut": 25464327, "weightedAverageShsOutDil": 26231325, "link": "https://www.sec.gov/Archives/edgar/data/866706/000095013705014896/0000950137-05-014896-index.htm", "finalLink": "https://www.sec.gov/Archives/edgar/data/866706/000095013705014896/c00569e10vk.htm", "calculatedOtherExpenses": 0, "calculatedOperatingExpenses": 84814000, "calculatedNetInterest": 0, "calculatedOtherIncome": 1719000, "calculatedIncomeNonControlling": 0, "calculatedEbitda": 74372000}, {"date": "2004-09-30", "symbol": "ESE", "reportedCurrency": "USD", "cik": "0000866706", "fillingDate": "2004-12-14", "acceptedDate": "2004-12-14 16:34:36", "calendarYear": "2004", "period": "FY", "revenue": 422085000, "costOfRevenue": 282766000, "grossProfit": 139319000, "grossProfitRatio": 0.3300733265, "researchAndDevelopmentExpenses": 0, "generalAndAdministrativeExpenses": 0, "sellingAndMarketingExpenses": 0, "sellingGeneralAndAdministrativeExpenses": 78023000, "otherExpenses": 0, "operatingExpenses": 78023000, "costAndExpenses": 360789000, "interestIncome": 0, "interestExpense": 0, "depreciationAndAmortization": 11888000, "ebitda": 74760000, "ebitdaratio": 0.1771207221, "operatingIncome": 61296000, "operatingIncomeRatio": 0.145221934, "totalOtherIncomeExpensesNet": -1576000, "incomeBeforeTax": 60564000, "incomeBeforeTaxRatio": 0.1434876861, "incomeTaxExpense": 22748000, "netIncome": 35671000, "netIncomeRatio": 0.0845114136, "eps": 1.38, "epsdiluted": 1.34, "weightedAverageShsOut": 25803000, "weightedAverageShsOutDil": 26648000, "link": "https://www.sec.gov/Archives/edgar/data/866706/000095013704011030/0000950137-04-011030-index.htm", "finalLink": "https://www.sec.gov/Archives/edgar/data/866706/000095013704011030/c90328e10vk.htm", "calculatedOtherExpenses": 0, "calculatedOperatingExpenses": 78023000, "calculatedNetInterest": 0, "calculatedOtherIncome": -732000, "calculatedIncomeNonControlling": 2145000, "calculatedEbitda": 73184000}, {"date": "2003-09-30", "symbol": "ESE", "reportedCurrency": "USD", "cik": "0000866706", "fillingDate": "2003-12-24", "acceptedDate": "2003-12-23 20:07:41", "calendarYear": "2003", "period": "FY", "revenue": 396687000, "costOfRevenue": 271164000, "grossProfit": 125523000, "grossProfitRatio": 0.3164283175, "researchAndDevelopmentExpenses": 0, "generalAndAdministrativeExpenses": 0, "sellingAndMarketingExpenses": 0, "sellingGeneralAndAdministrativeExpenses": 73185000, "otherExpenses": 0, "operatingExpenses": 73185000, "costAndExpenses": 344349000, "interestIncome": 0, "interestExpense": 0, "depreciationAndAmortization": 13451000, "ebitda": 74981000, "ebitdaratio": 0.1890180419, "operatingIncome": 52338000, "operatingIncomeRatio": 0.1319377746, "totalOtherIncomeExpensesNet": -9192000, "incomeBeforeTax": 43363000, "incomeBeforeTaxRatio": 0.109312884, "incomeTaxExpense": 16625000, "netIncome": -41138000, "netIncomeRatio": -0.1037039278, "eps": -1.62, "epsdiluted": -1.57, "weightedAverageShsOut": 25350000, "weightedAverageShsOutDil": 26256000, "link": "https://www.sec.gov/Archives/edgar/data/866706/000095013703006477/0000950137-03-006477-index.htm", "finalLink": "https://www.sec.gov/Archives/edgar/data/866706/000095013703006477/c81713e10vk.htm", "calculatedOtherExpenses": 0, "calculatedOperatingExpenses": 73185000, "calculatedNetInterest": 0, "calculatedOtherIncome": -8975000, "calculatedIncomeNonControlling": 67876000, "calculatedEbitda": 65789000}, {"date": "2002-09-30", "symbol": "ESE", "reportedCurrency": "USD", "cik": "0000866706", "fillingDate": "2002-12-26", "acceptedDate": "2002-12-26 16:32:00", "calendarYear": "2002", "period": "FY", "revenue": 367525000, "costOfRevenue": 248512000, "grossProfit": 119013000, "grossProfitRatio": 0.3238228692, "researchAndDevelopmentExpenses": 0, "generalAndAdministrativeExpenses": 0, "sellingAndMarketingExpenses": 0, "sellingGeneralAndAdministrativeExpenses": 82329000, "otherExpenses": 0, "operatingExpenses": 82329000, "costAndExpenses": 330841000, "interestIncome": 0, "interestExpense": 0, "depreciationAndAmortization": 12377000, "ebitda": 50823000, "ebitdaratio": 0.1382844704, "operatingIncome": 36684000, "operatingIncomeRatio": 0.0998136181, "totalOtherIncomeExpensesNet": -1762000, "incomeBeforeTax": 34629000, "incomeBeforeTaxRatio": 0.0942221618, "incomeTaxExpense": 12848000, "netIncome": 21781000, "netIncomeRatio": 0.0592639956, "eps": 0.87, "epsdiluted": 0.84, "weightedAverageShsOut": 25022000, "weightedAverageShsOutDil": 26044000, "link": "https://www.sec.gov/Archives/edgar/data/866706/000103570402000648/0001035704-02-000648-index.htm", "finalLink": "https://www.sec.gov/Archives/edgar/data/866706/000103570402000648/c73728e10vk.txt", "calculatedOtherExpenses": 0, "calculatedOperatingExpenses": 82329000, "calculatedNetInterest": 0, "calculatedOtherIncome": -2055000, "calculatedIncomeNonControlling": 0, "calculatedEbitda": 49061000}, {"date": "2001-09-30", "symbol": "ESE", "reportedCurrency": "USD", "cik": "0000866706", "fillingDate": "2001-12-21", "acceptedDate": "2001-12-21 00:00:00", "calendarYear": "2001", "period": "FY", "revenue": 344904000, "costOfRevenue": 236526000, "grossProfit": 108378000, "grossProfitRatio": 0.3142265674, "researchAndDevelopmentExpenses": 0, "generalAndAdministrativeExpenses": 0, "sellingAndMarketingExpenses": 0, "sellingGeneralAndAdministrativeExpenses": 71537000, "otherExpenses": 0, "operatingExpenses": 71537000, "costAndExpenses": 308063000, "interestIncome": 0, "interestExpense": 0, "depreciationAndAmortization": 15100000, "ebitda": 61379000, "ebitdaratio": 0.1779596641, "operatingIncome": 36841000, "operatingIncomeRatio": 0.1068152297, "totalOtherIncomeExpensesNet": -9438000, "incomeBeforeTax": 27273000, "incomeBeforeTaxRatio": 0.0790741772, "incomeTaxExpense": -2834000, "netIncome": 30107000, "netIncomeRatio": 0.0872909563, "eps": 1.22, "epsdiluted": 1.18, "weightedAverageShsOut": 24677869, "weightedAverageShsOutDil": 25514407, "link": "https://www.sec.gov/Archives/edgar/data/866706/000095013401509784/0000950134-01-509784-index.htm", "finalLink": "https://www.sec.gov/Archives/edgar/data/866706/000095013401509784/c66668e10-k.txt", "calculatedOtherExpenses": 0, "calculatedOperatingExpenses": 71537000, "calculatedNetInterest": 0, "calculatedOtherIncome": -9568000, "calculatedIncomeNonControlling": 0, "calculatedEbitda": 51941000}, {"date": "2000-09-30", "symbol": "ESE", "reportedCurrency": "USD", "cik": "0000866706", "fillingDate": "2000-12-22", "acceptedDate": "2000-12-22 00:00:00", "calendarYear": "2000", "period": "FY", "revenue": 300157000, "costOfRevenue": 194078000, "grossProfit": 106079000, "grossProfitRatio": 0.3534117145, "researchAndDevelopmentExpenses": 0, "generalAndAdministrativeExpenses": 0, "sellingAndMarketingExpenses": 0, "sellingGeneralAndAdministrativeExpenses": 61819000, "otherExpenses": 14185000, "operatingExpenses": 76004000, "costAndExpenses": 270082000, "interestIncome": 0, "interestExpense": 0, "depreciationAndAmortization": 14185000, "ebitda": 49240000, "ebitdaratio": 0.1640474818, "operatingIncome": 30075000, "operatingIncomeRatio": 0.1001975633, "totalOtherIncomeExpensesNet": -4980000, "incomeBeforeTax": 24736000, "incomeBeforeTaxRatio": 0.0824102053, "incomeTaxExpense": 7917000, "netIncome": 16819000, "netIncomeRatio": 0.0560340089, "eps": 0.69, "epsdiluted": 0.67, "weightedAverageShsOut": 24614000, "weightedAverageShsOutDil": 25336000, "link": "https://www.sec.gov/Archives/edgar/data/866706/000095012400007631/0000950124-00-007631-index.htm", "finalLink": "https://www.sec.gov/Archives/edgar/data/866706/000095012400007631/c59218e10-k405.txt", "calculatedOtherExpenses": 14185000, "calculatedOperatingExpenses": 76004000, "calculatedNetInterest": 0, "calculatedOtherIncome": -5339000, "calculatedIncomeNonControlling": 0, "calculatedEbitda": 44260000}, {"date": "1999-09-30", "symbol": "ESE", "reportedCurrency": "USD", "cik": "0000866706", "fillingDate": "1999-12-23", "acceptedDate": "1999-12-23 00:00:00", "calendarYear": "1999", "period": "FY", "revenue": 416100000, "costOfRevenue": 304600000, "grossProfit": 111500000, "grossProfitRatio": 0.2679644316, "researchAndDevelopmentExpenses": 0, "generalAndAdministrativeExpenses": 0, "sellingAndMarketingExpenses": 0, "sellingGeneralAndAdministrativeExpenses": 74400000, "otherExpenses": 17000000, "operatingExpenses": 91400000, "costAndExpenses": 396000000, "interestIncome": 0, "interestExpense": 0, "depreciationAndAmortization": 17000000, "ebitda": -12800000, "ebitdaratio": -0.0307618361, "operatingIncome": 20100000, "operatingIncomeRatio": 0.0483056957, "totalOtherIncomeExpensesNet": 49900000, "incomeBeforeTax": 63500000, "incomeBeforeTaxRatio": 0.1526075463, "incomeTaxExpense": 13000000, "netIncome": 25500000, "netIncomeRatio": 0.0612833453, "eps": 1.03, "epsdiluted": 1.01, "weightedAverageShsOut": 24664000, "weightedAverageShsOutDil": 25228000, "link": "https://www.sec.gov/Archives/edgar/data/866706/000095013799004629/0000950137-99-004629-index.html", "finalLink": "https://www.sec.gov/Archives/edgar/data/866706/000095013799004629/", "calculatedOtherExpenses": 17000000, "calculatedOperatingExpenses": 91400000, "calculatedNetInterest": 0, "calculatedOtherIncome": 43400000, "calculatedIncomeNonControlling": 25000000, "calculatedEbitda": 37100000}, {"date": "1998-09-30", "symbol": "ESE", "reportedCurrency": "USD", "cik": "0000866706", "fillingDate": "1998-12-22", "acceptedDate": "1998-12-22 00:00:00", "calendarYear": "1998", "period": "FY", "revenue": 365000000, "costOfRevenue": 252400000, "grossProfit": 112600000, "grossProfitRatio": 0.3084931507, "researchAndDevelopmentExpenses": 0, "generalAndAdministrativeExpenses": 0, "sellingAndMarketingExpenses": 0, "sellingGeneralAndAdministrativeExpenses": 68300000, "otherExpenses": 17500000, "operatingExpenses": 85800000, "costAndExpenses": 338200000, "interestIncome": 0, "interestExpense": 0, "depreciationAndAmortization": 17500000, "ebitda": 47200000, "ebitdaratio": 0.1293150685, "operatingIncome": 26800000, "operatingIncomeRatio": 0.0734246575, "totalOtherIncomeExpensesNet": -2900000, "incomeBeforeTax": 16400000, "incomeBeforeTaxRatio": 0.0449315068, "incomeTaxExpense": 5100000, "netIncome": 11300000, "netIncomeRatio": 0.0309589041, "eps": 0.47, "epsdiluted": 0.45, "weightedAverageShsOut": 24030000, "weightedAverageShsOutDil": 25100000, "link": "https://www.sec.gov/Archives/edgar/data/866706/000095012498007626/0000950124-98-007626-index.html", "finalLink": "https://www.sec.gov/Archives/edgar/data/866706/", "calculatedOtherExpenses": 17500000, "calculatedOperatingExpenses": 85800000, "calculatedNetInterest": 0, "calculatedOtherIncome": -10400000, "calculatedIncomeNonControlling": 0, "calculatedEbitda": 44300000}, {"date": "1997-09-30", "symbol": "ESE", "reportedCurrency": "USD", "cik": "0000866706", "fillingDate": "1997-12-23", "acceptedDate": "1997-12-23 00:00:00", "calendarYear": "1997", "period": "FY", "revenue": 378500000, "costOfRevenue": 272400000, "grossProfit": 106100000, "grossProfitRatio": 0.280317041, "researchAndDevelopmentExpenses": 0, "generalAndAdministrativeExpenses": 0, "sellingAndMarketingExpenses": 0, "sellingGeneralAndAdministrativeExpenses": 64100000, "otherExpenses": 14400000, "operatingExpenses": 78500000, "costAndExpenses": 350900000, "interestIncome": 0, "interestExpense": 0, "depreciationAndAmortization": 14400000, "ebitda": 46500000, "ebitdaratio": 0.1228533686, "operatingIncome": 27600000, "operatingIncomeRatio": 0.0729194188, "totalOtherIncomeExpensesNet": -4500000, "incomeBeforeTax": 17900000, "incomeBeforeTaxRatio": 0.0472919419, "incomeTaxExpense": 6100000, "netIncome": 11800000, "netIncomeRatio": 0.0311756935, "eps": 0.5, "epsdiluted": 0.48, "weightedAverageShsOut": 23600000, "weightedAverageShsOutDil": 24583333, "link": "https://www.sec.gov/Archives/edgar/data/866706/0000950137-97-004130-index.html", "finalLink": "https://www.sec.gov/Archives/edgar/data/866706/0000950137-97-004130.txt", "calculatedOtherExpenses": 14400000, "calculatedOperatingExpenses": 78500000, "calculatedNetInterest": 0, "calculatedOtherIncome": -9700000, "calculatedIncomeNonControlling": 0, "calculatedEbitda": 42000000}, {"date": "1996-09-30", "symbol": "ESE", "reportedCurrency": "USD", "cik": "0000866706", "fillingDate": "1996-12-16", "acceptedDate": "1996-12-16 00:00:00", "calendarYear": "1996", "period": "FY", "revenue": 438500000, "costOfRevenue": 353200000, "grossProfit": 85300000, "grossProfitRatio": 0.1945267959, "researchAndDevelopmentExpenses": 0, "generalAndAdministrativeExpenses": 0, "sellingAndMarketingExpenses": 0, "sellingGeneralAndAdministrativeExpenses": 70500000, "otherExpenses": 13500000, "operatingExpenses": 84000000, "costAndExpenses": 437200000, "interestIncome": 0, "interestExpense": 0, "depreciationAndAmortization": 13500000, "ebitda": -3400000, "ebitdaratio": -0.0077537058, "operatingIncome": 1300000, "operatingIncomeRatio": 0.0029646522, "totalOtherIncomeExpensesNet": 18200000, "incomeBeforeTax": 14700000, "incomeBeforeTaxRatio": 0.0335233751, "incomeTaxExpense": -11400000, "netIncome": 26100000, "netIncomeRatio": 0.0595210946, "eps": 1.13, "epsdiluted": 1.13, "weightedAverageShsOut": 23097345, "weightedAverageShsOutDil": 23200000, "link": "https://www.sec.gov/Archives/edgar/data/866706/000095011496000342/0000950114-96-000342-index.html", "finalLink": "https://www.sec.gov/Archives/edgar/data/866706/", "calculatedOtherExpenses": 13500000, "calculatedOperatingExpenses": 84000000, "calculatedNetInterest": 0, "calculatedOtherIncome": 13400000, "calculatedIncomeNonControlling": 0, "calculatedEbitda": 14800000}, {"date": "1995-09-30", "symbol": "ESE", "reportedCurrency": "USD", "cik": "0000866706", "fillingDate": "1995-09-30", "acceptedDate": "1995-09-29 20:00:00", "calendarYear": "1995", "period": "FY", "revenue": 441000000, "costOfRevenue": 330800000, "grossProfit": 110200000, "grossProfitRatio": 0.2498866213, "researchAndDevelopmentExpenses": 0, "generalAndAdministrativeExpenses": 0, "sellingAndMarketingExpenses": 0, "sellingGeneralAndAdministrativeExpenses": 74200000, "otherExpenses": 14000000, "operatingExpenses": 88200000, "costAndExpenses": 419000000, "interestIncome": 0, "interestExpense": 0, "depreciationAndAmortization": 14000000, "ebitda": 82100000, "ebitdaratio": 0.1861678005, "operatingIncome": 22000000, "operatingIncomeRatio": 0.0498866213, "totalOtherIncomeExpensesNet": -46100000, "incomeBeforeTax": -29500000, "incomeBeforeTaxRatio": -0.066893424, "incomeTaxExpense": 800000, "netIncome": -30300000, "netIncomeRatio": -0.068707483, "eps": -1.38, "epsdiluted": -1.38, "weightedAverageShsOut": 21956522, "weightedAverageShsOutDil": 21956522, "link": "", "finalLink": "", "calculatedOtherExpenses": 14000000, "calculatedOperatingExpenses": 88200000, "calculatedNetInterest": 0, "calculatedOtherIncome": -51500000, "calculatedIncomeNonControlling": 0, "calculatedEbitda": 36000000}, {"date": "1994-09-30", "symbol": "ESE", "reportedCurrency": "USD", "cik": "0000866706", "fillingDate": "1994-09-30", "acceptedDate": "1994-09-29 20:00:00", "calendarYear": "1994", "period": "FY", "revenue": 473900000, "costOfRevenue": 359900000, "grossProfit": 114000000, "grossProfitRatio": 0.2405570796, "researchAndDevelopmentExpenses": 0, "generalAndAdministrativeExpenses": 0, "sellingAndMarketingExpenses": 0, "sellingGeneralAndAdministrativeExpenses": 76000000, "otherExpenses": 13700000, "operatingExpenses": 89700000, "costAndExpenses": 449600000, "interestIncome": 0, "interestExpense": 0, "depreciationAndAmortization": 13700000, "ebitda": 46000000, "ebitdaratio": 0.0970668917, "operatingIncome": 24300000, "operatingIncomeRatio": 0.0512766406, "totalOtherIncomeExpensesNet": -8000000, "incomeBeforeTax": 12600000, "incomeBeforeTaxRatio": 0.0265878877, "incomeTaxExpense": 4300000, "netIncome": 8300000, "netIncomeRatio": 0.0175142435, "eps": 0.36, "epsdiluted": 0.36, "weightedAverageShsOut": 23055556, "weightedAverageShsOutDil": 23055556, "link": "", "finalLink": "", "calculatedOtherExpenses": 13700000, "calculatedOperatingExpenses": 89700000, "calculatedNetInterest": 0, "calculatedOtherIncome": -11700000, "calculatedIncomeNonControlling": 0, "calculatedEbitda": 38000000}, {"date": "1993-09-30", "symbol": "ESE", "reportedCurrency": "USD", "cik": "0000866706", "fillingDate": "1993-09-30", "acceptedDate": "1993-09-29 20:00:00", "calendarYear": "1993", "period": "FY", "revenue": 459700000, "costOfRevenue": 343300000, "grossProfit": 116400000, "grossProfitRatio": 0.2532086143, "researchAndDevelopmentExpenses": 0, "generalAndAdministrativeExpenses": 0, "sellingAndMarketingExpenses": 0, "sellingGeneralAndAdministrativeExpenses": 76600000, "otherExpenses": 19900000, "operatingExpenses": 96500000, "costAndExpenses": 439800000, "interestIncome": 0, "interestExpense": 0, "depreciationAndAmortization": 19900000, "ebitda": 50800000, "ebitdaratio": 0.1105068523, "operatingIncome": 19900000, "operatingIncomeRatio": 0.0432891016, "totalOtherIncomeExpensesNet": -11000000, "incomeBeforeTax": 6400000, "incomeBeforeTaxRatio": 0.0139221231, "incomeTaxExpense": 1200000, "netIncome": 5200000, "netIncomeRatio": 0.011311725, "eps": 0.24, "epsdiluted": 0.23, "weightedAverageShsOut": 22127660, "weightedAverageShsOutDil": 22608696, "link": "", "finalLink": "", "calculatedOtherExpenses": 19900000, "calculatedOperatingExpenses": 96500000, "calculatedNetInterest": 0, "calculatedOtherIncome": -13500000, "calculatedIncomeNonControlling": 0, "calculatedEbitda": 39800000}, {"date": "1992-09-30", "symbol": "ESE", "reportedCurrency": "USD", "cik": "0000866706", "fillingDate": "1992-09-30", "acceptedDate": "1992-09-29 20:00:00", "calendarYear": "1992", "period": "FY", "revenue": 406300000, "costOfRevenue": 303700000, "grossProfit": 102600000, "grossProfitRatio": 0.2525227664, "researchAndDevelopmentExpenses": 0, "generalAndAdministrativeExpenses": 0, "sellingAndMarketingExpenses": 0, "sellingGeneralAndAdministrativeExpenses": 68000000, "otherExpenses": 19600000, "operatingExpenses": 87600000, "costAndExpenses": 391300000, "interestIncome": 0, "interestExpense": 0, "depreciationAndAmortization": 19600000, "ebitda": 46400000, "ebitdaratio": 0.1142013291, "operatingIncome": 15000000, "operatingIncomeRatio": 0.0369185331, "totalOtherIncomeExpensesNet": -11800000, "incomeBeforeTax": 2000000, "incomeBeforeTaxRatio": 0.0049224711, "incomeTaxExpense": 600000, "netIncome": 1400000, "netIncomeRatio": 0.0034457298, "eps": 0.06, "epsdiluted": 0.06, "weightedAverageShsOut": 23333333, "weightedAverageShsOutDil": 23333333, "link": "", "finalLink": "", "calculatedOtherExpenses": 19600000, "calculatedOperatingExpenses": 87600000, "calculatedNetInterest": 0, "calculatedOtherIncome": -13000000, "calculatedIncomeNonControlling": 0, "calculatedEbitda": 34600000}, {"date": "1991-09-30", "symbol": "ESE", "reportedCurrency": "USD", "cik": "0000866706", "fillingDate": "1991-09-30", "acceptedDate": "1991-09-29 20:00:00", "calendarYear": "1991", "period": "FY", "revenue": 481200000, "costOfRevenue": 415500000, "grossProfit": 65700000, "grossProfitRatio": 0.1365336658, "researchAndDevelopmentExpenses": 0, "generalAndAdministrativeExpenses": 0, "sellingAndMarketingExpenses": 0, "sellingGeneralAndAdministrativeExpenses": 80600000, "otherExpenses": 21200000, "operatingExpenses": 101800000, "costAndExpenses": 517300000, "interestIncome": 0, "interestExpense": 0, "depreciationAndAmortization": 21200000, "ebitda": 12000000, "ebitdaratio": 0.0249376559, "operatingIncome": -36100000, "operatingIncomeRatio": -0.0750207814, "totalOtherIncomeExpensesNet": -26900000, "incomeBeforeTax": -66800000, "incomeBeforeTaxRatio": -0.1388196176, "incomeTaxExpense": 600000, "netIncome": -67400000, "netIncomeRatio": -0.1400665004, "eps": -3.02, "epsdiluted": -3.02, "weightedAverageShsOut": 22354892, "weightedAverageShsOutDil": 22354892, "link": "", "finalLink": "", "calculatedOtherExpenses": 21200000, "calculatedOperatingExpenses": 101800000, "calculatedNetInterest": 0, "calculatedOtherIncome": -30700000, "calculatedIncomeNonControlling": 0, "calculatedEbitda": -14900000}, {"date": "1990-09-30", "symbol": "ESE", "reportedCurrency": "USD", "cik": "0000866706", "fillingDate": "1990-09-30", "acceptedDate": "1990-09-29 20:00:00", "calendarYear": "1990", "period": "FY", "revenue": 538400000, "costOfRevenue": 406500000, "grossProfit": 131900000, "grossProfitRatio": 0.2449851412, "researchAndDevelopmentExpenses": 0, "generalAndAdministrativeExpenses": 0, "sellingAndMarketingExpenses": 0, "sellingGeneralAndAdministrativeExpenses": 77600000, "otherExpenses": 21700000, "operatingExpenses": 99300000, "costAndExpenses": 505800000, "interestIncome": 0, "interestExpense": 0, "depreciationAndAmortization": 21700000, "ebitda": 80000000, "ebitdaratio": 0.1485884101, "operatingIncome": 32600000, "operatingIncomeRatio": 0.0605497771, "totalOtherIncomeExpensesNet": -25700000, "incomeBeforeTax": 900000, "incomeBeforeTaxRatio": 0.0016716196, "incomeTaxExpense": 3100000, "netIncome": -2200000, "netIncomeRatio": -0.0040861813, "eps": -0.1, "epsdiluted": -0.1, "weightedAverageShsOut": 22000000, "weightedAverageShsOutDil": 22000000, "link": "", "finalLink": "", "calculatedOtherExpenses": 21700000, "calculatedOperatingExpenses": 99300000, "calculatedNetInterest": 0, "calculatedOtherIncome": -31700000, "calculatedIncomeNonControlling": 0, "calculatedEbitda": 54300000}]}