{"originalCurrency": "USD", "convertedCurrency": "USD", "report": [{"date": "2023-12-31", "symbol": "ESI", "reportedCurrency": "USD", "cik": "0001590714", "fillingDate": "2024-02-21", "acceptedDate": "2024-02-21 16:16:33", "calendarYear": "2023", "period": "FY", "revenue": 2333200000, "costOfRevenue": 1414700000, "grossProfit": 918500000, "grossProfitRatio": 0.3936653523, "researchAndDevelopmentExpenses": 68100000, "generalAndAdministrativeExpenses": 0, "sellingAndMarketingExpenses": 0, "sellingGeneralAndAdministrativeExpenses": 596800000, "otherExpenses": 3500000, "operatingExpenses": 664900000, "costAndExpenses": 2079600000, "interestIncome": 0, "interestExpense": 49300000, "depreciationAndAmortization": 166700000, "ebitda": 420300000, "ebitdaratio": 0.1801388651, "operatingIncome": 253600000, "operatingIncomeRatio": 0.1086919253, "totalOtherIncomeExpensesNet": -124500000, "incomeBeforeTax": 129100000, "incomeBeforeTaxRatio": 0.0553317332, "incomeTaxExpense": 13000000, "netIncome": 118100000, "netIncomeRatio": 0.0506171781, "eps": 0.49, "epsdiluted": 0.49, "weightedAverageShsOut": 241400000, "weightedAverageShsOutDil": 241800000, "link": "https://www.sec.gov/Archives/edgar/data/1590714/000159071424000054/0001590714-24-000054-index.htm", "finalLink": "https://www.sec.gov/Archives/edgar/data/1590714/000159071424000054/esi-20231231.htm", "calculatedOtherExpenses": 0, "calculatedOperatingExpenses": 664900000, "calculatedNetInterest": -49300000, "calculatedOtherIncome": -75200000, "calculatedIncomeNonControlling": -2000000, "calculatedEbitda": 420300000}, {"date": "2022-12-31", "symbol": "ESI", "reportedCurrency": "USD", "cik": "0001590714", "fillingDate": "2023-02-22", "acceptedDate": "2023-02-22 16:19:38", "calendarYear": "2022", "period": "FY", "revenue": 2549400000, "costOfRevenue": 1596700000, "grossProfit": 952700000, "grossProfitRatio": 0.3736957716, "researchAndDevelopmentExpenses": 48800000, "generalAndAdministrativeExpenses": 0, "sellingAndMarketingExpenses": 0, "sellingGeneralAndAdministrativeExpenses": 578600000, "otherExpenses": 2900000, "operatingExpenses": 627400000, "costAndExpenses": 2224100000, "interestIncome": 51200000, "interestExpense": 51200000, "depreciationAndAmortization": 164200000, "ebitda": 489500000, "ebitdaratio": 0.1920059622, "operatingIncome": 325300000, "operatingIncomeRatio": 0.1275986507, "totalOtherIncomeExpensesNet": -53300000, "incomeBeforeTax": 272000000, "incomeBeforeTaxRatio": 0.1066917706, "incomeTaxExpense": 85800000, "netIncome": 187200000, "netIncomeRatio": 0.0734290421, "eps": 0.76, "epsdiluted": 0.75, "weightedAverageShsOut": 245100000, "weightedAverageShsOutDil": 245800000, "link": "https://www.sec.gov/Archives/edgar/data/1590714/000159071423000027/0001590714-23-000027-index.htm", "finalLink": "https://www.sec.gov/Archives/edgar/data/1590714/000159071423000027/esi-20221231.htm", "calculatedOtherExpenses": 0, "calculatedOperatingExpenses": 627400000, "calculatedNetInterest": 0, "calculatedOtherIncome": -53300000, "calculatedIncomeNonControlling": -1000000, "calculatedEbitda": 489500000}, {"date": "2021-12-31", "symbol": "ESI", "reportedCurrency": "USD", "cik": "0001590714", "fillingDate": "2022-02-23", "acceptedDate": "2022-02-23 16:18:03", "calendarYear": "2021", "period": "FY", "revenue": 2399800000, "costOfRevenue": 1439000000, "grossProfit": 960800000, "grossProfitRatio": 0.4003666972, "researchAndDevelopmentExpenses": 49700000, "generalAndAdministrativeExpenses": 0, "sellingAndMarketingExpenses": 0, "sellingGeneralAndAdministrativeExpenses": 611200000, "otherExpenses": -9800000, "operatingExpenses": 660900000, "costAndExpenses": 2099900000, "interestIncome": 54200000, "interestExpense": 54200000, "depreciationAndAmortization": 154100000, "ebitda": 454000000, "ebitdaratio": 0.1891824319, "operatingIncome": 299900000, "operatingIncomeRatio": 0.1249687474, "totalOtherIncomeExpensesNet": -48200000, "incomeBeforeTax": 251700000, "incomeBeforeTaxRatio": 0.1048837403, "incomeTaxExpense": 48300000, "netIncome": 203300000, "netIncomeRatio": 0.0847153929, "eps": 0.82, "epsdiluted": 0.82, "weightedAverageShsOut": 247400000, "weightedAverageShsOutDil": 247900000, "link": "https://www.sec.gov/Archives/edgar/data/1590714/000159071422000029/0001590714-22-000029-index.htm", "finalLink": "https://www.sec.gov/Archives/edgar/data/1590714/000159071422000029/esi-20211231.htm", "calculatedOtherExpenses": 0, "calculatedOperatingExpenses": 660900000, "calculatedNetInterest": 0, "calculatedOtherIncome": -48200000, "calculatedIncomeNonControlling": 100000, "calculatedEbitda": 454000000}, {"date": "2020-12-31", "symbol": "ESI", "reportedCurrency": "USD", "cik": "0001590714", "fillingDate": "2021-02-25", "acceptedDate": "2021-02-25 16:18:55", "calendarYear": "2020", "period": "FY", "revenue": 1853700000, "costOfRevenue": 1067700000, "grossProfit": 786000000, "grossProfitRatio": 0.4240168312, "researchAndDevelopmentExpenses": 48600000, "generalAndAdministrativeExpenses": 0, "sellingAndMarketingExpenses": 0, "sellingGeneralAndAdministrativeExpenses": 504700000, "otherExpenses": -51700000, "operatingExpenses": 553300000, "costAndExpenses": 1621000000, "interestIncome": 63400000, "interestExpense": 63400000, "depreciationAndAmortization": 161400000, "ebitda": 342400000, "ebitdaratio": 0.1847116578, "operatingIncome": 181000000, "operatingIncomeRatio": 0.0976425527, "totalOtherIncomeExpensesNet": -99900000, "incomeBeforeTax": 81100000, "incomeBeforeTaxRatio": 0.0437503372, "incomeTaxExpense": 4300000, "netIncome": 75700000, "netIncomeRatio": 0.0408372444, "eps": 0.3, "epsdiluted": 0.3, "weightedAverageShsOut": 248800000, "weightedAverageShsOutDil": 249900000, "link": "https://www.sec.gov/Archives/edgar/data/1590714/000159071421000021/0001590714-21-000021-index.htm", "finalLink": "https://www.sec.gov/Archives/edgar/data/1590714/000159071421000021/esi-20201231.htm", "calculatedOtherExpenses": 51700000, "calculatedOperatingExpenses": 605000000, "calculatedNetInterest": 0, "calculatedOtherIncome": -99900000, "calculatedIncomeNonControlling": 1100000, "calculatedEbitda": 342400000}, {"date": "2019-12-31", "symbol": "ESI", "reportedCurrency": "USD", "cik": "0001590714", "fillingDate": "2020-02-28", "acceptedDate": "2020-02-28 06:36:43", "calendarYear": "2019", "period": "FY", "revenue": 1835900000, "costOfRevenue": 1047600000, "grossProfit": 788300000, "grossProfitRatio": 0.4293806852, "researchAndDevelopmentExpenses": 42200000, "generalAndAdministrativeExpenses": 0, "sellingAndMarketingExpenses": 0, "sellingGeneralAndAdministrativeExpenses": 497000000, "otherExpenses": -46200000, "operatingExpenses": 539200000, "costAndExpenses": 1586800000, "interestIncome": 90700000, "interestExpense": 90700000, "depreciationAndAmortization": 108500000, "ebitda": 357600000, "ebitdaratio": 0.1947818509, "operatingIncome": 249100000, "operatingIncomeRatio": 0.1356827714, "totalOtherIncomeExpensesNet": -108200000, "incomeBeforeTax": 140900000, "incomeBeforeTaxRatio": 0.0767470995, "incomeTaxExpense": 61300000, "netIncome": 92200000, "netIncomeRatio": 0.0502206003, "eps": 0.35, "epsdiluted": 0.35, "weightedAverageShsOut": 257600000, "weightedAverageShsOutDil": 260100000, "link": "https://www.sec.gov/Archives/edgar/data/1590714/000159071420000023/0001590714-20-000023-index.htm", "finalLink": "https://www.sec.gov/Archives/edgar/data/1590714/000159071420000023/esi-20191231.htm", "calculatedOtherExpenses": 0, "calculatedOperatingExpenses": 539200000, "calculatedNetInterest": 0, "calculatedOtherIncome": -108200000, "calculatedIncomeNonControlling": -12600000, "calculatedEbitda": 357600000}, {"date": "2018-12-31", "symbol": "ESI", "reportedCurrency": "USD", "cik": "0001590714", "fillingDate": "2019-02-28", "acceptedDate": "2019-02-28 16:57:16", "calendarYear": "2018", "period": "FY", "revenue": 1961000000, "costOfRevenue": 1123400000, "grossProfit": 837600000, "grossProfitRatio": 0.4271290158, "researchAndDevelopmentExpenses": 44300000, "generalAndAdministrativeExpenses": 544800000, "sellingAndMarketingExpenses": 0, "sellingGeneralAndAdministrativeExpenses": 544800000, "otherExpenses": 14800000, "operatingExpenses": 589100000, "costAndExpenses": 1712500000, "interestIncome": 0, "interestExpense": 311000000, "depreciationAndAmortization": 156700000, "ebitda": 420000000, "ebitdaratio": 0.2141764406, "operatingIncome": 248500000, "operatingIncomeRatio": 0.1267210607, "totalOtherIncomeExpensesNet": 9300000, "incomeBeforeTax": -53200000, "incomeBeforeTaxRatio": -0.0271290158, "incomeTaxExpense": 23800000, "netIncome": -324400000, "netIncomeRatio": -0.1654258032, "eps": -1.14, "epsdiluted": -1.13, "weightedAverageShsOut": 283792159, "weightedAverageShsOutDil": 288200000, "link": "https://www.sec.gov/Archives/edgar/data/1590714/000159071419000040/0001590714-19-000040-index.htm", "finalLink": "https://www.sec.gov/Archives/edgar/data/1590714/000159071419000040/esi10-k20181231document.htm", "calculatedOtherExpenses": 0, "calculatedOperatingExpenses": 589100000, "calculatedNetInterest": -311000000, "calculatedOtherIncome": 9300000, "calculatedIncomeNonControlling": 247400000, "calculatedEbitda": 405200000}, {"date": "2017-12-31", "symbol": "ESI", "reportedCurrency": "USD", "cik": "0001590714", "fillingDate": "2018-02-28", "acceptedDate": "2018-02-28 16:31:17", "calendarYear": "2017", "period": "FY", "revenue": 3775900000, "costOfRevenue": 2186900000, "grossProfit": 1589000000, "grossProfitRatio": 0.4208268227, "researchAndDevelopmentExpenses": 98400000, "generalAndAdministrativeExpenses": 1098500000, "sellingAndMarketingExpenses": 10800000, "sellingGeneralAndAdministrativeExpenses": 1109300000, "otherExpenses": -61200000, "operatingExpenses": 1207700000, "costAndExpenses": 3394600000, "interestIncome": 0, "interestExpense": 341600000, "depreciationAndAmortization": 354200000, "ebitda": 674300000, "ebitdaratio": 0.1785799412, "operatingIncome": 221300000, "operatingIncomeRatio": 0.0586085437, "totalOtherIncomeExpensesNet": -328700000, "incomeBeforeTax": -289000000, "incomeBeforeTaxRatio": -0.0765380439, "incomeTaxExpense": 6600000, "netIncome": -296200000, "netIncomeRatio": -0.0784448741, "eps": -1.04, "epsdiluted": -1.04, "weightedAverageShsOut": 284115660, "weightedAverageShsOutDil": 286100000, "link": "https://www.sec.gov/Archives/edgar/data/1590714/000159071418000033/0001590714-18-000033-index.htm", "finalLink": "https://www.sec.gov/Archives/edgar/data/1590714/000159071418000033/pah10-k20171231document.htm", "calculatedOtherExpenses": 160000000, "calculatedOperatingExpenses": 1367700000, "calculatedNetInterest": -341600000, "calculatedOtherIncome": -168700000, "calculatedIncomeNonControlling": 600000, "calculatedEbitda": 575500000}, {"date": "2016-12-31", "symbol": "ESI", "reportedCurrency": "USD", "cik": "0001590714", "fillingDate": "2017-03-13", "acceptedDate": "2017-03-13 06:07:22", "calendarYear": "2016", "period": "FY", "revenue": 3586000000, "costOfRevenue": 2078000000, "grossProfit": 1508000000, "grossProfitRatio": 0.420524261, "researchAndDevelopmentExpenses": 84000000, "generalAndAdministrativeExpenses": 1123300000, "sellingAndMarketingExpenses": -300000, "sellingGeneralAndAdministrativeExpenses": 1123000000, "otherExpenses": 101000000, "operatingExpenses": 1207000000, "costAndExpenses": 3285000000, "interestIncome": 0, "interestExpense": 376000000, "depreciationAndAmortization": 342000000, "ebitda": 744000000, "ebitdaratio": 0.2074735081, "operatingIncome": 253000000, "operatingIncomeRatio": 0.0705521472, "totalOtherIncomeExpensesNet": 27000000, "incomeBeforeTax": -48000000, "incomeBeforeTaxRatio": -0.0133853876, "incomeTaxExpense": 29000000, "netIncome": -74000000, "netIncomeRatio": -0.0206358059, "eps": -0.3, "epsdiluted": -0.27, "weightedAverageShsOut": 243300000, "weightedAverageShsOutDil": 272300000, "link": "https://www.sec.gov/Archives/edgar/data/1590714/000159071417000047/0001590714-17-000047-index.htm", "finalLink": "https://www.sec.gov/Archives/edgar/data/1590714/000159071417000047/pah10-k20161231document.htm", "calculatedOtherExpenses": 48000000, "calculatedOperatingExpenses": 1255000000, "calculatedNetInterest": -376000000, "calculatedOtherIncome": 75000000, "calculatedIncomeNonControlling": -3000000, "calculatedEbitda": 595000000}, {"date": "2015-12-31", "symbol": "ESI", "reportedCurrency": "USD", "cik": "0001590714", "fillingDate": "2016-03-11", "acceptedDate": "2016-03-11 08:55:37", "calendarYear": "2015", "period": "FY", "revenue": 2542300000, "costOfRevenue": 1550400000, "grossProfit": 991900000, "grossProfitRatio": 0.3901585179, "researchAndDevelopmentExpenses": 62800000, "generalAndAdministrativeExpenses": 857500000, "sellingAndMarketingExpenses": 0, "sellingGeneralAndAdministrativeExpenses": 857500000, "otherExpenses": 30400000, "operatingExpenses": 920300000, "costAndExpenses": 2470700000, "interestIncome": 0, "interestExpense": 213900000, "depreciationAndAmortization": 251000000, "ebitda": 353000000, "ebitdaratio": 0.1388506471, "operatingIncome": 71600000, "operatingIncomeRatio": 0.028163474, "totalOtherIncomeExpensesNet": -87000000, "incomeBeforeTax": -229300000, "incomeBeforeTaxRatio": -0.0901939189, "incomeTaxExpense": 75100000, "netIncome": -308600000, "netIncomeRatio": -0.1213861464, "eps": -1.52, "epsdiluted": -1.52, "weightedAverageShsOut": 203026315, "weightedAverageShsOutDil": 203200000, "link": "https://www.sec.gov/Archives/edgar/data/1590714/000159071416000097/0001590714-16-000097-index.htm", "finalLink": "https://www.sec.gov/Archives/edgar/data/1590714/000159071416000097/pah10-k20151231document.htm", "calculatedOtherExpenses": 0, "calculatedOperatingExpenses": 920300000, "calculatedNetInterest": -213900000, "calculatedOtherIncome": -87000000, "calculatedIncomeNonControlling": 4200000, "calculatedEbitda": 322600000}, {"date": "2014-12-31", "symbol": "ESI", "reportedCurrency": "USD", "cik": "0001590714", "fillingDate": "2015-03-30", "acceptedDate": "2015-03-30 16:31:26", "calendarYear": "2014", "period": "FY", "revenue": 843186000, "costOfRevenue": 446633000, "grossProfit": 396553000, "grossProfitRatio": 0.4703031122, "researchAndDevelopmentExpenses": 26229000, "generalAndAdministrativeExpenses": 357900000, "sellingAndMarketingExpenses": -28000, "sellingGeneralAndAdministrativeExpenses": 357872000, "otherExpenses": -2484000, "operatingExpenses": 384101000, "costAndExpenses": 830734000, "interestIncome": 0, "interestExpense": 37902000, "depreciationAndAmortization": 87950000, "ebitda": 97918000, "ebitdaratio": 0.1161285885, "operatingIncome": 9497000, "operatingIncomeRatio": 0.0112632325, "totalOtherIncomeExpensesNet": -5439000, "incomeBeforeTax": -30889000, "incomeBeforeTaxRatio": -0.0366336728, "incomeTaxExpense": -6687000, "netIncome": -29908000, "netIncomeRatio": -0.0354702284, "eps": -0.22, "epsdiluted": -0.22, "weightedAverageShsOut": 135300000, "weightedAverageShsOutDil": 135300000, "link": "https://www.sec.gov/Archives/edgar/data/1590714/000117184315001732/0001171843-15-001732-index.htm", "finalLink": "https://www.sec.gov/Archives/edgar/data/1590714/000117184315001732/f10k_032715.htm", "calculatedOtherExpenses": 2955000, "calculatedOperatingExpenses": 387056000, "calculatedNetInterest": -37902000, "calculatedOtherIncome": -2484000, "calculatedIncomeNonControlling": 5706000, "calculatedEbitda": 97447000}, {"date": "2013-12-31", "symbol": "ESI", "reportedCurrency": "USD", "cik": "0001590714", "fillingDate": "2014-03-31", "acceptedDate": "2014-03-31 17:17:00", "calendarYear": "2013", "period": "FY", "revenue": 731220000, "costOfRevenue": 376166000, "grossProfit": 355054000, "grossProfitRatio": 0.4855638522, "researchAndDevelopmentExpenses": 25051000, "generalAndAdministrativeExpenses": 0, "sellingAndMarketingExpenses": 0, "sellingGeneralAndAdministrativeExpenses": 214614000, "otherExpenses": 292000, "operatingExpenses": 239957000, "costAndExpenses": 616123000, "interestIncome": 0, "interestExpense": 0, "depreciationAndAmortization": 45600000, "ebitda": 115097000, "ebitdaratio": 0.1574040644, "operatingIncome": 115097000, "operatingIncomeRatio": 0.1574040644, "totalOtherIncomeExpensesNet": -139770000, "incomeBeforeTax": -24673000, "incomeBeforeTaxRatio": -0.033742239, "incomeTaxExpense": -24673000, "netIncome": -194200000, "netIncomeRatio": -0.2655835453, "eps": -2.19, "epsdiluted": -2.19, "weightedAverageShsOut": 88529000, "weightedAverageShsOutDil": 88529000, "link": "https://www.sec.gov/Archives/edgar/data/1590714/000117184314001509/0001171843-14-001509-index.htm", "finalLink": "https://www.sec.gov/Archives/edgar/data/1590714/000117184314001509/f10k_033114.htm", "calculatedOtherExpenses": 292000, "calculatedOperatingExpenses": 239957000, "calculatedNetInterest": 0, "calculatedOtherIncome": -139770000, "calculatedIncomeNonControlling": 194200000, "calculatedEbitda": 160697000}, {"date": "2012-12-31", "symbol": "ESI", "reportedCurrency": "USD", "cik": "0001590714", "fillingDate": "2012-12-31", "acceptedDate": "2012-12-30 19:00:00", "calendarYear": "2012", "period": "FY", "revenue": 731200000, "costOfRevenue": 376100000, "grossProfit": 355100000, "grossProfitRatio": 0.4856400438, "researchAndDevelopmentExpenses": 25100000, "generalAndAdministrativeExpenses": 0, "sellingAndMarketingExpenses": 0, "sellingGeneralAndAdministrativeExpenses": 214600000, "otherExpenses": 5000000, "operatingExpenses": 239700000, "costAndExpenses": 615800000, "interestIncome": 0, "interestExpense": 49100000, "depreciationAndAmortization": 42200000, "ebitda": 162600000, "ebitdaratio": 0.2223741794, "operatingIncome": 115100000, "operatingIncomeRatio": 0.1574124726, "totalOtherIncomeExpensesNet": 4700000, "incomeBeforeTax": 71000000, "incomeBeforeTaxRatio": 0.0971006565, "incomeTaxExpense": 24700000, "netIncome": 46000000, "netIncomeRatio": 0.0629102845, "eps": 0.0158, "epsdiluted": 0.0158, "weightedAverageShsOut": 88529000, "weightedAverageShsOutDil": 88529000, "link": "", "finalLink": "", "calculatedOtherExpenses": 300000, "calculatedOperatingExpenses": 240000000, "calculatedNetInterest": -49100000, "calculatedOtherIncome": 5000000, "calculatedIncomeNonControlling": 300000, "calculatedEbitda": 157300000}, {"date": "2011-12-31", "symbol": "ESI", "reportedCurrency": "USD", "cik": "0001590714", "fillingDate": "2011-12-31", "acceptedDate": "2011-12-30 19:00:00", "calendarYear": "2011", "period": "FY", "revenue": 728773000, "costOfRevenue": 388298000, "grossProfit": 340475000, "grossProfitRatio": 0.4671893717, "researchAndDevelopmentExpenses": 22966000, "generalAndAdministrativeExpenses": 0, "sellingAndMarketingExpenses": 0, "sellingGeneralAndAdministrativeExpenses": 260665000, "otherExpenses": 9412000, "operatingExpenses": 283631000, "costAndExpenses": 671929000, "interestIncome": 0, "interestExpense": 54054000, "depreciationAndAmortization": 46745000, "ebitda": 113001000, "ebitdaratio": 0.1550565128, "operatingIncome": 55948000, "operatingIncomeRatio": 0.0767701328, "totalOtherIncomeExpensesNet": 8516000, "incomeBeforeTax": 11306000, "incomeBeforeTaxRatio": 0.0155137471, "incomeTaxExpense": 9953000, "netIncome": 987000, "netIncomeRatio": 0.0013543312, "eps": -0.45, "epsdiluted": -0.45, "weightedAverageShsOut": 88529000, "weightedAverageShsOutDil": 88529000, "link": "", "finalLink": "", "calculatedOtherExpenses": 896000, "calculatedOperatingExpenses": 284527000, "calculatedNetInterest": -54054000, "calculatedOtherIncome": 9412000, "calculatedIncomeNonControlling": 366000, "calculatedEbitda": 102693000}]}