{"originalCurrency": "USD", "convertedCurrency": "USD", "report": [{"date": "2023-12-31", "symbol": "ESS", "reportedCurrency": "USD", "cik": "0000920522", "fillingDate": "2024-02-23", "acceptedDate": "2024-02-23 16:05:20", "calendarYear": "2023", "period": "FY", "revenue": 1669395000, "costOfRevenue": 1030136000, "grossProfit": 639259000, "grossProfitRatio": 0.382928546, "researchAndDevelopmentExpenses": 0, "generalAndAdministrativeExpenses": 63474000, "sellingAndMarketingExpenses": 0, "sellingGeneralAndAdministrativeExpenses": 63474000, "otherExpenses": -103818000, "operatingExpenses": 103818000, "costAndExpenses": 1133954000, "interestIncome": 46259000, "interestExpense": 212905000, "depreciationAndAmortization": 548438000, "ebitda": 1083879000, "ebitdaratio": 0.6492645539, "operatingIncome": 535441000, "operatingIncomeRatio": 0.3207395494, "totalOtherIncomeExpensesNet": -104733000, "incomeBeforeTax": 430708000, "incomeBeforeTaxRatio": 0.25800245, "incomeTaxExpense": 24883000, "netIncome": 405825000, "netIncomeRatio": 0.2430970501, "eps": 6.32, "epsdiluted": 6.32, "weightedAverageShsOut": 64252232, "weightedAverageShsOutDil": 64253384, "link": "https://www.sec.gov/Archives/edgar/data/920522/000092052224000033/0000920522-24-000033-index.htm", "finalLink": "https://www.sec.gov/Archives/edgar/data/920522/000092052224000033/ess-20231231.htm", "calculatedOtherExpenses": 40344000, "calculatedOperatingExpenses": 103818000, "calculatedNetInterest": -166646000, "calculatedOtherIncome": 61913000, "calculatedIncomeNonControlling": 0, "calculatedEbitda": 1083879000}, {"date": "2022-12-31", "symbol": "ESS", "reportedCurrency": "USD", "cik": "0000920522", "fillingDate": "2023-02-23", "acceptedDate": "2023-02-23 16:23:20", "calendarYear": "2022", "period": "FY", "revenue": 1606814000, "costOfRevenue": 507973000, "grossProfit": 1098841000, "grossProfitRatio": 0.6838632225, "researchAndDevelopmentExpenses": 0, "generalAndAdministrativeExpenses": 56577000, "sellingAndMarketingExpenses": 0, "sellingGeneralAndAdministrativeExpenses": 56577000, "otherExpenses": 538938000, "operatingExpenses": 595515000, "costAndExpenses": 1103488000, "interestIncome": 20119000, "interestExpense": 196891000, "depreciationAndAmortization": 510988000, "ebitda": 1106217000, "ebitdaratio": 0.6884536729, "operatingIncome": 595229000, "operatingIncomeRatio": 0.3704405115, "totalOtherIncomeExpensesNet": -172480000, "incomeBeforeTax": 422749000, "incomeBeforeTaxRatio": 0.2630976578, "incomeTaxExpense": -10236000, "netIncome": 408315000, "netIncomeRatio": 0.2541146642, "eps": 6.27, "epsdiluted": 6.27, "weightedAverageShsOut": 65079764, "weightedAverageShsOutDil": 65098186, "link": "https://www.sec.gov/Archives/edgar/data/920522/000092052223000005/0000920522-23-000005-index.htm", "finalLink": "https://www.sec.gov/Archives/edgar/data/920522/000092052223000005/ess-20221231.htm", "calculatedOtherExpenses": 447035000, "calculatedOperatingExpenses": 503612000, "calculatedNetInterest": -176772000, "calculatedOtherIncome": 4292000, "calculatedIncomeNonControlling": 24670000, "calculatedEbitda": 1106217000}, {"date": "2021-12-31", "symbol": "ESS", "reportedCurrency": "USD", "cik": "0000920522", "fillingDate": "2022-02-25", "acceptedDate": "2022-02-25 16:34:46", "calendarYear": "2021", "period": "FY", "revenue": 1440556000, "costOfRevenue": 481447000, "grossProfit": 959109000, "grossProfitRatio": 0.6657908474, "researchAndDevelopmentExpenses": 0, "generalAndAdministrativeExpenses": 51838000, "sellingAndMarketingExpenses": 0, "sellingGeneralAndAdministrativeExpenses": 51838000, "otherExpenses": 520066000, "operatingExpenses": 571904000, "costAndExpenses": 1053351000, "interestIncome": 98744000, "interestExpense": 192351000, "depreciationAndAmortization": 590001000, "ebitda": 1119996000, "ebitdaratio": 0.7774748083, "operatingIncome": 529995000, "operatingIncomeRatio": 0.3679100292, "totalOtherIncomeExpensesNet": 1364000, "incomeBeforeTax": 531359000, "incomeBeforeTaxRatio": 0.3688568858, "incomeTaxExpense": 15668000, "netIncome": 488554000, "netIncomeRatio": 0.3391426644, "eps": 7.51, "epsdiluted": 7.51, "weightedAverageShsOut": 65051464, "weightedAverageShsOutDil": 65088874, "link": "https://www.sec.gov/Archives/edgar/data/920522/000092052222000019/0000920522-22-000019-index.htm", "finalLink": "https://www.sec.gov/Archives/edgar/data/920522/000092052222000019/ess-20211231.htm", "calculatedOtherExpenses": 377276000, "calculatedOperatingExpenses": 429114000, "calculatedNetInterest": -93607000, "calculatedOtherIncome": 94971000, "calculatedIncomeNonControlling": 27137000, "calculatedEbitda": 1119996000}, {"date": "2020-12-31", "symbol": "ESS", "reportedCurrency": "USD", "cik": "0000920522", "fillingDate": "2021-02-19", "acceptedDate": "2021-02-19 16:24:21", "calendarYear": "2020", "period": "FY", "revenue": 1495748000, "costOfRevenue": 474973000, "grossProfit": 1020775000, "grossProfitRatio": 0.6824511883, "researchAndDevelopmentExpenses": 0, "generalAndAdministrativeExpenses": 65388000, "sellingAndMarketingExpenses": 0, "sellingGeneralAndAdministrativeExpenses": 65388000, "otherExpenses": 525497000, "operatingExpenses": 590885000, "costAndExpenses": 1065858000, "interestIncome": 40999000, "interestExpense": 209900000, "depreciationAndAmortization": 525497000, "ebitda": 1297592000, "ebitdaratio": 0.8675204647, "operatingIncome": 772095000, "operatingIncomeRatio": 0.5161932358, "totalOtherIncomeExpensesNet": -171232000, "incomeBeforeTax": 600863000, "incomeBeforeTaxRatio": 0.4017140588, "incomeTaxExpense": 1531000, "netIncome": 568870000, "netIncomeRatio": 0.3803247606, "eps": 8.69, "epsdiluted": 8.68, "weightedAverageShsOut": 65454057, "weightedAverageShsOutDil": 65564982, "link": "https://www.sec.gov/Archives/edgar/data/920522/000092052221000015/0000920522-21-000015-index.htm", "finalLink": "https://www.sec.gov/Archives/edgar/data/920522/000092052221000015/ess-20201231.htm", "calculatedOtherExpenses": 183292000, "calculatedOperatingExpenses": 248680000, "calculatedNetInterest": -168901000, "calculatedOtherIncome": -2331000, "calculatedIncomeNonControlling": 30462000, "calculatedEbitda": 1297592000}, {"date": "2019-12-31", "symbol": "ESS", "reportedCurrency": "USD", "cik": "0000920522", "fillingDate": "2020-02-20", "acceptedDate": "2020-02-20 16:07:45", "calendarYear": "2019", "period": "FY", "revenue": 1460155000, "costOfRevenue": 430594000, "grossProfit": 1029561000, "grossProfitRatio": 0.7051039102, "researchAndDevelopmentExpenses": 0, "generalAndAdministrativeExpenses": 54262000, "sellingAndMarketingExpenses": 0, "sellingGeneralAndAdministrativeExpenses": 54262000, "otherExpenses": 483750000, "operatingExpenses": 538012000, "costAndExpenses": 968606000, "interestIncome": 39002000, "interestExpense": 208893000, "depreciationAndAmortization": 483750000, "ebitda": 1157972000, "ebitdaratio": 0.7930473135, "operatingIncome": 674222000, "operatingIncomeRatio": 0.4617468693, "totalOtherIncomeExpensesNet": -208317000, "incomeBeforeTax": 465905000, "incomeBeforeTaxRatio": 0.3190791389, "incomeTaxExpense": 1457000, "netIncome": 439286000, "netIncomeRatio": 0.3008488825, "eps": 6.67, "epsdiluted": 6.66, "weightedAverageShsOut": 65840422, "weightedAverageShsOutDil": 65939454, "link": "https://www.sec.gov/Archives/edgar/data/1053059/000092052220000026/0000920522-20-000026-index.html", "finalLink": "https://www.sec.gov/Archives/edgar/data/920522/000092052220000026/ess-123119x10k.htm", "calculatedOtherExpenses": 301077000, "calculatedOperatingExpenses": 355339000, "calculatedNetInterest": -169891000, "calculatedOtherIncome": -38426000, "calculatedIncomeNonControlling": 25162000, "calculatedEbitda": 1157972000}, {"date": "2018-12-31", "symbol": "ESS", "reportedCurrency": "USD", "cik": "0000920522", "fillingDate": "2019-02-21", "acceptedDate": "2019-02-21 16:21:22", "calendarYear": "2018", "period": "FY", "revenue": 1400053000, "costOfRevenue": 416396000, "grossProfit": 983657000, "grossProfitRatio": 0.702585545, "researchAndDevelopmentExpenses": 0, "generalAndAdministrativeExpenses": 53451000, "sellingAndMarketingExpenses": 0, "sellingGeneralAndAdministrativeExpenses": 53451000, "otherExpenses": 479884000, "operatingExpenses": 533335000, "costAndExpenses": 949731000, "interestIncome": 26871000, "interestExpense": 211785000, "depreciationAndAmortization": 479884000, "ebitda": 1047462000, "ebitdaratio": 0.7481588197, "operatingIncome": 450128000, "operatingIncomeRatio": 0.3215078286, "totalOtherIncomeExpensesNet": 148191000, "incomeBeforeTax": 413599000, "incomeBeforeTaxRatio": 0.2954166735, "incomeTaxExpense": 183963000, "netIncome": 390153000, "netIncomeRatio": 0.2786701646, "eps": 5.91, "epsdiluted": 5.9, "weightedAverageShsOut": 66041058, "weightedAverageShsOutDil": 66085089, "link": "https://www.sec.gov/Archives/edgar/data/920522/000092052219000009/0000920522-19-000009-index.htm", "finalLink": "https://www.sec.gov/Archives/edgar/data/920522/000092052219000009/ess-123118x10k.htm", "calculatedOtherExpenses": 480078000, "calculatedOperatingExpenses": 533529000, "calculatedNetInterest": -184914000, "calculatedOtherIncome": 148385000, "calculatedIncomeNonControlling": -160517000, "calculatedEbitda": 930012000}, {"date": "2017-12-31", "symbol": "ESS", "reportedCurrency": "USD", "cik": "0000920522", "fillingDate": "2018-02-22", "acceptedDate": "2018-02-22 16:39:47", "calendarYear": "2017", "period": "FY", "revenue": 1363899000, "costOfRevenue": 405542000, "grossProfit": 958357000, "grossProfitRatio": 0.7026598011, "researchAndDevelopmentExpenses": 0, "generalAndAdministrativeExpenses": 41385000, "sellingAndMarketingExpenses": 0, "sellingGeneralAndAdministrativeExpenses": 41385000, "otherExpenses": 468881000, "operatingExpenses": 510266000, "costAndExpenses": 915808000, "interestIncome": 24604000, "interestExpense": 212796000, "depreciationAndAmortization": 468881000, "ebitda": 1116662000, "ebitdaratio": 0.8187277797, "operatingIncome": 446522000, "operatingIncomeRatio": 0.327386412, "totalOtherIncomeExpensesNet": 198144000, "incomeBeforeTax": 458043000, "incomeBeforeTaxRatio": 0.3358335185, "incomeTaxExpense": 412866000, "netIncome": 433059000, "netIncomeRatio": 0.3175154465, "eps": 6.58, "epsdiluted": 6.57, "weightedAverageShsOut": 65829155, "weightedAverageShsOutDil": 65898255, "link": "https://www.sec.gov/Archives/edgar/data/920522/000092052218000011/0000920522-18-000011-index.htm", "finalLink": "https://www.sec.gov/Archives/edgar/data/920522/000092052218000011/ess-123117x10k.htm", "calculatedOtherExpenses": 470450000, "calculatedOperatingExpenses": 511835000, "calculatedNetInterest": -188192000, "calculatedOtherIncome": 199713000, "calculatedIncomeNonControlling": -387882000, "calculatedEbitda": 915403000}, {"date": "2016-12-31", "symbol": "ESS", "reportedCurrency": "USD", "cik": "0000920522", "fillingDate": "2017-02-24", "acceptedDate": "2017-02-24 14:52:07", "calendarYear": "2016", "period": "FY", "revenue": 1294001000, "costOfRevenue": 388927000, "grossProfit": 905074000, "grossProfitRatio": 0.6994384085, "researchAndDevelopmentExpenses": 0, "generalAndAdministrativeExpenses": 40751000, "sellingAndMarketingExpenses": 0, "sellingGeneralAndAdministrativeExpenses": 40751000, "otherExpenses": 441682000, "operatingExpenses": 482433000, "costAndExpenses": 871360000, "interestIncome": 27305000, "interestExpense": 207938000, "depreciationAndAmortization": 441682000, "ebitda": 940326000, "ebitdaratio": 0.7266810458, "operatingIncome": 420800000, "operatingIncomeRatio": 0.3251929481, "totalOtherIncomeExpensesNet": 200812000, "incomeBeforeTax": 442820000, "incomeBeforeTaxRatio": 0.3422099365, "incomeTaxExpense": 4410000, "netIncome": 414979000, "netIncomeRatio": 0.3206944971, "eps": 6.28, "epsdiluted": 6.27, "weightedAverageShsOut": 65471540, "weightedAverageShsOutDil": 65587816, "link": "https://www.sec.gov/Archives/edgar/data/920522/000092052217000014/0000920522-17-000014-index.htm", "finalLink": "https://www.sec.gov/Archives/edgar/data/920522/000092052217000014/ess-123116x10k.htm", "calculatedOtherExpenses": 443523000, "calculatedOperatingExpenses": 484274000, "calculatedNetInterest": -180633000, "calculatedOtherIncome": 202653000, "calculatedIncomeNonControlling": 23431000, "calculatedEbitda": 862482000}, {"date": "2015-12-31", "symbol": "ESS", "reportedCurrency": "USD", "cik": "0000920522", "fillingDate": "2016-02-26", "acceptedDate": "2016-02-26 16:02:10", "calendarYear": "2015", "period": "FY", "revenue": 1194407000, "costOfRevenue": 363508000, "grossProfit": 830899000, "grossProfitRatio": 0.6956581802, "researchAndDevelopmentExpenses": 0, "generalAndAdministrativeExpenses": 40090000, "sellingAndMarketingExpenses": 0, "sellingGeneralAndAdministrativeExpenses": 40090000, "otherExpenses": 453423000, "operatingExpenses": 493513000, "costAndExpenses": 857021000, "interestIncome": 19143000, "interestExpense": 199172000, "depreciationAndAmortization": 453423000, "ebitda": 865827000, "ebitdaratio": 0.7249011434, "operatingIncome": 331174000, "operatingIncomeRatio": 0.2772706456, "totalOtherIncomeExpensesNet": 90882000, "incomeBeforeTax": 248239000, "incomeBeforeTaxRatio": 0.2078345154, "incomeTaxExpense": 271166000, "netIncome": 232120000, "netIncomeRatio": 0.1943391156, "eps": 3.5, "epsdiluted": 3.49, "weightedAverageShsOut": 64871717, "weightedAverageShsOutDil": 65061685, "link": "https://www.sec.gov/Archives/edgar/data/920522/000092052216000097/0000920522-16-000097-index.htm", "finalLink": "https://www.sec.gov/Archives/edgar/data/920522/000092052216000097/ess-123115x10k.htm", "calculatedOtherExpenses": 459635000, "calculatedOperatingExpenses": 499725000, "calculatedNetInterest": -180029000, "calculatedOtherIncome": 97094000, "calculatedIncomeNonControlling": -255047000, "calculatedEbitda": 784597000}, {"date": "2014-12-31", "symbol": "ESS", "reportedCurrency": "USD", "cik": "0000920522", "fillingDate": "2015-03-02", "acceptedDate": "2015-03-02 14:34:47", "calendarYear": "2014", "period": "FY", "revenue": 969305000, "costOfRevenue": 310913000, "grossProfit": 658392000, "grossProfitRatio": 0.6792413121, "researchAndDevelopmentExpenses": 0, "generalAndAdministrativeExpenses": 40878000, "sellingAndMarketingExpenses": 0, "sellingGeneralAndAdministrativeExpenses": 40878000, "otherExpenses": 360592000, "operatingExpenses": 401470000, "costAndExpenses": 712383000, "interestIncome": 10761000, "interestExpense": 164551000, "depreciationAndAmortization": 360592000, "ebitda": 668332000, "ebitdaratio": 0.6894960822, "operatingIncome": 201514000, "operatingIncomeRatio": 0.2078953477, "totalOtherIncomeExpensesNet": 31142000, "incomeBeforeTax": 134438000, "incomeBeforeTaxRatio": 0.1386952507, "incomeTaxExpense": 216732000, "netIncome": 122150000, "netIncomeRatio": 0.1260181264, "eps": 2.07, "epsdiluted": 2.06, "weightedAverageShsOut": 56546959, "weightedAverageShsOutDil": 56696525, "link": "https://www.sec.gov/Archives/edgar/data/920522/000092052215000006/0000920522-15-000006-index.htm", "finalLink": "https://www.sec.gov/Archives/edgar/data/920522/000092052215000006/ess-123114x10k.htm", "calculatedOtherExpenses": 416000000, "calculatedOperatingExpenses": 456878000, "calculatedNetInterest": -153790000, "calculatedOtherIncome": 86714000, "calculatedIncomeNonControlling": -204444000, "calculatedEbitda": 562106000}, {"date": "2013-12-31", "symbol": "ESS", "reportedCurrency": "USD", "cik": "0000920522", "fillingDate": "2014-02-26", "acceptedDate": "2014-02-26 17:17:36", "calendarYear": "2013", "period": "FY", "revenue": 613703000, "costOfRevenue": 202693000, "grossProfit": 411010000, "grossProfitRatio": 0.6697213473, "researchAndDevelopmentExpenses": 0, "generalAndAdministrativeExpenses": 25601000, "sellingAndMarketingExpenses": 0, "sellingGeneralAndAdministrativeExpenses": 25601000, "otherExpenses": 204344000, "operatingExpenses": 229945000, "costAndExpenses": 432638000, "interestIncome": 11633000, "interestExpense": 104600000, "depreciationAndAmortization": 204344000, "ebitda": 452907000, "ebitdaratio": 0.7379905264, "operatingIncome": 188705000, "operatingIncomeRatio": 0.3074858686, "totalOtherIncomeExpensesNet": 52784000, "incomeBeforeTax": 140882000, "incomeBeforeTaxRatio": 0.2295605529, "incomeTaxExpense": 145064000, "netIncome": 156283000, "netIncomeRatio": 0.2546557537, "eps": 4.05, "epsdiluted": 4.04, "weightedAverageShsOut": 37237284, "weightedAverageShsOutDil": 37329455, "link": "https://www.sec.gov/Archives/edgar/data/920522/000114036114009793/0001140361-14-009793-index.htm", "finalLink": "https://www.sec.gov/Archives/edgar/data/920522/000114036114009793/form10k.htm", "calculatedOtherExpenses": 196704000, "calculatedOperatingExpenses": 222305000, "calculatedNetInterest": -92967000, "calculatedOtherIncome": 45144000, "calculatedIncomeNonControlling": -160465000, "calculatedEbitda": 393049000}, {"date": "2012-12-31", "symbol": "ESS", "reportedCurrency": "USD", "cik": "0000920522", "fillingDate": "2013-02-25", "acceptedDate": "2013-02-22 19:07:36", "calendarYear": "2012", "period": "FY", "revenue": 543425000, "costOfRevenue": 180601000, "grossProfit": 362824000, "grossProfitRatio": 0.6676615908, "researchAndDevelopmentExpenses": 0, "generalAndAdministrativeExpenses": 23307000, "sellingAndMarketingExpenses": 0, "sellingGeneralAndAdministrativeExpenses": 23307000, "otherExpenses": 182236000, "operatingExpenses": 205543000, "costAndExpenses": 386144000, "interestIncome": 13833000, "interestExpense": 100244000, "depreciationAndAmortization": 182236000, "ebitda": 417042000, "ebitdaratio": 0.7674324884, "operatingIncome": 168925000, "operatingIncomeRatio": 0.3108524635, "totalOtherIncomeExpensesNet": 58683000, "incomeBeforeTax": 129553000, "incomeBeforeTaxRatio": 0.2384008833, "incomeTaxExpense": 168205000, "netIncome": 125284000, "netIncomeRatio": 0.2305451534, "eps": 3.42, "epsdiluted": 3.41, "weightedAverageShsOut": 35032749, "weightedAverageShsOutDil": 37377986, "link": "https://www.sec.gov/Archives/edgar/data/920522/000114036113009003/0001140361-13-009003-index.htm", "finalLink": "https://www.sec.gov/Archives/edgar/data/920522/000114036113009003/form10k.htm", "calculatedOtherExpenses": 170592000, "calculatedOperatingExpenses": 193899000, "calculatedNetInterest": -86411000, "calculatedOtherIncome": 47039000, "calculatedIncomeNonControlling": -163936000, "calculatedEbitda": 351161000}, {"date": "2011-12-31", "symbol": "ESS", "reportedCurrency": "USD", "cik": "0000920522", "fillingDate": "2012-02-27", "acceptedDate": "2012-02-24 21:18:07", "calendarYear": "2011", "period": "FY", "revenue": 472493000, "costOfRevenue": 163844000, "grossProfit": 308649000, "grossProfitRatio": 0.6532350744, "researchAndDevelopmentExpenses": 0, "generalAndAdministrativeExpenses": 20694000, "sellingAndMarketingExpenses": 0, "sellingGeneralAndAdministrativeExpenses": 20694000, "otherExpenses": 152228000, "operatingExpenses": 183596000, "costAndExpenses": 347440000, "interestIncome": 17139000, "interestExpense": 91694000, "depreciationAndAmortization": 164016000, "ebitda": 305741000, "ebitdaratio": 0.6470804858, "operatingIncome": 136527000, "operatingIncomeRatio": 0.2889503125, "totalOtherIncomeExpensesNet": -1630000, "incomeBeforeTax": 48868000, "incomeBeforeTaxRatio": 0.1034258709, "incomeTaxExpense": 93025000, "netIncome": 47070000, "netIncomeRatio": 0.0996205235, "eps": 1.24, "epsdiluted": 1.24, "weightedAverageShsOut": 32541792, "weightedAverageShsOutDil": 32628714, "link": "https://www.sec.gov/Archives/edgar/data/920522/000114036112010939/0001140361-12-010939-index.htm", "finalLink": "https://www.sec.gov/Archives/edgar/data/920522/000114036112010939/form10k.htm", "calculatedOtherExpenses": 151428000, "calculatedOperatingExpenses": 172122000, "calculatedNetInterest": -74555000, "calculatedOtherIncome": -13104000, "calculatedIncomeNonControlling": -91227000, "calculatedEbitda": 300543000}, {"date": "2010-12-31", "symbol": "ESS", "reportedCurrency": "USD", "cik": "0000920522", "fillingDate": "2011-02-25", "acceptedDate": "2011-02-25 15:45:47", "calendarYear": "2010", "period": "FY", "revenue": 415732000, "costOfRevenue": 145506000, "grossProfit": 270226000, "grossProfitRatio": 0.6500004811, "researchAndDevelopmentExpenses": 0, "generalAndAdministrativeExpenses": 25962000, "sellingAndMarketingExpenses": 0, "sellingGeneralAndAdministrativeExpenses": 25962000, "otherExpenses": 129711000, "operatingExpenses": 155673000, "costAndExpenses": 301179000, "interestIncome": 15350000, "interestExpense": 87585000, "depreciationAndAmortization": 129711000, "ebitda": 234085000, "ebitdaratio": 0.5630670721, "operatingIncome": 112251000, "operatingIncomeRatio": 0.2700080821, "totalOtherIncomeExpensesNet": 8464000, "incomeBeforeTax": 50782000, "incomeBeforeTaxRatio": 0.1221508087, "incomeTaxExpense": 76904000, "netIncome": 35934000, "netIncomeRatio": 0.0864354921, "eps": 1.14, "epsdiluted": 1.14, "weightedAverageShsOut": 29617544, "weightedAverageShsOutDil": 29617544, "link": "https://www.sec.gov/Archives/edgar/data/920522/000114036111012197/0001140361-11-012197-index.htm", "finalLink": "https://www.sec.gov/Archives/edgar/data/920522/000114036111012197/form10k.htm", "calculatedOtherExpenses": 132013000, "calculatedOperatingExpenses": 157975000, "calculatedNetInterest": -72235000, "calculatedOtherIncome": 10766000, "calculatedIncomeNonControlling": -62056000, "calculatedEbitda": 241962000}, {"date": "2009-12-31", "symbol": "ESS", "reportedCurrency": "USD", "cik": "0000920522", "fillingDate": "2010-02-26", "acceptedDate": "2010-02-26 06:02:37", "calendarYear": "2009", "period": "FY", "revenue": 411389000, "costOfRevenue": 139711000, "grossProfit": 271678000, "grossProfitRatio": 0.6603919891, "researchAndDevelopmentExpenses": 0, "generalAndAdministrativeExpenses": 26984000, "sellingAndMarketingExpenses": -3280000, "sellingGeneralAndAdministrativeExpenses": 23704000, "otherExpenses": 118027000, "operatingExpenses": 141731000, "costAndExpenses": 281442000, "interestIncome": 13040000, "interestExpense": 86016000, "depreciationAndAmortization": 118027000, "ebitda": 252273000, "ebitdaratio": 0.6132225217, "operatingIncome": 26489000, "operatingIncomeRatio": 0.0643891791, "totalOtherIncomeExpensesNet": -3629000, "incomeBeforeTax": 62140000, "incomeBeforeTaxRatio": 0.1510492502, "incomeTaxExpense": 93509000, "netIncome": 37108000, "netIncomeRatio": 0.0902017312, "eps": 3.01, "epsdiluted": 2.91, "weightedAverageShsOut": 27269547, "weightedAverageShsOutDil": 29746614, "link": "https://www.sec.gov/Archives/edgar/data/920522/000114036110008624/0001140361-10-008624-index.htm", "finalLink": "https://www.sec.gov/Archives/edgar/data/920522/000114036110008624/form10-k.htm", "calculatedOtherExpenses": 221485000, "calculatedOperatingExpenses": 245189000, "calculatedNetInterest": -72976000, "calculatedOtherIncome": 108627000, "calculatedIncomeNonControlling": -68477000, "calculatedEbitda": 144516000}, {"date": "2008-12-31", "symbol": "ESS", "reportedCurrency": "USD", "cik": "0000920522", "fillingDate": "2009-02-27", "acceptedDate": "2009-02-27 17:34:11", "calendarYear": "2008", "period": "FY", "revenue": 412895000, "costOfRevenue": 100469000, "grossProfit": 312426000, "grossProfitRatio": 0.7566717931, "researchAndDevelopmentExpenses": 0, "generalAndAdministrativeExpenses": 26273000, "sellingAndMarketingExpenses": 711000, "sellingGeneralAndAdministrativeExpenses": 26984000, "otherExpenses": 193296000, "operatingExpenses": 175569000, "costAndExpenses": 276038000, "interestIncome": 4817000, "interestExpense": 78203000, "depreciationAndAmortization": 110860000, "ebitda": 233142000, "ebitdaratio": 0.5646520302, "operatingIncome": 58654000, "operatingIncomeRatio": 0.1420554863, "totalOtherIncomeExpensesNet": 19438000, "incomeBeforeTax": 63517000, "incomeBeforeTaxRatio": 0.153833299, "incomeTaxExpense": -400000, "netIncome": 65354000, "netIncomeRatio": 0.158282372, "eps": 2.23, "epsdiluted": 2.21, "weightedAverageShsOut": 25162780, "weightedAverageShsOutDil": 25390498, "link": "https://www.sec.gov/Archives/edgar/data/920522/000114036109005392/0001140361-09-005392-index.htm", "finalLink": "https://www.sec.gov/Archives/edgar/data/920522/000114036109005392/form10k.htm", "calculatedOtherExpenses": 226788000, "calculatedOperatingExpenses": 253772000, "calculatedNetInterest": -73386000, "calculatedOtherIncome": 78249000, "calculatedIncomeNonControlling": -1437000, "calculatedEbitda": 169514000}, {"date": "2007-12-31", "symbol": "ESS", "reportedCurrency": "USD", "cik": "0000920522", "fillingDate": "2008-02-29", "acceptedDate": "2008-02-28 20:17:35", "calendarYear": "2007", "period": "FY", "revenue": 388523000, "costOfRevenue": 0, "grossProfit": 388523000, "grossProfitRatio": 1, "researchAndDevelopmentExpenses": 0, "generalAndAdministrativeExpenses": 26273000, "sellingAndMarketingExpenses": 0, "sellingGeneralAndAdministrativeExpenses": 26273000, "otherExpenses": 232684000, "operatingExpenses": 258957000, "costAndExpenses": 258957000, "interestIncome": 0, "interestExpense": 0, "depreciationAndAmortization": 100389000, "ebitda": 219645000, "ebitdaratio": 0.5653333265, "operatingIncome": 48571000, "operatingIncomeRatio": 0.1250144779, "totalOtherIncomeExpensesNet": 10310000, "incomeBeforeTax": 42064000, "incomeBeforeTaxRatio": 0.1082664347, "incomeTaxExpense": 400000, "netIncome": 115638000, "netIncomeRatio": 0.2976348891, "eps": 4.34, "epsdiluted": 4.24, "weightedAverageShsOut": 24548003, "weightedAverageShsOutDil": 25100974, "link": "https://www.sec.gov/Archives/edgar/data/920522/000092052208000009/0000920522-08-000009-index.htm", "finalLink": "https://www.sec.gov/Archives/edgar/data/920522/000092052208000009/body_10-k.htm", "calculatedOtherExpenses": 313679000, "calculatedOperatingExpenses": 339952000, "calculatedNetInterest": 0, "calculatedOtherIncome": -6507000, "calculatedIncomeNonControlling": -73974000, "calculatedEbitda": 148960000}, {"date": "2006-12-31", "symbol": "ESS", "reportedCurrency": "USD", "cik": "0000920522", "fillingDate": "2007-03-01", "acceptedDate": "2007-03-01 17:23:25", "calendarYear": "2006", "period": "FY", "revenue": 348074000, "costOfRevenue": 0, "grossProfit": 348074000, "grossProfitRatio": 1, "researchAndDevelopmentExpenses": 0, "generalAndAdministrativeExpenses": 22235000, "sellingAndMarketingExpenses": 0, "sellingGeneralAndAdministrativeExpenses": 22235000, "otherExpenses": 275341000, "operatingExpenses": 297576000, "costAndExpenses": 297576000, "interestIncome": 0, "interestExpense": 0, "depreciationAndAmortization": 83036000, "ebitda": 127358000, "ebitdaratio": 0.3658934594, "operatingIncome": 50498000, "operatingIncomeRatio": 0.1450783454, "totalOtherIncomeExpensesNet": 6176000, "incomeBeforeTax": 35862000, "incomeBeforeTaxRatio": 0.1030298155, "incomeTaxExpense": 525000, "netIncome": 62748000, "netIncomeRatio": 0.1802720111, "eps": 2.5, "epsdiluted": 2.45, "weightedAverageShsOut": 23081682, "weightedAverageShsOutDil": 23551042, "link": "https://www.sec.gov/Archives/edgar/data/920522/000092052207000015/0000920522-07-000015-index.htm", "finalLink": "https://www.sec.gov/Archives/edgar/data/920522/000092052207000015/form10k.htm", "calculatedOtherExpenses": 275341000, "calculatedOperatingExpenses": 297576000, "calculatedNetInterest": 0, "calculatedOtherIncome": -14636000, "calculatedIncomeNonControlling": -27411000, "calculatedEbitda": 133534000}, {"date": "2005-12-31", "symbol": "ESS", "reportedCurrency": "USD", "cik": "0000920522", "fillingDate": "2005-12-31", "acceptedDate": "2005-12-30 19:00:00", "calendarYear": "2005", "period": "FY", "revenue": 327291000, "costOfRevenue": 0, "grossProfit": 327291000, "grossProfitRatio": 1, "researchAndDevelopmentExpenses": 0, "generalAndAdministrativeExpenses": 19148000, "sellingAndMarketingExpenses": 0, "sellingGeneralAndAdministrativeExpenses": 19148000, "otherExpenses": 193126000, "operatingExpenses": 212274000, "costAndExpenses": 212274000, "interestIncome": 0, "interestExpense": 0, "depreciationAndAmortization": 80075000, "ebitda": 191136000, "ebitdaratio": 0.5839940603, "operatingIncome": 115017000, "operatingIncomeRatio": 0.3514212123, "totalOtherIncomeExpensesNet": 3956000, "incomeBeforeTax": 53980000, "incomeBeforeTaxRatio": 0.1649296803, "incomeTaxExpense": 2538000, "netIncome": 79716000, "netIncomeRatio": 0.2435630677, "eps": 3.38, "epsdiluted": 3.32, "weightedAverageShsOut": 23038561, "weightedAverageShsOutDil": 23388503, "link": "", "finalLink": "", "calculatedOtherExpenses": 193126000, "calculatedOperatingExpenses": 212274000, "calculatedNetInterest": 0, "calculatedOtherIncome": -61037000, "calculatedIncomeNonControlling": -28274000, "calculatedEbitda": 195092000}, {"date": "2004-12-31", "symbol": "ESS", "reportedCurrency": "USD", "cik": "0000920522", "fillingDate": "2005-03-31", "acceptedDate": "2005-03-31 12:16:57", "calendarYear": "2004", "period": "FY", "revenue": 283483000, "costOfRevenue": 7909000, "grossProfit": 275574000, "grossProfitRatio": 0.9721006198, "researchAndDevelopmentExpenses": 0, "generalAndAdministrativeExpenses": 47275000, "sellingAndMarketingExpenses": 4169000, "sellingGeneralAndAdministrativeExpenses": 51444000, "otherExpenses": 137956000, "operatingExpenses": 189400000, "costAndExpenses": 189400000, "interestIncome": 0, "interestExpense": 0, "depreciationAndAmortization": 72923000, "ebitda": 167006000, "ebitdaratio": 0.5891217463, "operatingIncome": 94083000, "operatingIncomeRatio": 0.3318823351, "totalOtherIncomeExpensesNet": 717000, "incomeBeforeTax": 79693000, "incomeBeforeTaxRatio": 0.2811209138, "incomeTaxExpense": 15107000, "netIncome": 79693000, "netIncomeRatio": 0.2811209138, "eps": 3.39, "epsdiluted": 3.36, "weightedAverageShsOut": 22921000, "weightedAverageShsOutDil": 23156000, "link": "https://www.sec.gov/Archives/edgar/data/920522/000110465905014152/0001104659-05-014152-index.htm", "finalLink": "https://www.sec.gov/Archives/edgar/data/920522/000110465905014152/a05-5625_110k.htm", "calculatedOtherExpenses": 130047000, "calculatedOperatingExpenses": 181491000, "calculatedNetInterest": 0, "calculatedOtherIncome": -14390000, "calculatedIncomeNonControlling": -15107000, "calculatedEbitda": 167006000}, {"date": "2003-12-31", "symbol": "ESS", "reportedCurrency": "USD", "cik": "0000920522", "fillingDate": "2004-03-15", "acceptedDate": "2004-03-15 12:27:46", "calendarYear": "2003", "period": "FY", "revenue": 234450000, "costOfRevenue": 0, "grossProfit": 234450000, "grossProfitRatio": 1, "researchAndDevelopmentExpenses": 0, "generalAndAdministrativeExpenses": 27063000, "sellingAndMarketingExpenses": 3842000, "sellingGeneralAndAdministrativeExpenses": 30905000, "otherExpenses": 100655000, "operatingExpenses": 131560000, "costAndExpenses": 131560000, "interestIncome": 0, "interestExpense": 0, "depreciationAndAmortization": 49409000, "ebitda": 152299000, "ebitdaratio": 0.6496011943, "operatingIncome": 102890000, "operatingIncomeRatio": 0.4388568991, "totalOtherIncomeExpensesNet": 0, "incomeBeforeTax": 0, "incomeBeforeTaxRatio": 0, "incomeTaxExpense": 64943000, "netIncome": 37947000, "netIncomeRatio": 0.1618554063, "eps": 1.58, "epsdiluted": 1.57, "weightedAverageShsOut": 21468000, "weightedAverageShsOutDil": 21679000, "link": "https://www.sec.gov/Archives/edgar/data/920522/000092052204000006/0000920522-04-000006-index.htm", "finalLink": "https://www.sec.gov/Archives/edgar/data/920522/000092052204000006/body10k.htm", "calculatedOtherExpenses": 100655000, "calculatedOperatingExpenses": 131560000, "calculatedNetInterest": 0, "calculatedOtherIncome": -102890000, "calculatedIncomeNonControlling": -102890000, "calculatedEbitda": 152299000}, {"date": "2002-12-31", "symbol": "ESS", "reportedCurrency": "USD", "cik": "0000920522", "fillingDate": "2003-03-31", "acceptedDate": "2003-03-31 13:42:55", "calendarYear": "2002", "period": "FY", "revenue": 200122000, "costOfRevenue": 0, "grossProfit": 200122000, "grossProfitRatio": 1, "researchAndDevelopmentExpenses": 0, "generalAndAdministrativeExpenses": 21254000, "sellingAndMarketingExpenses": 2932000, "sellingGeneralAndAdministrativeExpenses": 24186000, "otherExpenses": 72206000, "operatingExpenses": 96392000, "costAndExpenses": 96392000, "interestIncome": 0, "interestExpense": 0, "depreciationAndAmortization": 37236000, "ebitda": 140966000, "ebitdaratio": 0.7044003158, "operatingIncome": 103730000, "operatingIncomeRatio": 0.5183338164, "totalOtherIncomeExpensesNet": 0, "incomeBeforeTax": 0, "incomeBeforeTaxRatio": 0, "incomeTaxExpense": 50856000, "netIncome": 52874000, "netIncomeRatio": 0.2642088326, "eps": 2.62, "epsdiluted": 2.6, "weightedAverageShsOut": 18530000, "weightedAverageShsOutDil": 18726000, "link": "https://www.sec.gov/Archives/edgar/data/920522/000092052203000011/0000920522-03-000011-index.htm", "finalLink": "https://www.sec.gov/Archives/edgar/data/920522/000092052203000011/body10k.htm", "calculatedOtherExpenses": 72206000, "calculatedOperatingExpenses": 96392000, "calculatedNetInterest": 0, "calculatedOtherIncome": -103730000, "calculatedIncomeNonControlling": -103730000, "calculatedEbitda": 140966000}, {"date": "2001-12-31", "symbol": "ESS", "reportedCurrency": "USD", "cik": "0000920522", "fillingDate": "2002-03-29", "acceptedDate": "2002-03-29 00:00:00", "calendarYear": "2001", "period": "FY", "revenue": 205634000, "costOfRevenue": 0, "grossProfit": 205634000, "grossProfitRatio": 1, "researchAndDevelopmentExpenses": 0, "generalAndAdministrativeExpenses": 4628000, "sellingAndMarketingExpenses": 2870000, "sellingGeneralAndAdministrativeExpenses": 7498000, "otherExpenses": 89875000, "operatingExpenses": 97373000, "costAndExpenses": 97373000, "interestIncome": 0, "interestExpense": 0, "depreciationAndAmortization": 36295000, "ebitda": 140768000, "ebitdaratio": 0.6845560559, "operatingIncome": 108261000, "operatingIncomeRatio": 0.5264742212, "totalOtherIncomeExpensesNet": 3788000, "incomeBeforeTax": 112049000, "incomeBeforeTaxRatio": 0.5448952994, "incomeTaxExpense": 59716000, "netIncome": 48545000, "netIncomeRatio": 0.2360747736, "eps": 2.63, "epsdiluted": 2.63, "weightedAverageShsOut": 18458175, "weightedAverageShsOutDil": 21003100, "link": "https://www.sec.gov/Archives/edgar/data/920522/000102140802004494/0001021408-02-004494-index.htm", "finalLink": "https://www.sec.gov/Archives/edgar/data/920522/000102140802004494/d10k.txt", "calculatedOtherExpenses": 89875000, "calculatedOperatingExpenses": 97373000, "calculatedNetInterest": 0, "calculatedOtherIncome": 3788000, "calculatedIncomeNonControlling": 3788000, "calculatedEbitda": 144556000}, {"date": "2000-12-31", "symbol": "ESS", "reportedCurrency": "USD", "cik": "0000920522", "fillingDate": "2001-03-30", "acceptedDate": "2001-03-30 00:00:00", "calendarYear": "2000", "period": "FY", "revenue": 178740000, "costOfRevenue": 0, "grossProfit": 178740000, "grossProfitRatio": 1, "researchAndDevelopmentExpenses": 0, "generalAndAdministrativeExpenses": 19757000, "sellingAndMarketingExpenses": 2211000, "sellingGeneralAndAdministrativeExpenses": 21968000, "otherExpenses": 62188000, "operatingExpenses": 84156000, "costAndExpenses": 84156000, "interestIncome": 0, "interestExpense": 0, "depreciationAndAmortization": 30765000, "ebitda": 121327000, "ebitdaratio": 0.6787904218, "operatingIncome": 94584000, "operatingIncomeRatio": 0.5291708627, "totalOtherIncomeExpensesNet": 4022000, "incomeBeforeTax": 98606000, "incomeBeforeTaxRatio": 0.5516728209, "incomeTaxExpense": 50231000, "netIncome": 44353000, "netIncomeRatio": 0.2481425534, "eps": 2.42, "epsdiluted": 2.37, "weightedAverageShsOut": 18234000, "weightedAverageShsOutDil": 18714346, "link": "https://www.sec.gov/Archives/edgar/data/920522/000101287001001399/0001012870-01-001399-index.htm", "finalLink": "https://www.sec.gov/Archives/edgar/data/920522/000101287001001399/0001012870-01-001399-0001.txt", "calculatedOtherExpenses": 62188000, "calculatedOperatingExpenses": 84156000, "calculatedNetInterest": 0, "calculatedOtherIncome": 4022000, "calculatedIncomeNonControlling": 4022000, "calculatedEbitda": 125349000}, {"date": "1999-12-31", "symbol": "ESS", "reportedCurrency": "USD", "cik": "0000920522", "fillingDate": "2000-03-30", "acceptedDate": "2000-03-30 00:00:00", "calendarYear": "1999", "period": "FY", "revenue": 146045000, "costOfRevenue": 0, "grossProfit": 146045000, "grossProfitRatio": 1, "researchAndDevelopmentExpenses": 0, "generalAndAdministrativeExpenses": 14845000, "sellingAndMarketingExpenses": 2187000, "sellingGeneralAndAdministrativeExpenses": 17032000, "otherExpenses": 55653000, "operatingExpenses": 72685000, "costAndExpenses": 72685000, "interestIncome": 0, "interestExpense": 0, "depreciationAndAmortization": 26150000, "ebitda": 99510000, "ebitdaratio": 0.6813653326, "operatingIncome": 73360000, "operatingIncomeRatio": 0.5023109316, "totalOtherIncomeExpensesNet": 0, "incomeBeforeTax": 0, "incomeBeforeTaxRatio": 0, "incomeTaxExpense": 29796000, "netIncome": 43564000, "netIncomeRatio": 0.2982916224, "eps": 2.41, "epsdiluted": 2.36, "weightedAverageShsOut": 17521185, "weightedAverageShsOutDil": 18491242, "link": "https://www.sec.gov/Archives/edgar/data/920522/000101287000001770/0001012870-00-001770-index.html", "finalLink": "https://www.sec.gov/Archives/edgar/data/920522/000101287000001770/", "calculatedOtherExpenses": 55653000, "calculatedOperatingExpenses": 72685000, "calculatedNetInterest": 0, "calculatedOtherIncome": -73360000, "calculatedIncomeNonControlling": -73360000, "calculatedEbitda": 99510000}, {"date": "1998-12-31", "symbol": "ESS", "reportedCurrency": "USD", "cik": "0000920522", "fillingDate": "1999-03-31", "acceptedDate": "1999-03-31 00:00:00", "calendarYear": "1998", "period": "FY", "revenue": 125259000, "costOfRevenue": 0, "grossProfit": 125259000, "grossProfitRatio": 1, "researchAndDevelopmentExpenses": 0, "generalAndAdministrativeExpenses": 12993000, "sellingAndMarketingExpenses": 1742000, "sellingGeneralAndAdministrativeExpenses": 14735000, "otherExpenses": 50559000, "operatingExpenses": 65294000, "costAndExpenses": 65294000, "interestIncome": 0, "interestExpense": 0, "depreciationAndAmortization": 21948000, "ebitda": 81904000, "ebitdaratio": 0.6538771665, "operatingIncome": 59965000, "operatingIncomeRatio": 0.4787280754, "totalOtherIncomeExpensesNet": 9000, "incomeBeforeTax": 59974000, "incomeBeforeTaxRatio": 0.4787999266, "incomeTaxExpense": 33637000, "netIncome": 26328000, "netIncomeRatio": 0.2101884894, "eps": 1.37, "epsdiluted": 1.36, "weightedAverageShsOut": 16630954, "weightedAverageShsOutDil": 16808943, "link": "https://www.sec.gov/Archives/edgar/data/920522/000101287099000923/0001012870-99-000923-index.html", "finalLink": "https://www.sec.gov/Archives/edgar/data/920522/", "calculatedOtherExpenses": 50559000, "calculatedOperatingExpenses": 65294000, "calculatedNetInterest": 0, "calculatedOtherIncome": 9000, "calculatedIncomeNonControlling": 9000, "calculatedEbitda": 81913000}, {"date": "1997-12-31", "symbol": "ESS", "reportedCurrency": "USD", "cik": "0000920522", "fillingDate": "1998-03-31", "acceptedDate": "1998-03-31 00:00:00", "calendarYear": "1997", "period": "FY", "revenue": 84569000, "costOfRevenue": 0, "grossProfit": 84569000, "grossProfitRatio": 1, "researchAndDevelopmentExpenses": 0, "generalAndAdministrativeExpenses": 7927000, "sellingAndMarketingExpenses": 1225000, "sellingGeneralAndAdministrativeExpenses": 9152000, "otherExpenses": 33726000, "operatingExpenses": 42878000, "costAndExpenses": 42878000, "interestIncome": 0, "interestExpense": 0, "depreciationAndAmortization": 13992000, "ebitda": 50569000, "ebitdaratio": 0.5979614279, "operatingIncome": 41691000, "operatingIncomeRatio": 0.492982062, "totalOtherIncomeExpensesNet": 5114000, "incomeBeforeTax": 46805000, "incomeBeforeTaxRatio": 0.5534533931, "incomeTaxExpense": 12375000, "netIncome": 29316000, "netIncomeRatio": 0.3466518464, "eps": 1.96, "epsdiluted": 1.92, "weightedAverageShsOut": 13644906, "weightedAverageShsOutDil": 15285288, "link": "https://www.sec.gov/Archives/edgar/data/920522/000089161898001429/0000891618-98-001429-index.html", "finalLink": "https://www.sec.gov/Archives/edgar/data/920522/", "calculatedOtherExpenses": 33726000, "calculatedOperatingExpenses": 42878000, "calculatedNetInterest": 0, "calculatedOtherIncome": 5114000, "calculatedIncomeNonControlling": 5114000, "calculatedEbitda": 55683000}, {"date": "1996-12-31", "symbol": "ESS", "reportedCurrency": "USD", "cik": "0000920522", "fillingDate": "1997-03-31", "acceptedDate": "1997-03-31 00:00:00", "calendarYear": "1996", "period": "FY", "revenue": 50693000, "costOfRevenue": 0, "grossProfit": 50693000, "grossProfitRatio": 1, "researchAndDevelopmentExpenses": 0, "generalAndAdministrativeExpenses": 4628000, "sellingAndMarketingExpenses": 653000, "sellingGeneralAndAdministrativeExpenses": 5281000, "otherExpenses": 21477000, "operatingExpenses": 26758000, "costAndExpenses": 26758000, "interestIncome": 0, "interestExpense": 0, "depreciationAndAmortization": 8855000, "ebitda": 32790000, "ebitdaratio": 0.6468348687, "operatingIncome": 23935000, "operatingIncomeRatio": 0.472155919, "totalOtherIncomeExpensesNet": -11442000, "incomeBeforeTax": 12493000, "incomeBeforeTaxRatio": 0.2464442822, "incomeTaxExpense": 3612000, "netIncome": 8881000, "netIncomeRatio": 0.1751918411, "eps": 1.13, "epsdiluted": 1.12, "weightedAverageShsOut": 7283124, "weightedAverageShsOutDil": 7347528, "link": "https://www.sec.gov/Archives/edgar/data/920522/000101287097000645/0001012870-97-000645-index.html", "finalLink": "https://www.sec.gov/Archives/edgar/data/920522/", "calculatedOtherExpenses": 21477000, "calculatedOperatingExpenses": 26758000, "calculatedNetInterest": 0, "calculatedOtherIncome": -11442000, "calculatedIncomeNonControlling": 0, "calculatedEbitda": 32790000}, {"date": "1995-12-31", "symbol": "ESS", "reportedCurrency": "USD", "cik": "0000920522", "fillingDate": "1996-06-05", "acceptedDate": "1996-06-05 00:00:00", "calendarYear": "1995", "period": "FY", "revenue": 49900000, "costOfRevenue": 0, "grossProfit": 49900000, "grossProfitRatio": 1, "researchAndDevelopmentExpenses": 0, "generalAndAdministrativeExpenses": 1500000, "sellingAndMarketingExpenses": 300000, "sellingGeneralAndAdministrativeExpenses": 1800000, "otherExpenses": -24800000, "operatingExpenses": -23000000, "costAndExpenses": -23000000, "interestIncome": 0, "interestExpense": 0, "depreciationAndAmortization": 9400000, "ebitda": 82300000, "ebitdaratio": 1.6492985972, "operatingIncome": 72900000, "operatingIncomeRatio": 1.4609218437, "totalOtherIncomeExpensesNet": 0, "incomeBeforeTax": 0, "incomeBeforeTaxRatio": 0, "incomeTaxExpense": 62100000, "netIncome": 10800000, "netIncomeRatio": 0.2164328657, "eps": 1.73, "epsdiluted": 1.73, "weightedAverageShsOut": 6242775, "weightedAverageShsOutDil": 6242775, "link": "https://www.sec.gov/Archives/edgar/data/920522/000095014996000675/0000950149-96-000675-index.html", "finalLink": "https://www.sec.gov/Archives/edgar/data/920522/", "calculatedOtherExpenses": -24800000, "calculatedOperatingExpenses": -23000000, "calculatedNetInterest": 0, "calculatedOtherIncome": -72900000, "calculatedIncomeNonControlling": -72900000, "calculatedEbitda": 82300000}, {"date": "1994-12-31", "symbol": "ESS", "reportedCurrency": "USD", "cik": "0000920522", "fillingDate": "1994-12-31", "acceptedDate": "1994-12-30 19:00:00", "calendarYear": "1994", "period": "FY", "revenue": 20400000, "costOfRevenue": 0, "grossProfit": 20400000, "grossProfitRatio": 1, "researchAndDevelopmentExpenses": 0, "generalAndAdministrativeExpenses": 500000, "sellingAndMarketingExpenses": 100000, "sellingGeneralAndAdministrativeExpenses": 600000, "otherExpenses": -11800000, "operatingExpenses": -11200000, "costAndExpenses": -11200000, "interestIncome": 0, "interestExpense": 0, "depreciationAndAmortization": 4800000, "ebitda": 36400000, "ebitdaratio": 1.7843137255, "operatingIncome": 31600000, "operatingIncomeRatio": 1.5490196078, "totalOtherIncomeExpensesNet": 0, "incomeBeforeTax": 0, "incomeBeforeTaxRatio": 0, "incomeTaxExpense": 28300000, "netIncome": 3300000, "netIncomeRatio": 0.1617647059, "eps": 0.52, "epsdiluted": 0.52, "weightedAverageShsOut": 6346154, "weightedAverageShsOutDil": 6346154, "link": "", "finalLink": "", "calculatedOtherExpenses": -11800000, "calculatedOperatingExpenses": -11200000, "calculatedNetInterest": 0, "calculatedOtherIncome": -31600000, "calculatedIncomeNonControlling": -31600000, "calculatedEbitda": 36400000}]}