{"originalCurrency": "USD", "convertedCurrency": "USD", "report": [{"date": "2023-12-31", "symbol": "ET", "reportedCurrency": "USD", "cik": "0001276187", "fillingDate": "2024-02-16", "acceptedDate": "2024-02-16 12:27:42", "calendarYear": "2023", "period": "FY", "revenue": 78586000000, "costOfRevenue": 64926000000, "grossProfit": 13660000000, "grossProfitRatio": 0.1738223093, "researchAndDevelopmentExpenses": 0, "generalAndAdministrativeExpenses": 0, "sellingAndMarketingExpenses": 0, "sellingGeneralAndAdministrativeExpenses": 985000000, "otherExpenses": 86000000, "operatingExpenses": 5353000000, "costAndExpenses": 70279000000, "interestIncome": 0, "interestExpense": 2578000000, "depreciationAndAmortization": 4385000000, "ebitda": 13161000000, "ebitdaratio": 0.1674725778, "operatingIncome": 8295000000, "operatingIncomeRatio": 0.105553152, "totalOtherIncomeExpensesNet": -132000000, "incomeBeforeTax": 5597000000, "incomeBeforeTaxRatio": 0.0712213371, "incomeTaxExpense": 303000000, "netIncome": 3935000000, "netIncomeRatio": 0.050072532, "eps": 1.1, "epsdiluted": 1.09, "weightedAverageShsOut": 3161700000, "weightedAverageShsOutDil": 3177200000, "link": "https://www.sec.gov/Archives/edgar/data/1276187/000127618724000024/0001276187-24-000024-index.htm", "finalLink": "https://www.sec.gov/Archives/edgar/data/1276187/000127618724000024/et-20231231.htm", "calculatedOtherExpenses": 4380000000, "calculatedOperatingExpenses": 5365000000, "calculatedNetInterest": -2578000000, "calculatedOtherIncome": -120000000, "calculatedIncomeNonControlling": 1359000000, "calculatedEbitda": 12680000000}, {"date": "2022-12-31", "symbol": "ET", "reportedCurrency": "USD", "cik": "0001276187", "fillingDate": "2023-02-17", "acceptedDate": "2023-02-17 12:22:40", "calendarYear": "2022", "period": "FY", "revenue": 89876000000, "costOfRevenue": 76396000000, "grossProfit": 13480000000, "grossProfitRatio": 0.149984423, "researchAndDevelopmentExpenses": 0, "generalAndAdministrativeExpenses": 0, "sellingAndMarketingExpenses": 0, "sellingGeneralAndAdministrativeExpenses": 1018000000, "otherExpenses": 4338000000, "operatingExpenses": 5356000000, "costAndExpenses": 81752000000, "interestIncome": 2013000000, "interestExpense": 2306000000, "depreciationAndAmortization": 4164000000, "ebitda": 8471000000, "ebitdaratio": 0.0942520806, "operatingIncome": 4307000000, "operatingIncomeRatio": 0.0479215808, "totalOtherIncomeExpensesNet": 1765000000, "incomeBeforeTax": 6072000000, "incomeBeforeTaxRatio": 0.067559749, "incomeTaxExpense": 204000000, "netIncome": 4756000000, "netIncomeRatio": 0.0529173528, "eps": 1.4, "epsdiluted": 1.4, "weightedAverageShsOut": 3086800000, "weightedAverageShsOutDil": 3097000000, "link": "https://www.sec.gov/Archives/edgar/data/1276187/000127618723000014/0001276187-23-000014-index.htm", "finalLink": "https://www.sec.gov/Archives/edgar/data/1276187/000127618723000014/et-20221231.htm", "calculatedOtherExpenses": 8155000000, "calculatedOperatingExpenses": 9173000000, "calculatedNetInterest": -293000000, "calculatedOtherIncome": 2058000000, "calculatedIncomeNonControlling": 1112000000, "calculatedEbitda": 8471000000}, {"date": "2021-12-31", "symbol": "ET", "reportedCurrency": "USD", "cik": "0001276187", "fillingDate": "2022-02-18", "acceptedDate": "2022-02-18 12:25:56", "calendarYear": "2021", "period": "FY", "revenue": 67417000000, "costOfRevenue": 54212000000, "grossProfit": 13205000000, "grossProfitRatio": 0.1958704778, "researchAndDevelopmentExpenses": 0, "generalAndAdministrativeExpenses": 0, "sellingAndMarketingExpenses": 0, "sellingGeneralAndAdministrativeExpenses": 818000000, "otherExpenses": 3574000000, "operatingExpenses": 4392000000, "costAndExpenses": 58604000000, "interestIncome": 2206000000, "interestExpense": 2267000000, "depreciationAndAmortization": 3817000000, "ebitda": 9136000000, "ebitdaratio": 0.1355147811, "operatingIncome": 5319000000, "operatingIncomeRatio": 0.0788970141, "totalOtherIncomeExpensesNet": 1552000000, "incomeBeforeTax": 6871000000, "incomeBeforeTaxRatio": 0.1019179139, "incomeTaxExpense": 184000000, "netIncome": 5470000000, "netIncomeRatio": 0.0811368053, "eps": 1.89, "epsdiluted": 1.89, "weightedAverageShsOut": 2734400000, "weightedAverageShsOutDil": 2739500000, "link": "https://www.sec.gov/Archives/edgar/data/1276187/000127618722000020/0001276187-22-000020-index.htm", "finalLink": "https://www.sec.gov/Archives/edgar/data/1276187/000127618722000020/et-20211231.htm", "calculatedOtherExpenses": 7068000000, "calculatedOperatingExpenses": 7886000000, "calculatedNetInterest": -61000000, "calculatedOtherIncome": 1613000000, "calculatedIncomeNonControlling": 1217000000, "calculatedEbitda": 9136000000}, {"date": "2020-12-31", "symbol": "ET", "reportedCurrency": "USD", "cik": "0001276187", "fillingDate": "2021-02-19", "acceptedDate": "2021-02-19 16:10:55", "calendarYear": "2020", "period": "FY", "revenue": 38954000000, "costOfRevenue": 29165000000, "grossProfit": 9789000000, "grossProfitRatio": 0.2512964009, "researchAndDevelopmentExpenses": 0, "generalAndAdministrativeExpenses": 0, "sellingAndMarketingExpenses": 0, "sellingGeneralAndAdministrativeExpenses": 711000000, "otherExpenses": 3218000000, "operatingExpenses": 3929000000, "costAndExpenses": 33094000000, "interestIncome": 2530000000, "interestExpense": 2327000000, "depreciationAndAmortization": 3678000000, "ebitda": 5991000000, "ebitdaratio": 0.153796786, "operatingIncome": 2313000000, "operatingIncomeRatio": 0.0593777276, "totalOtherIncomeExpensesNet": -1936000000, "incomeBeforeTax": 377000000, "incomeBeforeTaxRatio": 0.0096780818, "incomeTaxExpense": 237000000, "netIncome": 140000000, "netIncomeRatio": 0.0035939826, "eps": 0.0519, "epsdiluted": 0.0519, "weightedAverageShsOut": 2695600000, "weightedAverageShsOutDil": 2695600000, "link": "https://www.sec.gov/Archives/edgar/data/1276187/000127618721000034/0001276187-21-000034-index.htm", "finalLink": "https://www.sec.gov/Archives/edgar/data/1276187/000127618721000034/et-20201231.htm", "calculatedOtherExpenses": 6765000000, "calculatedOperatingExpenses": 7476000000, "calculatedNetInterest": 203000000, "calculatedOtherIncome": -2139000000, "calculatedIncomeNonControlling": 0, "calculatedEbitda": 5991000000}, {"date": "2019-12-31", "symbol": "ET", "reportedCurrency": "USD", "cik": "0001276187", "fillingDate": "2020-02-21", "acceptedDate": "2020-02-21 13:47:11", "calendarYear": "2019", "period": "FY", "revenue": 54213000000, "costOfRevenue": 42874000000, "grossProfit": 11339000000, "grossProfitRatio": 0.2091564754, "researchAndDevelopmentExpenses": 0, "generalAndAdministrativeExpenses": 0, "sellingAndMarketingExpenses": 0, "sellingGeneralAndAdministrativeExpenses": 694000000, "otherExpenses": 3294000000, "operatingExpenses": 3988000000, "costAndExpenses": 46862000000, "interestIncome": 2572000000, "interestExpense": 2331000000, "depreciationAndAmortization": 3147000000, "ebitda": 7758000000, "ebitdaratio": 0.143102208, "operatingIncome": 4611000000, "operatingIncomeRatio": 0.0850534005, "totalOtherIncomeExpensesNet": 483000000, "incomeBeforeTax": 5094000000, "incomeBeforeTaxRatio": 0.0939627027, "incomeTaxExpense": 195000000, "netIncome": 4899000000, "netIncomeRatio": 0.0903657794, "eps": 1.86, "epsdiluted": 1.86, "weightedAverageShsOut": 2628000000, "weightedAverageShsOutDil": 2637600000, "link": "https://www.sec.gov/Archives/edgar/data/1276187/000127618720000011/0001276187-20-000011-index.htm", "finalLink": "https://www.sec.gov/Archives/edgar/data/1276187/000127618720000011/et12-31x201910k.htm", "calculatedOtherExpenses": 6034000000, "calculatedOperatingExpenses": 6728000000, "calculatedNetInterest": 241000000, "calculatedOtherIncome": 242000000, "calculatedIncomeNonControlling": 0, "calculatedEbitda": 7758000000}, {"date": "2018-12-31", "symbol": "ET", "reportedCurrency": "USD", "cik": "0001276187", "fillingDate": "2019-02-22", "acceptedDate": "2019-02-22 13:53:57", "calendarYear": "2018", "period": "FY", "revenue": 54087000000, "costOfRevenue": 44517000000, "grossProfit": 9570000000, "grossProfitRatio": 0.1769371568, "researchAndDevelopmentExpenses": 0, "generalAndAdministrativeExpenses": 0, "sellingAndMarketingExpenses": 0, "sellingGeneralAndAdministrativeExpenses": 702000000, "otherExpenses": 62000000, "operatingExpenses": 3791000000, "costAndExpenses": 48308000000, "interestIncome": 0, "interestExpense": 2055000000, "depreciationAndAmortization": 2859000000, "ebitda": 6185000000, "ebitdaratio": 0.114352802, "operatingIncome": 5348000000, "operatingIncomeRatio": 0.098877734, "totalOtherIncomeExpensesNet": -90000000, "incomeBeforeTax": 3634000000, "incomeBeforeTaxRatio": 0.0671880489, "incomeTaxExpense": 4000000, "netIncome": 1694000000, "netIncomeRatio": 0.0313199105, "eps": 1.19, "epsdiluted": 1.16, "weightedAverageShsOut": 1423800000, "weightedAverageShsOutDil": 1461400000, "link": "https://www.sec.gov/Archives/edgar/data/1276187/000127618719000011/0001276187-19-000011-index.htm", "finalLink": "https://www.sec.gov/Archives/edgar/data/1276187/000127618719000011/et12-31x201810k.htm", "calculatedOtherExpenses": 3520000000, "calculatedOperatingExpenses": 4222000000, "calculatedNetInterest": -2055000000, "calculatedOtherIncome": 341000000, "calculatedIncomeNonControlling": 1936000000, "calculatedEbitda": 8207000000}, {"date": "2017-12-31", "symbol": "ET", "reportedCurrency": "USD", "cik": "0001276187", "fillingDate": "2018-02-23", "acceptedDate": "2018-02-23 16:58:06", "calendarYear": "2017", "period": "FY", "revenue": 40523000000, "costOfRevenue": 33520000000, "grossProfit": 7003000000, "grossProfitRatio": 0.1728154381, "researchAndDevelopmentExpenses": 0, "generalAndAdministrativeExpenses": 0, "sellingAndMarketingExpenses": 0, "sellingGeneralAndAdministrativeExpenses": 607000000, "otherExpenses": 214000000, "operatingExpenses": 3251000000, "costAndExpenses": 36771000000, "interestIncome": 0, "interestExpense": 1922000000, "depreciationAndAmortization": 2554000000, "ebitda": 4110000000, "ebitdaratio": 0.1014238827, "operatingIncome": 2713000000, "operatingIncomeRatio": 0.0669496335, "totalOtherIncomeExpensesNet": -1120000000, "incomeBeforeTax": 710000000, "incomeBeforeTaxRatio": 0.017520914, "incomeTaxExpense": -1833000000, "netIncome": 954000000, "netIncomeRatio": 0.0235421859, "eps": 0.85, "epsdiluted": 0.83, "weightedAverageShsOut": 1078200000, "weightedAverageShsOutDil": 1150800000, "link": "https://www.sec.gov/Archives/edgar/data/1276187/000127618718000011/0001276187-18-000011-index.htm", "finalLink": "https://www.sec.gov/Archives/edgar/data/1276187/000127618718000011/ete12-31x201710k.htm", "calculatedOtherExpenses": 3683000000, "calculatedOperatingExpenses": 4290000000, "calculatedNetInterest": -1922000000, "calculatedOtherIncome": -81000000, "calculatedIncomeNonControlling": 1589000000, "calculatedEbitda": 5267000000}, {"date": "2016-12-31", "symbol": "ET", "reportedCurrency": "USD", "cik": "0001276187", "fillingDate": "2017-02-24", "acceptedDate": "2017-02-24 16:44:46", "calendarYear": "2016", "period": "FY", "revenue": 37504000000, "costOfRevenue": 31015000000, "grossProfit": 6489000000, "grossProfitRatio": 0.1730215444, "researchAndDevelopmentExpenses": 0, "generalAndAdministrativeExpenses": 0, "sellingAndMarketingExpenses": 0, "sellingGeneralAndAdministrativeExpenses": 807000000, "otherExpenses": 124000000, "operatingExpenses": 3503000000, "costAndExpenses": 34518000000, "interestIncome": 0, "interestExpense": 1832000000, "depreciationAndAmortization": 2359000000, "ebitda": 3380000000, "ebitdaratio": 0.0901237201, "operatingIncome": 1499000000, "operatingIncomeRatio": 0.03996907, "totalOtherIncomeExpensesNet": -1330000000, "incomeBeforeTax": -176000000, "incomeBeforeTaxRatio": -0.0046928328, "incomeTaxExpense": -217000000, "netIncome": 995000000, "netIncomeRatio": 0.0265305034, "eps": 0.94, "epsdiluted": 0.92, "weightedAverageShsOut": 1045500000, "weightedAverageShsOutDil": 1078600000, "link": "https://www.sec.gov/Archives/edgar/data/1276187/000127618717000023/0001276187-17-000023-index.htm", "finalLink": "https://www.sec.gov/Archives/edgar/data/1276187/000127618717000023/ete12-31x201610k.htm", "calculatedOtherExpenses": 4183000000, "calculatedOperatingExpenses": 4990000000, "calculatedNetInterest": -1832000000, "calculatedOtherIncome": 157000000, "calculatedIncomeNonControlling": -954000000, "calculatedEbitda": 3858000000}, {"date": "2015-12-31", "symbol": "ET", "reportedCurrency": "USD", "cik": "0001276187", "fillingDate": "2016-02-29", "acceptedDate": "2016-02-29 16:32:57", "calendarYear": "2015", "period": "FY", "revenue": 42126000000, "costOfRevenue": 36088000000, "grossProfit": 6038000000, "grossProfitRatio": 0.143331909, "researchAndDevelopmentExpenses": 0, "generalAndAdministrativeExpenses": 0, "sellingAndMarketingExpenses": 0, "sellingGeneralAndAdministrativeExpenses": 639000000, "otherExpenses": 22000000, "operatingExpenses": 3300000000, "costAndExpenses": 39388000000, "interestIncome": 0, "interestExpense": 1643000000, "depreciationAndAmortization": 2079000000, "ebitda": 3036000000, "ebitdaratio": 0.0720695058, "operatingIncome": 2399000000, "operatingIncomeRatio": 0.056948203, "totalOtherIncomeExpensesNet": -102000000, "incomeBeforeTax": 993000000, "incomeBeforeTaxRatio": 0.0235721407, "incomeTaxExpense": -100000000, "netIncome": 1189000000, "netIncomeRatio": 0.0282248493, "eps": 1.11, "epsdiluted": 1.11, "weightedAverageShsOut": 1062800000, "weightedAverageShsOutDil": 1064400000, "link": "https://www.sec.gov/Archives/edgar/data/1276187/000127618716000132/0001276187-16-000132-index.htm", "finalLink": "https://www.sec.gov/Archives/edgar/data/1276187/000127618716000132/ete12-31x201510k.htm", "calculatedOtherExpenses": 3000000000, "calculatedOperatingExpenses": 3639000000, "calculatedNetInterest": -1643000000, "calculatedOtherIncome": 237000000, "calculatedIncomeNonControlling": -96000000, "calculatedEbitda": 4478000000}, {"date": "2014-12-31", "symbol": "ET", "reportedCurrency": "USD", "cik": "0001276187", "fillingDate": "2015-03-02", "acceptedDate": "2015-03-02 11:51:21", "calendarYear": "2014", "period": "FY", "revenue": 55691000000, "costOfRevenue": 50113000000, "grossProfit": 5578000000, "grossProfitRatio": 0.1001598104, "researchAndDevelopmentExpenses": 0, "generalAndAdministrativeExpenses": 0, "sellingAndMarketingExpenses": 0, "sellingGeneralAndAdministrativeExpenses": 611000000, "otherExpenses": -11000000, "operatingExpenses": 2738000000, "costAndExpenses": 52851000000, "interestIncome": 0, "interestExpense": 1369000000, "depreciationAndAmortization": 1724000000, "ebitda": 3161000000, "ebitdaratio": 0.05675962, "operatingIncome": 2470000000, "operatingIncomeRatio": 0.0443518701, "totalOtherIncomeExpensesNet": -54000000, "incomeBeforeTax": 1417000000, "incomeBeforeTaxRatio": 0.0254439676, "incomeTaxExpense": 357000000, "netIncome": 633000000, "netIncomeRatio": 0.011366289, "eps": 0.58, "epsdiluted": 0.57, "weightedAverageShsOut": 1094676963, "weightedAverageShsOutDil": 1095000000, "link": "https://www.sec.gov/Archives/edgar/data/1276187/000127618715000014/0001276187-15-000014-index.htm", "finalLink": "https://www.sec.gov/Archives/edgar/data/1276187/000127618715000014/ete-12312014x10k.htm", "calculatedOtherExpenses": 2497000000, "calculatedOperatingExpenses": 3108000000, "calculatedNetInterest": -1369000000, "calculatedOtherIncome": 316000000, "calculatedIncomeNonControlling": 427000000, "calculatedEbitda": 4194000000}, {"date": "2013-12-31", "symbol": "ET", "reportedCurrency": "USD", "cik": "0001276187", "fillingDate": "2014-02-27", "acceptedDate": "2014-02-27 16:30:07", "calendarYear": "2013", "period": "FY", "revenue": 48335000000, "costOfRevenue": 43867000000, "grossProfit": 4468000000, "grossProfitRatio": 0.0924381918, "researchAndDevelopmentExpenses": 0, "generalAndAdministrativeExpenses": 88000000, "sellingAndMarketingExpenses": 498000000, "sellingGeneralAndAdministrativeExpenses": 586000000, "otherExpenses": -1000000, "operatingExpenses": 2396000000, "costAndExpenses": 46263000000, "interestIncome": 0, "interestExpense": 1221000000, "depreciationAndAmortization": 1313000000, "ebitda": 3620000000, "ebitdaratio": 0.0748939692, "operatingIncome": 1551000000, "operatingIncomeRatio": 0.0320885487, "totalOtherIncomeExpensesNet": -476000000, "incomeBeforeTax": 375000000, "incomeBeforeTaxRatio": 0.0077583532, "incomeTaxExpense": 93000000, "netIncome": 196000000, "netIncomeRatio": 0.0040550326, "eps": 0.18, "epsdiluted": 0.18, "weightedAverageShsOut": 1121800000, "weightedAverageShsOutDil": 1121800000, "link": "https://www.sec.gov/Archives/edgar/data/1276187/000127618714000009/0001276187-14-000009-index.htm", "finalLink": "https://www.sec.gov/Archives/edgar/data/1276187/000127618714000009/ete-12312013x10k.htm", "calculatedOtherExpenses": 2331000000, "calculatedOperatingExpenses": 2917000000, "calculatedNetInterest": -1221000000, "calculatedOtherIncome": 45000000, "calculatedIncomeNonControlling": 86000000, "calculatedEbitda": 2864000000}, {"date": "2012-12-31", "symbol": "ET", "reportedCurrency": "USD", "cik": "0001276187", "fillingDate": "2013-03-01", "acceptedDate": "2013-03-01 15:39:12", "calendarYear": "2012", "period": "FY", "revenue": 16964000000, "costOfRevenue": 13959000000, "grossProfit": 3005000000, "grossProfitRatio": 0.1771398255, "researchAndDevelopmentExpenses": 0, "generalAndAdministrativeExpenses": 0, "sellingAndMarketingExpenses": 0, "sellingGeneralAndAdministrativeExpenses": 580000000, "otherExpenses": 30000000, "operatingExpenses": 1645000000, "costAndExpenses": 15604000000, "interestIncome": 0, "interestExpense": 1018000000, "depreciationAndAmortization": 871000000, "ebitda": 1540000000, "ebitdaratio": 0.0907804763, "operatingIncome": 1360000000, "operatingIncomeRatio": 0.0801697713, "totalOtherIncomeExpensesNet": 1157000000, "incomeBeforeTax": 1437000000, "incomeBeforeTaxRatio": 0.0847087951, "incomeTaxExpense": 54000000, "netIncome": 304000000, "netIncomeRatio": 0.0179203018, "eps": 0.28, "epsdiluted": 0.28, "weightedAverageShsOut": 1069026549, "weightedAverageShsOutDil": 1069026549, "link": "https://www.sec.gov/Archives/edgar/data/1276187/000127618713000010/0001276187-13-000010-index.htm", "finalLink": "https://www.sec.gov/Archives/edgar/data/1276187/000127618713000010/ete-12312012x10k.htm", "calculatedOtherExpenses": 1065000000, "calculatedOperatingExpenses": 1645000000, "calculatedNetInterest": -1018000000, "calculatedOtherIncome": 1095000000, "calculatedIncomeNonControlling": 1079000000, "calculatedEbitda": 2231000000}, {"date": "2011-12-31", "symbol": "ET", "reportedCurrency": "USD", "cik": "0001276187", "fillingDate": "2012-02-22", "acceptedDate": "2012-02-22 16:52:39", "calendarYear": "2011", "period": "FY", "revenue": 8240703000, "costOfRevenue": 6101917000, "grossProfit": 2138786000, "grossProfitRatio": 0.259539265, "researchAndDevelopmentExpenses": 0, "generalAndAdministrativeExpenses": 0, "sellingAndMarketingExpenses": 0, "sellingGeneralAndAdministrativeExpenses": 292158000, "otherExpenses": 611809000, "operatingExpenses": 903967000, "costAndExpenses": 7005884000, "interestIncome": 0, "interestExpense": 739811000, "depreciationAndAmortization": 611809000, "ebitda": 1963816000, "ebitdaratio": 0.2383068532, "operatingIncome": 1234819000, "operatingIncomeRatio": 0.1498438907, "totalOtherIncomeExpensesNet": 50122000, "incomeBeforeTax": 545130000, "incomeBeforeTaxRatio": 0.0661509097, "incomeTaxExpense": 16883000, "netIncome": 309811000, "netIncomeRatio": 0.0375952149, "eps": 0.35, "epsdiluted": 0.35, "weightedAverageShsOut": 891800000, "weightedAverageShsOutDil": 891800000, "link": "https://www.sec.gov/Archives/edgar/data/1276187/000127618712000011/0001276187-12-000011-index.htm", "finalLink": "https://www.sec.gov/Archives/edgar/data/1276187/000127618712000011/ete-12312011x10k.htm", "calculatedOtherExpenses": 611809000, "calculatedOperatingExpenses": 903967000, "calculatedNetInterest": -739811000, "calculatedOtherIncome": 50122000, "calculatedIncomeNonControlling": 218436000, "calculatedEbitda": 1846628000}, {"date": "2010-12-31", "symbol": "ET", "reportedCurrency": "USD", "cik": "0001276187", "fillingDate": "2011-02-28", "acceptedDate": "2011-02-28 14:43:21", "calendarYear": "2010", "period": "FY", "revenue": 6598132000, "costOfRevenue": 4111337000, "grossProfit": 2486795000, "grossProfitRatio": 0.3768937936, "researchAndDevelopmentExpenses": 0, "generalAndAdministrativeExpenses": 0, "sellingAndMarketingExpenses": 0, "sellingGeneralAndAdministrativeExpenses": 234321000, "otherExpenses": 431199000, "operatingExpenses": 1450066000, "costAndExpenses": 5561403000, "interestIncome": 0, "interestExpense": 624887000, "depreciationAndAmortization": 431199000, "ebitda": 1533148000, "ebitdaratio": 0.2323609167, "operatingIncome": 1036729000, "operatingIncomeRatio": 0.1571246225, "totalOtherIncomeExpensesNet": -60280000, "incomeBeforeTax": 351562000, "incomeBeforeTaxRatio": 0.0532820501, "incomeTaxExpense": 13738000, "netIncome": 192758000, "netIncomeRatio": 0.029214026, "eps": 0.22, "epsdiluted": 0.22, "weightedAverageShsOut": 891764624, "weightedAverageShsOutDil": 891764624, "link": "https://www.sec.gov/Archives/edgar/data/1276187/000119312511049530/0001193125-11-049530-index.htm", "finalLink": "https://www.sec.gov/Archives/edgar/data/1276187/000119312511049530/d10k.htm", "calculatedOtherExpenses": 1215745000, "calculatedOperatingExpenses": 1450066000, "calculatedNetInterest": -624887000, "calculatedOtherIncome": -60280000, "calculatedIncomeNonControlling": 145066000, "calculatedEbitda": 1467928000}, {"date": "2009-12-31", "symbol": "ET", "reportedCurrency": "USD", "cik": "0001276187", "fillingDate": "2010-02-24", "acceptedDate": "2010-02-24 17:21:08", "calendarYear": "2009", "period": "FY", "revenue": 5417295000, "costOfRevenue": 3122056000, "grossProfit": 2295239000, "grossProfitRatio": 0.423687283, "researchAndDevelopmentExpenses": 0, "generalAndAdministrativeExpenses": 0, "sellingAndMarketingExpenses": 0, "sellingGeneralAndAdministrativeExpenses": 178924000, "otherExpenses": 1005917000, "operatingExpenses": 1184841000, "costAndExpenses": 4306897000, "interestIncome": 0, "interestExpense": 468420000, "depreciationAndAmortization": 325024000, "ebitda": 1456019000, "ebitdaratio": 0.2687723301, "operatingIncome": 1110398000, "operatingIncomeRatio": 0.204972777, "totalOtherIncomeExpensesNet": 65122000, "incomeBeforeTax": 707100000, "incomeBeforeTaxRatio": 0.1305263974, "incomeTaxExpense": 9229000, "netIncome": 442473000, "netIncomeRatio": 0.0816778484, "eps": 0.5, "epsdiluted": 0.5, "weightedAverageShsOut": 891592812, "weightedAverageShsOutDil": 891592812, "link": "https://www.sec.gov/Archives/edgar/data/1276187/000119312510039075/0001193125-10-039075-index.htm", "finalLink": "https://www.sec.gov/Archives/edgar/data/1276187/000119312510039075/d10k.htm", "calculatedOtherExpenses": 1005917000, "calculatedOperatingExpenses": 1184841000, "calculatedNetInterest": -468420000, "calculatedOtherIncome": 65122000, "calculatedIncomeNonControlling": 255398000, "calculatedEbitda": 1435422000}, {"date": "2008-12-31", "symbol": "ET", "reportedCurrency": "USD", "cik": "0001276187", "fillingDate": "2009-03-02", "acceptedDate": "2009-02-27 21:46:30", "calendarYear": "2008", "period": "FY", "revenue": 9293367000, "costOfRevenue": 7719911000, "grossProfit": 1573456000, "grossProfitRatio": 0.1693095732, "researchAndDevelopmentExpenses": 0, "generalAndAdministrativeExpenses": 0, "sellingAndMarketingExpenses": 0, "sellingGeneralAndAdministrativeExpenses": 200181000, "otherExpenses": 274372000, "operatingExpenses": 474553000, "costAndExpenses": 8194464000, "interestIncome": 0, "interestExpense": 357541000, "depreciationAndAmortization": 274372000, "ebitda": 1373110000, "ebitdaratio": 0.1477516168, "operatingIncome": 1098903000, "operatingIncomeRatio": 0.118245949, "totalOtherIncomeExpensesNet": -57800000, "incomeBeforeTax": 683562000, "incomeBeforeTaxRatio": 0.0735537508, "incomeTaxExpense": 3808000, "netIncome": 375044000, "netIncomeRatio": 0.0403560948, "eps": 0.42, "epsdiluted": 0.42, "weightedAverageShsOut": 891319824, "weightedAverageShsOutDil": 891319824, "link": "https://www.sec.gov/Archives/edgar/data/1276187/000119312509041412/0001193125-09-041412-index.htm", "finalLink": "https://www.sec.gov/Archives/edgar/data/1276187/000119312509041412/d10k.htm", "calculatedOtherExpenses": 274372000, "calculatedOperatingExpenses": 474553000, "calculatedNetInterest": -357541000, "calculatedOtherIncome": -57800000, "calculatedIncomeNonControlling": 304710000, "calculatedEbitda": 1373275000}, {"date": "2007-08-31", "symbol": "ET", "reportedCurrency": "USD", "cik": "0001276187", "fillingDate": "2007-10-30", "acceptedDate": "2007-10-30 17:06:43", "calendarYear": "2007", "period": "FY", "revenue": 6792037000, "costOfRevenue": 5078206000, "grossProfit": 1713831000, "grossProfitRatio": 0.2523294558, "researchAndDevelopmentExpenses": 0, "generalAndAdministrativeExpenses": 0, "sellingAndMarketingExpenses": 0, "sellingGeneralAndAdministrativeExpenses": 713112000, "otherExpenses": 191383000, "operatingExpenses": 904495000, "costAndExpenses": 5982701000, "interestIncome": 0, "interestExpense": -279986000, "depreciationAndAmortization": 198074000, "ebitda": 1013720000, "ebitdaratio": 0.1492512482, "operatingIncome": 809336000, "operatingIncomeRatio": 0.1191595393, "totalOtherIncomeExpensesNet": -1149000, "incomeBeforeTax": 563359000, "incomeBeforeTaxRatio": 0.0829440417, "incomeTaxExpense": 11391000, "netIncome": 319360000, "netIncomeRatio": 0.0470197674, "eps": 0.39, "epsdiluted": 0.39, "weightedAverageShsOut": 818314876, "weightedAverageShsOutDil": 818314876, "link": "https://www.sec.gov/Archives/edgar/data/1276187/000119312507229748/0001193125-07-229748-index.htm", "finalLink": "https://www.sec.gov/Archives/edgar/data/1276187/000119312507229748/d10k.htm", "calculatedOtherExpenses": 191383000, "calculatedOperatingExpenses": 904495000, "calculatedNetInterest": 279986000, "calculatedOtherIncome": -525963000, "calculatedIncomeNonControlling": 232608000, "calculatedEbitda": 1007410000}, {"date": "2006-08-31", "symbol": "ET", "reportedCurrency": "USD", "cik": "0001276187", "fillingDate": "2006-11-29", "acceptedDate": "2006-11-29 13:00:04", "calendarYear": "2006", "period": "FY", "revenue": 7859096000, "costOfRevenue": 6991305000, "grossProfit": 867791000, "grossProfitRatio": 0.1104186792, "researchAndDevelopmentExpenses": 0, "generalAndAdministrativeExpenses": 0, "sellingAndMarketingExpenses": 0, "sellingGeneralAndAdministrativeExpenses": 162615000, "otherExpenses": 129636000, "operatingExpenses": 292251000, "costAndExpenses": 7283556000, "interestIncome": 0, "interestExpense": -150646000, "depreciationAndAmortization": 133595000, "ebitda": 713344000, "ebitdaratio": 0.0907666734, "operatingIncome": 575540000, "operatingIncomeRatio": 0.0732323412, "totalOtherIncomeExpensesNet": -4688000, "incomeBeforeTax": 433907000, "incomeBeforeTaxRatio": 0.0552108029, "incomeTaxExpense": 23015000, "netIncome": 107140000, "netIncomeRatio": 0.0136326112, "eps": 0.2, "epsdiluted": 0.2, "weightedAverageShsOut": 535280704, "weightedAverageShsOutDil": 535280704, "link": "https://www.sec.gov/Archives/edgar/data/1276187/000119312506243515/0001193125-06-243515-index.htm", "finalLink": "https://www.sec.gov/Archives/edgar/data/1276187/000119312506243515/d10k.htm", "calculatedOtherExpenses": 129636000, "calculatedOperatingExpenses": 292251000, "calculatedNetInterest": 150646000, "calculatedOtherIncome": -292279000, "calculatedIncomeNonControlling": 303752000, "calculatedEbitda": 709135000}, {"date": "2005-08-31", "symbol": "ET", "reportedCurrency": "USD", "cik": "0001276187", "fillingDate": "2005-08-31", "acceptedDate": "2005-08-31 00:00:00", "calendarYear": "2005", "period": "FY", "revenue": 6168798000, "costOfRevenue": 5701069000, "grossProfit": 467729000, "grossProfitRatio": 0.0758217403, "researchAndDevelopmentExpenses": 0, "generalAndAdministrativeExpenses": 0, "sellingAndMarketingExpenses": 0, "sellingGeneralAndAdministrativeExpenses": 64057000, "otherExpenses": 105751000, "operatingExpenses": 169808000, "costAndExpenses": 5870877000, "interestIncome": 0, "interestExpense": 0, "depreciationAndAmortization": 111697000, "ebitda": 404307000, "ebitdaratio": 0.065540645, "operatingIncome": 297921000, "operatingIncomeRatio": 0.0482948218, "totalOtherIncomeExpensesNet": 4935000, "incomeBeforeTax": 104849000, "incomeBeforeTaxRatio": 0.0169966661, "incomeTaxExpense": 4397000, "netIncome": 146746000, "netIncomeRatio": 0.0237884269, "eps": 0.33, "epsdiluted": 0.27, "weightedAverageShsOut": 447758148, "weightedAverageShsOutDil": 531181888, "link": null, "finalLink": null, "calculatedOtherExpenses": 105751000, "calculatedOperatingExpenses": 169808000, "calculatedNetInterest": 0, "calculatedOtherIncome": -193072000, "calculatedIncomeNonControlling": -46294000, "calculatedEbitda": 409618000}, {"date": "2004-08-31", "symbol": "ET", "reportedCurrency": "USD", "cik": "0001276187", "fillingDate": "2004-08-31", "acceptedDate": "2004-08-31 00:00:00", "calendarYear": "2004", "period": "FY", "revenue": 2346957000, "costOfRevenue": 1981424000, "grossProfit": 365533000, "grossProfitRatio": 0.1557476341, "researchAndDevelopmentExpenses": 0, "generalAndAdministrativeExpenses": 0, "sellingAndMarketingExpenses": 0, "sellingGeneralAndAdministrativeExpenses": 31111000, "otherExpenses": 203616000, "operatingExpenses": 234727000, "costAndExpenses": 2216151000, "interestIncome": 0, "interestExpense": 0, "depreciationAndAmortization": 58491000, "ebitda": -205829000, "ebitdaratio": -0.0877003712, "operatingIncome": 130806000, "operatingIncomeRatio": 0.0557342976, "totalOtherIncomeExpensesNet": 395126000, "incomeBeforeTax": 449551000, "incomeBeforeTaxRatio": 0.19154633, "incomeTaxExpense": 2792000, "netIncome": 450217000, "netIncomeRatio": 0.1918301017, "eps": 0.62, "epsdiluted": 0.46, "weightedAverageShsOut": 716650544, "weightedAverageShsOutDil": 969919280, "link": null, "finalLink": null, "calculatedOtherExpenses": 203616000, "calculatedOperatingExpenses": 234727000, "calculatedNetInterest": 0, "calculatedOtherIncome": 318745000, "calculatedIncomeNonControlling": -3458000, "calculatedEbitda": 189297000}]}