{"originalCurrency": "USD", "convertedCurrency": "USD", "report": [{"date": "2023-12-31", "symbol": "ETRN", "reportedCurrency": "USD", "cik": "0001747009", "fillingDate": "2024-02-20", "acceptedDate": "2024-02-20 16:33:55", "calendarYear": "2023", "period": "FY", "revenue": 1393929000, "costOfRevenue": 344205000, "grossProfit": 1049724000, "grossProfitRatio": 0.7530684848, "researchAndDevelopmentExpenses": 0, "generalAndAdministrativeExpenses": 0, "sellingAndMarketingExpenses": 0, "sellingGeneralAndAdministrativeExpenses": 187374000, "otherExpenses": 3222000, "operatingExpenses": 365346000, "costAndExpenses": 709551000, "interestIncome": 0, "interestExpense": 426884000, "depreciationAndAmortization": 344205000, "ebitda": 1207020000, "ebitdaratio": 0.8659121089, "operatingIncome": 684378000, "operatingIncomeRatio": 0.490970487, "totalOtherIncomeExpensesNet": 178437000, "incomeBeforeTax": 435931000, "incomeBeforeTaxRatio": 0.3127354406, "incomeTaxExpense": -18823000, "netIncome": 445229000, "netIncomeRatio": 0.3194057947, "eps": 0.89, "epsdiluted": 0.89, "weightedAverageShsOut": 433963000, "weightedAverageShsOutDil": 436132000, "link": "https://www.sec.gov/Archives/edgar/data/1747009/000174700924000011/0001747009-24-000011-index.htm", "finalLink": "https://www.sec.gov/Archives/edgar/data/1747009/000174700924000011/etrn-20231231.htm", "calculatedOtherExpenses": 177972000, "calculatedOperatingExpenses": 365346000, "calculatedNetInterest": -426884000, "calculatedOtherIncome": 178437000, "calculatedIncomeNonControlling": 9525000, "calculatedEbitda": 1028583000}, {"date": "2022-12-31", "symbol": "ETRN", "reportedCurrency": "USD", "cik": "0001747009", "fillingDate": "2023-02-21", "acceptedDate": "2023-02-21 16:32:47", "calendarYear": "2022", "period": "FY", "revenue": 1357747000, "costOfRevenue": 337014000, "grossProfit": 1020733000, "grossProfitRatio": 0.7517843899, "researchAndDevelopmentExpenses": 0, "generalAndAdministrativeExpenses": 0, "sellingAndMarketingExpenses": 0, "sellingGeneralAndAdministrativeExpenses": 128472000, "otherExpenses": 154667000, "operatingExpenses": 283139000, "costAndExpenses": 620153000, "interestIncome": 394333000, "interestExpense": 394333000, "depreciationAndAmortization": 337014000, "ebitda": 751633000, "ebitdaratio": 0.5535884079, "operatingIncome": 414619000, "operatingIncomeRatio": 0.3053727977, "totalOtherIncomeExpensesNet": -665313000, "incomeBeforeTax": -250694000, "incomeBeforeTaxRatio": -0.1846397009, "incomeTaxExpense": 6444000, "netIncome": -257138000, "netIncomeRatio": -0.1893857987, "eps": -0.59, "epsdiluted": -0.59, "weightedAverageShsOut": 433341000, "weightedAverageShsOutDil": 433341000, "link": "https://www.sec.gov/Archives/edgar/data/1747009/000174700923000011/0001747009-23-000011-index.htm", "finalLink": "https://www.sec.gov/Archives/edgar/data/1747009/000174700923000011/etrn-20221231.htm", "calculatedOtherExpenses": 477642000, "calculatedOperatingExpenses": 606114000, "calculatedNetInterest": 0, "calculatedOtherIncome": -665313000, "calculatedIncomeNonControlling": 0, "calculatedEbitda": 751633000}, {"date": "2021-12-31", "symbol": "ETRN", "reportedCurrency": "USD", "cik": "0001747009", "fillingDate": "2022-02-23", "acceptedDate": "2022-02-23 16:22:22", "calendarYear": "2021", "period": "FY", "revenue": 1317037000, "costOfRevenue": 335223000, "grossProfit": 981814000, "grossProfitRatio": 0.7454718432, "researchAndDevelopmentExpenses": 0, "generalAndAdministrativeExpenses": 0, "sellingAndMarketingExpenses": 0, "sellingGeneralAndAdministrativeExpenses": 138647000, "otherExpenses": 153426000, "operatingExpenses": 292073000, "costAndExpenses": 627296000, "interestIncome": 5767000, "interestExpense": 378650000, "depreciationAndAmortization": 335223000, "ebitda": 691216000, "ebitdaratio": 0.5248265614, "operatingIncome": 355993000, "operatingIncomeRatio": 0.2702984047, "totalOtherIncomeExpensesNet": -2067032000, "incomeBeforeTax": -1711039000, "incomeBeforeTaxRatio": -1.2991578824, "incomeTaxExpense": -345091000, "netIncome": -1365948000, "netIncomeRatio": -1.0371371495, "eps": -3.15, "epsdiluted": -3.15, "weightedAverageShsOut": 433008000, "weightedAverageShsOutDil": 433008000, "link": "https://www.sec.gov/Archives/edgar/data/1747009/000174700922000007/0001747009-22-000007-index.htm", "finalLink": "https://www.sec.gov/Archives/edgar/data/1747009/000174700922000007/etrn-20211231.htm", "calculatedOtherExpenses": 487174000, "calculatedOperatingExpenses": 625821000, "calculatedNetInterest": -372883000, "calculatedOtherIncome": -1694149000, "calculatedIncomeNonControlling": 0, "calculatedEbitda": 691216000}, {"date": "2020-12-31", "symbol": "ETRN", "reportedCurrency": "USD", "cik": "0001747009", "fillingDate": "2021-02-23", "acceptedDate": "2021-02-23 16:27:36", "calendarYear": "2020", "period": "FY", "revenue": 1510825000, "costOfRevenue": 322808000, "grossProfit": 1188017000, "grossProfitRatio": 0.7863366042, "researchAndDevelopmentExpenses": 0, "generalAndAdministrativeExpenses": 129969000, "sellingAndMarketingExpenses": 0, "sellingGeneralAndAdministrativeExpenses": 129969000, "otherExpenses": 154109000, "operatingExpenses": 284078000, "costAndExpenses": 606886000, "interestIncome": 6053000, "interestExpense": 307380000, "depreciationAndAmortization": 330436000, "ebitda": 1154997000, "ebitdaratio": 0.7644809955, "operatingIncome": 824561000, "operatingIncomeRatio": 0.5457687025, "totalOtherIncomeExpensesNet": -81186000, "incomeBeforeTax": 743375000, "incomeBeforeTaxRatio": 0.4920324988, "incomeTaxExpense": 105331000, "netIncome": 638044000, "netIncomeRatio": 0.4223149604, "eps": 1.86, "epsdiluted": 1.85, "weightedAverageShsOut": 343935000, "weightedAverageShsOutDil": 343975000, "link": "https://www.sec.gov/Archives/edgar/data/1747009/000174700921000006/0001747009-21-000006-index.htm", "finalLink": "https://www.sec.gov/Archives/edgar/data/1747009/000174700921000006/etrn-20201231.htm", "calculatedOtherExpenses": 233487000, "calculatedOperatingExpenses": 363456000, "calculatedNetInterest": -301327000, "calculatedOtherIncome": 220141000, "calculatedIncomeNonControlling": 0, "calculatedEbitda": 1154997000}, {"date": "2019-12-31", "symbol": "ETRN", "reportedCurrency": "USD", "cik": "0001747009", "fillingDate": "2020-02-27", "acceptedDate": "2020-02-27 16:34:51", "calendarYear": "2019", "period": "FY", "revenue": 1630242000, "costOfRevenue": 280622000, "grossProfit": 1349620000, "grossProfitRatio": 0.8278648201, "researchAndDevelopmentExpenses": 0, "generalAndAdministrativeExpenses": 112915000, "sellingAndMarketingExpenses": 112915000, "sellingGeneralAndAdministrativeExpenses": 112915000, "otherExpenses": 165367000, "operatingExpenses": 278282000, "costAndExpenses": 558904000, "interestIncome": 6300000, "interestExpense": 256195000, "depreciationAndAmortization": 280622000, "ebitda": 1237278000, "ebitdaratio": 0.7589535787, "operatingIncome": 956656000, "operatingIncomeRatio": 0.5868183987, "totalOtherIncomeExpensesNet": -970911000, "incomeBeforeTax": -14255000, "incomeBeforeTaxRatio": -0.0087441006, "incomeTaxExpense": 50704000, "netIncome": -64959000, "netIncomeRatio": -0.0398462314, "eps": -0.25, "epsdiluted": -0.25, "weightedAverageShsOut": 254884000, "weightedAverageShsOutDil": 254884000, "link": "https://www.sec.gov/Archives/edgar/data/1747009/000174700920000005/0001747009-20-000005-index.htm", "finalLink": "https://www.sec.gov/Archives/edgar/data/1747009/000174700920000005/etrn1231201910k.htm", "calculatedOtherExpenses": 280049000, "calculatedOperatingExpenses": 392964000, "calculatedNetInterest": -249895000, "calculatedOtherIncome": -721016000, "calculatedIncomeNonControlling": 0, "calculatedEbitda": 1237278000}, {"date": "2018-12-31", "symbol": "ETRN", "reportedCurrency": "USD", "cik": "0001747009", "fillingDate": "2019-02-14", "acceptedDate": "2019-02-14 16:17:23", "calendarYear": "2018", "period": "FY", "revenue": 1495098000, "costOfRevenue": 217368000, "grossProfit": 1277730000, "grossProfitRatio": 0.8546128749, "researchAndDevelopmentExpenses": 0, "generalAndAdministrativeExpenses": 124069000, "sellingAndMarketingExpenses": 124069000, "sellingGeneralAndAdministrativeExpenses": 124069000, "otherExpenses": 5011000, "operatingExpenses": 287261000, "costAndExpenses": 504629000, "interestIncome": 0, "interestExpense": 115454000, "depreciationAndAmortization": 217368000, "ebitda": 1057258000, "ebitdaratio": 0.7071496317, "operatingIncome": 643084000, "operatingIncomeRatio": 0.430128326, "totalOtherIncomeExpensesNet": -280596000, "incomeBeforeTax": 594419000, "incomeBeforeTaxRatio": 0.3975786203, "incomeTaxExpense": 83142000, "netIncome": 218398000, "netIncomeRatio": 0.1460760432, "eps": 0.86, "epsdiluted": 0.86, "weightedAverageShsOut": 254432000, "weightedAverageShsOutDil": 255033000, "link": "https://www.sec.gov/Archives/edgar/data/1747009/000174700919000010/0001747009-19-000010-index.htm", "finalLink": "https://www.sec.gov/Archives/edgar/data/1747009/000174700919000010/etrn1231201810k.htm", "calculatedOtherExpenses": 510577000, "calculatedOperatingExpenses": 634646000, "calculatedNetInterest": -115454000, "calculatedOtherIncome": 66789000, "calculatedIncomeNonControlling": 292879000, "calculatedEbitda": 860452000}, {"date": "2017-12-31", "symbol": "ETRN", "reportedCurrency": "USD", "cik": "0001747009", "fillingDate": "2017-12-31", "acceptedDate": "2017-12-30 19:00:00", "calendarYear": "2017", "period": "FY", "revenue": 895558000, "costOfRevenue": 102214000, "grossProfit": 793344000, "grossProfitRatio": 0.8858655721, "researchAndDevelopmentExpenses": 0, "generalAndAdministrativeExpenses": 80339000, "sellingAndMarketingExpenses": 80339000, "sellingGeneralAndAdministrativeExpenses": 80339000, "otherExpenses": 4439000, "operatingExpenses": 165170000, "costAndExpenses": 267384000, "interestIncome": 0, "interestExpense": 34801000, "depreciationAndAmortization": 102214000, "ebitda": 756998000, "ebitdaratio": 0.8452808193, "operatingIncome": 543050000, "operatingIncomeRatio": 0.6063817196, "totalOtherIncomeExpensesNet": -58514000, "incomeBeforeTax": 534859000, "incomeBeforeTaxRatio": 0.5972354666, "incomeTaxExpense": 212402000, "netIncome": -27156000, "netIncomeRatio": -0.0303229942, "eps": -0.11, "epsdiluted": -0.11, "weightedAverageShsOut": 246872727, "weightedAverageShsOutDil": 254906512, "link": "", "finalLink": "", "calculatedOtherExpenses": 169955000, "calculatedOperatingExpenses": 250294000, "calculatedNetInterest": -34801000, "calculatedOtherIncome": 26610000, "calculatedIncomeNonControlling": 349613000, "calculatedEbitda": 645264000}, {"date": "2016-12-31", "symbol": "ETRN", "reportedCurrency": "USD", "cik": "0001747009", "fillingDate": "2016-12-31", "acceptedDate": "2016-12-30 19:00:00", "calendarYear": "2016", "period": "FY", "revenue": 732272000, "costOfRevenue": 62691000, "grossProfit": 669581000, "grossProfitRatio": 0.9143883693, "researchAndDevelopmentExpenses": 0, "generalAndAdministrativeExpenses": 75512000, "sellingAndMarketingExpenses": 75512000, "sellingGeneralAndAdministrativeExpenses": 75512000, "otherExpenses": 27113000, "operatingExpenses": 144767000, "costAndExpenses": 207458000, "interestIncome": 0, "interestExpense": 16761000, "depreciationAndAmortization": 62691000, "ebitda": 624516000, "ebitdaratio": 0.8528470295, "operatingIncome": 465066000, "operatingIncomeRatio": 0.6351000721, "totalOtherIncomeExpensesNet": -22737000, "incomeBeforeTax": 485316000, "incomeBeforeTaxRatio": 0.6627537309, "incomeTaxExpense": 98243000, "netIncome": 65153000, "netIncomeRatio": 0.0889737693, "eps": 0.26, "epsdiluted": 0.26, "weightedAverageShsOut": 254432347, "weightedAverageShsOutDil": 254906512, "link": "", "finalLink": "", "calculatedOtherExpenses": 129003000, "calculatedOperatingExpenses": 204515000, "calculatedNetInterest": -16761000, "calculatedOtherIncome": 37011000, "calculatedIncomeNonControlling": 321920000, "calculatedEbitda": 527757000}, {"date": "2015-12-31", "symbol": "ETRN", "reportedCurrency": "USD", "cik": "0001747009", "fillingDate": "2015-12-31", "acceptedDate": "2015-12-30 19:00:00", "calendarYear": "2015", "period": "FY", "revenue": 632936000, "costOfRevenue": 49895000, "grossProfit": 583041000, "grossProfitRatio": 0.921168965, "researchAndDevelopmentExpenses": 0, "generalAndAdministrativeExpenses": 63663000, "sellingAndMarketingExpenses": 63663000, "sellingGeneralAndAdministrativeExpenses": 63663000, "otherExpenses": 5406000, "operatingExpenses": 133141000, "costAndExpenses": 183036000, "interestIncome": 0, "interestExpense": 21348000, "depreciationAndAmortization": 49895000, "ebitda": 507568000, "ebitdaratio": 0.8019262611, "operatingIncome": 449900000, "operatingIncomeRatio": 0.7108143635, "totalOtherIncomeExpensesNet": 7773000, "incomeBeforeTax": 436325000, "incomeBeforeTaxRatio": 0.6893666974, "incomeTaxExpense": 25314000, "netIncome": 174296000, "netIncomeRatio": 0.2753769733, "eps": 0.68, "epsdiluted": 0.68, "weightedAverageShsOut": 254906512, "weightedAverageShsOutDil": 254906512, "link": "", "finalLink": "", "calculatedOtherExpenses": 69478000, "calculatedOperatingExpenses": 133141000, "calculatedNetInterest": -21348000, "calculatedOtherIncome": 7773000, "calculatedIncomeNonControlling": 236715000, "calculatedEbitda": 499795000}]}