{"originalCurrency": "USD", "convertedCurrency": "USD", "report": [{"date": "2023-12-31", "symbol": "ETSY", "reportedCurrency": "USD", "cik": "0001370637", "fillingDate": "2024-02-22", "acceptedDate": "2024-02-21 18:18:25", "calendarYear": "2023", "period": "FY", "revenue": 2748377000, "costOfRevenue": 828675000, "grossProfit": 1919702000, "grossProfitRatio": 0.6984856881, "researchAndDevelopmentExpenses": 469332000, "generalAndAdministrativeExpenses": 343242000, "sellingAndMarketingExpenses": 759196000, "sellingGeneralAndAdministrativeExpenses": 1102438000, "otherExpenses": 0, "operatingExpenses": 1571770000, "costAndExpenses": 2400445000, "interestIncome": 35999000, "interestExpense": 14042000, "depreciationAndAmortization": 91323000, "ebitda": 475254000, "ebitdaratio": 0.1729216916, "operatingIncome": 279841000, "operatingIncomeRatio": 0.1018204562, "totalOtherIncomeExpensesNet": -77069000, "incomeBeforeTax": 292820000, "incomeBeforeTaxRatio": 0.1065428797, "incomeTaxExpense": -14748000, "netIncome": 307568000, "netIncomeRatio": 0.1119089557, "eps": 2.51, "epsdiluted": 2.24, "weightedAverageShsOut": 122503366, "weightedAverageShsOutDil": 140145406, "link": "https://www.sec.gov/Archives/edgar/data/1370637/000137063724000013/0001370637-24-000013-index.htm", "finalLink": "https://www.sec.gov/Archives/edgar/data/1370637/000137063724000013/etsy-20231231.htm", "calculatedOtherExpenses": 68091000, "calculatedOperatingExpenses": 1639861000, "calculatedNetInterest": 21957000, "calculatedOtherIncome": -8978000, "calculatedIncomeNonControlling": 0, "calculatedEbitda": 371164000}, {"date": "2022-12-31", "symbol": "ETSY", "reportedCurrency": "USD", "cik": "0001370637", "fillingDate": "2023-02-23", "acceptedDate": "2023-02-22 19:04:21", "calendarYear": "2022", "period": "FY", "revenue": 2566111000, "costOfRevenue": 744592000, "grossProfit": 1821519000, "grossProfitRatio": 0.7098364022, "researchAndDevelopmentExpenses": 412398000, "generalAndAdministrativeExpenses": 312260000, "sellingAndMarketingExpenses": 710399000, "sellingGeneralAndAdministrativeExpenses": 1022659000, "otherExpenses": 1045022000, "operatingExpenses": 2480079000, "costAndExpenses": 3224671000, "interestIncome": 10956000, "interestExpense": 14168000, "depreciationAndAmortization": 96702000, "ebitda": 1528186000, "ebitdaratio": 0.5955260704, "operatingIncome": -658560000, "operatingIncomeRatio": -0.2566373785, "totalOtherIncomeExpensesNet": -1048440000, "incomeBeforeTax": -661978000, "incomeBeforeTaxRatio": -0.2579693552, "incomeTaxExpense": 32310000, "netIncome": -694288000, "netIncomeRatio": -0.2705603927, "eps": -5.48, "epsdiluted": -5.48, "weightedAverageShsOut": 126778626, "weightedAverageShsOutDil": 126778626, "link": "https://www.sec.gov/Archives/edgar/data/1370637/000137063723000017/0001370637-23-000017-index.htm", "finalLink": "https://www.sec.gov/Archives/edgar/data/1370637/000137063723000017/etsy-20221231.htm", "calculatedOtherExpenses": 1045022000, "calculatedOperatingExpenses": 2480079000, "calculatedNetInterest": -3212000, "calculatedOtherIncome": -206000, "calculatedIncomeNonControlling": 0, "calculatedEbitda": -561858000}, {"date": "2021-12-31", "symbol": "ETSY", "reportedCurrency": "USD", "cik": "0001370637", "fillingDate": "2022-02-25", "acceptedDate": "2022-02-24 18:57:10", "calendarYear": "2021", "period": "FY", "revenue": 2329114000, "costOfRevenue": 654512000, "grossProfit": 1674602000, "grossProfitRatio": 0.7189867048, "researchAndDevelopmentExpenses": 271535000, "generalAndAdministrativeExpenses": 282531000, "sellingAndMarketingExpenses": 654804000, "sellingGeneralAndAdministrativeExpenses": 937335000, "otherExpenses": 5922000, "operatingExpenses": 1208870000, "costAndExpenses": 1863382000, "interestIncome": 2137000, "interestExpense": 9885000, "depreciationAndAmortization": 74267000, "ebitda": 539999000, "ebitdaratio": 0.2318473892, "operatingIncome": 465732000, "operatingIncomeRatio": 0.1999610152, "totalOtherIncomeExpensesNet": 5922000, "incomeBeforeTax": 471654000, "incomeBeforeTaxRatio": 0.202503613, "incomeTaxExpense": -21853000, "netIncome": 493507000, "netIncomeRatio": 0.2118861507, "eps": 3.88, "epsdiluted": 3.4, "weightedAverageShsOut": 127224974, "weightedAverageShsOutDil": 146683324, "link": "https://www.sec.gov/Archives/edgar/data/1370637/000137063722000024/0001370637-22-000024-index.htm", "finalLink": "https://www.sec.gov/Archives/edgar/data/1370637/000137063722000024/etsy-20211231.htm", "calculatedOtherExpenses": 0, "calculatedOperatingExpenses": 1208870000, "calculatedNetInterest": -7748000, "calculatedOtherIncome": 13670000, "calculatedIncomeNonControlling": 0, "calculatedEbitda": 539999000}, {"date": "2020-12-31", "symbol": "ETSY", "reportedCurrency": "USD", "cik": "0001370637", "fillingDate": "2021-02-26", "acceptedDate": "2021-02-25 18:16:46", "calendarYear": "2020", "period": "FY", "revenue": 1725625000, "costOfRevenue": 464745000, "grossProfit": 1260880000, "grossProfitRatio": 0.7306801883, "researchAndDevelopmentExpenses": 180080000, "generalAndAdministrativeExpenses": 156035000, "sellingAndMarketingExpenses": 500756000, "sellingGeneralAndAdministrativeExpenses": 656791000, "otherExpenses": -58300000, "operatingExpenses": 836871000, "costAndExpenses": 1301616000, "interestIncome": 7102000, "interestExpense": 42025000, "depreciationAndAmortization": 58189000, "ebitda": 482198000, "ebitdaratio": 0.2794338283, "operatingIncome": 424009000, "operatingIncomeRatio": 0.2457132923, "totalOtherIncomeExpensesNet": -58300000, "incomeBeforeTax": 365709000, "incomeBeforeTaxRatio": 0.2119284317, "incomeTaxExpense": 16463000, "netIncome": 349246000, "netIncomeRatio": 0.2023881202, "eps": 2.88, "epsdiluted": 2.69, "weightedAverageShsOut": 121251588, "weightedAverageShsOutDil": 136414592, "link": "https://www.sec.gov/Archives/edgar/data/1370637/000137063721000012/0001370637-21-000012-index.htm", "finalLink": "https://www.sec.gov/Archives/edgar/data/1370637/000137063721000012/etsy-20201231.htm", "calculatedOtherExpenses": 0, "calculatedOperatingExpenses": 836871000, "calculatedNetInterest": -34923000, "calculatedOtherIncome": -23377000, "calculatedIncomeNonControlling": 0, "calculatedEbitda": 482198000}, {"date": "2019-12-31", "symbol": "ETSY", "reportedCurrency": "USD", "cik": "0001370637", "fillingDate": "2020-02-27", "acceptedDate": "2020-02-26 21:47:38", "calendarYear": "2019", "period": "FY", "revenue": 818379000, "costOfRevenue": 271036000, "grossProfit": 547343000, "grossProfitRatio": 0.6688135937, "researchAndDevelopmentExpenses": 121878000, "generalAndAdministrativeExpenses": 121134000, "sellingAndMarketingExpenses": 215570000, "sellingGeneralAndAdministrativeExpenses": 336704000, "otherExpenses": -8115000, "operatingExpenses": 458582000, "costAndExpenses": 729618000, "interestIncome": 13199000, "interestExpense": 24320000, "depreciationAndAmortization": 48031000, "ebitda": 136792000, "ebitdaratio": 0.1671499391, "operatingIncome": 88761000, "operatingIncomeRatio": 0.1084595279, "totalOtherIncomeExpensesNet": -8115000, "incomeBeforeTax": 80646000, "incomeBeforeTaxRatio": 0.0985435843, "incomeTaxExpense": -15248000, "netIncome": 95894000, "netIncomeRatio": 0.1171755385, "eps": 0.8, "epsdiluted": 0.76, "weightedAverageShsOut": 119665248, "weightedAverageShsOutDil": 125720073, "link": "https://www.sec.gov/Archives/edgar/data/1370637/000137063720000046/0001370637-20-000046-index.htm", "finalLink": "https://www.sec.gov/Archives/edgar/data/1370637/000137063720000046/etsy1231201910k.htm", "calculatedOtherExpenses": 0, "calculatedOperatingExpenses": 458582000, "calculatedNetInterest": -11121000, "calculatedOtherIncome": 3006000, "calculatedIncomeNonControlling": 0, "calculatedEbitda": 136792000}, {"date": "2018-12-31", "symbol": "ETSY", "reportedCurrency": "USD", "cik": "0001370637", "fillingDate": "2019-02-28", "acceptedDate": "2019-02-28 10:33:48", "calendarYear": "2018", "period": "FY", "revenue": 603693000, "costOfRevenue": 190762000, "grossProfit": 412931000, "grossProfitRatio": 0.6840082625, "researchAndDevelopmentExpenses": 97249000, "generalAndAdministrativeExpenses": 82883000, "sellingAndMarketingExpenses": 158013000, "sellingGeneralAndAdministrativeExpenses": 240896000, "otherExpenses": -19708000, "operatingExpenses": 338145000, "costAndExpenses": 528907000, "interestIncome": 8957000, "interestExpense": 22178000, "depreciationAndAmortization": 26742000, "ebitda": 101528000, "ebitdaratio": 0.1681781965, "operatingIncome": 74786000, "operatingIncomeRatio": 0.1238808467, "totalOtherIncomeExpensesNet": -19708000, "incomeBeforeTax": 55078000, "incomeBeforeTaxRatio": 0.0912351145, "incomeTaxExpense": -22413000, "netIncome": 77491000, "netIncomeRatio": 0.128361601, "eps": 0.61, "epsdiluted": 0.61, "weightedAverageShsOut": 127024163, "weightedAverageShsOutDil": 127084785, "link": "https://www.sec.gov/Archives/edgar/data/1370637/000137063719000028/0001370637-19-000028-index.htm", "finalLink": "https://www.sec.gov/Archives/edgar/data/1370637/000137063719000028/etsy1231201810k.htm", "calculatedOtherExpenses": 0, "calculatedOperatingExpenses": 338145000, "calculatedNetInterest": -13221000, "calculatedOtherIncome": -6487000, "calculatedIncomeNonControlling": 0, "calculatedEbitda": 101528000}, {"date": "2017-12-31", "symbol": "ETSY", "reportedCurrency": "USD", "cik": "0001370637", "fillingDate": "2018-03-01", "acceptedDate": "2018-02-28 17:34:39", "calendarYear": "2017", "period": "FY", "revenue": 441231000, "costOfRevenue": 150986000, "grossProfit": 290245000, "grossProfitRatio": 0.6578073617, "researchAndDevelopmentExpenses": 74616000, "generalAndAdministrativeExpenses": 91486000, "sellingAndMarketingExpenses": 109085000, "sellingGeneralAndAdministrativeExpenses": 200571000, "otherExpenses": 20369000, "operatingExpenses": 275187000, "costAndExpenses": 426173000, "interestIncome": 2394000, "interestExpense": 11130000, "depreciationAndAmortization": 27197000, "ebitda": 45417000, "ebitdaratio": 0.1029324775, "operatingIncome": 11896000, "operatingIncomeRatio": 0.0269609343, "totalOtherIncomeExpensesNet": 17207000, "incomeBeforeTax": 32265000, "incomeBeforeTaxRatio": 0.0731249618, "incomeTaxExpense": -49535000, "netIncome": 81800000, "netIncomeRatio": 0.1853904191, "eps": 0.69, "epsdiluted": 0.68, "weightedAverageShsOut": 118538687, "weightedAverageShsOutDil": 122267673, "link": "https://www.sec.gov/Archives/edgar/data/1370637/000137063718000020/0001370637-18-000020-index.htm", "finalLink": "https://www.sec.gov/Archives/edgar/data/1370637/000137063718000020/etsy1231201710k.htm", "calculatedOtherExpenses": 3162000, "calculatedOperatingExpenses": 278349000, "calculatedNetInterest": -8736000, "calculatedOtherIncome": 29105000, "calculatedIncomeNonControlling": 0, "calculatedEbitda": 39093000}, {"date": "2016-12-31", "symbol": "ETSY", "reportedCurrency": "USD", "cik": "0001370637", "fillingDate": "2017-02-28", "acceptedDate": "2017-02-28 16:42:03", "calendarYear": "2016", "period": "FY", "revenue": 364967000, "costOfRevenue": 123328000, "grossProfit": 241639000, "grossProfitRatio": 0.6620845172, "researchAndDevelopmentExpenses": 55083000, "generalAndAdministrativeExpenses": 86180000, "sellingAndMarketingExpenses": 82799000, "sellingGeneralAndAdministrativeExpenses": 168979000, "otherExpenses": -20453000, "operatingExpenses": 224062000, "costAndExpenses": 347390000, "interestIncome": 1702000, "interestExpense": 7204000, "depreciationAndAmortization": 22525000, "ebitda": 40102000, "ebitdaratio": 0.1098784274, "operatingIncome": 17577000, "operatingIncomeRatio": 0.0481605186, "totalOtherIncomeExpensesNet": -20453000, "incomeBeforeTax": -2876000, "incomeBeforeTaxRatio": -0.0078801645, "incomeTaxExpense": 27025000, "netIncome": -29901000, "netIncomeRatio": -0.0819279551, "eps": -0.26, "epsdiluted": -0.26, "weightedAverageShsOut": 113562738, "weightedAverageShsOutDil": 113562738, "link": "https://www.sec.gov/Archives/edgar/data/1370637/000137063717000018/0001370637-17-000018-index.htm", "finalLink": "https://www.sec.gov/Archives/edgar/data/1370637/000137063717000018/etsy1231201610k.htm", "calculatedOtherExpenses": 0, "calculatedOperatingExpenses": 224062000, "calculatedNetInterest": -5502000, "calculatedOtherIncome": -14951000, "calculatedIncomeNonControlling": 0, "calculatedEbitda": 40102000}, {"date": "2015-12-31", "symbol": "ETSY", "reportedCurrency": "USD", "cik": "0001370637", "fillingDate": "2016-03-01", "acceptedDate": "2016-03-01 12:29:05", "calendarYear": "2015", "period": "FY", "revenue": 273499000, "costOfRevenue": 96979000, "grossProfit": 176520000, "grossProfitRatio": 0.6454136944, "researchAndDevelopmentExpenses": 42694000, "generalAndAdministrativeExpenses": 68939000, "sellingAndMarketingExpenses": 66771000, "sellingGeneralAndAdministrativeExpenses": 135710000, "otherExpenses": -26110000, "operatingExpenses": 178404000, "costAndExpenses": 275383000, "interestIncome": 324000, "interestExpense": 1526000, "depreciationAndAmortization": 18550000, "ebitda": 16666000, "ebitdaratio": 0.0609362374, "operatingIncome": -1884000, "operatingIncomeRatio": -0.0068885078, "totalOtherIncomeExpensesNet": -26110000, "incomeBeforeTax": -27994000, "incomeBeforeTaxRatio": -0.102355036, "incomeTaxExpense": 26069000, "netIncome": -54063000, "netIncomeRatio": -0.1976716551, "eps": -0.59, "epsdiluted": -0.59, "weightedAverageShsOut": 91122291, "weightedAverageShsOutDil": 91122291, "link": "https://www.sec.gov/Archives/edgar/data/1370637/000137063716000032/0001370637-16-000032-index.htm", "finalLink": "https://www.sec.gov/Archives/edgar/data/1370637/000137063716000032/etsy1231201510k.htm", "calculatedOtherExpenses": 0, "calculatedOperatingExpenses": 178404000, "calculatedNetInterest": -1202000, "calculatedOtherIncome": -24908000, "calculatedIncomeNonControlling": 0, "calculatedEbitda": 16666000}, {"date": "2014-12-31", "symbol": "ETSY", "reportedCurrency": "USD", "cik": "0001370637", "fillingDate": "2014-12-31", "acceptedDate": "2014-12-30 19:00:00", "calendarYear": "2014", "period": "FY", "revenue": 195591000, "costOfRevenue": 73633000, "grossProfit": 121958000, "grossProfitRatio": 0.6235358478, "researchAndDevelopmentExpenses": 36634000, "generalAndAdministrativeExpenses": 51920000, "sellingAndMarketingExpenses": 39655000, "sellingGeneralAndAdministrativeExpenses": 91575000, "otherExpenses": 0, "operatingExpenses": 128209000, "costAndExpenses": 201842000, "interestIncome": 41000, "interestExpense": 590000, "depreciationAndAmortization": 17223000, "ebitda": 11013000, "ebitdaratio": 0.0563062718, "operatingIncome": -6251000, "operatingIncomeRatio": -0.0319595482, "totalOtherIncomeExpensesNet": -3460000, "incomeBeforeTax": -10260000, "incomeBeforeTaxRatio": -0.0524564014, "incomeTaxExpense": 4983000, "netIncome": -15243000, "netIncomeRatio": -0.0779330337, "eps": -0.16, "epsdiluted": -0.16, "weightedAverageShsOut": 93694906, "weightedAverageShsOutDil": 93694906, "link": "", "finalLink": "", "calculatedOtherExpenses": 0, "calculatedOperatingExpenses": 128209000, "calculatedNetInterest": -549000, "calculatedOtherIncome": -3460000, "calculatedIncomeNonControlling": 0, "calculatedEbitda": 10972000}, {"date": "2013-12-31", "symbol": "ETSY", "reportedCurrency": "USD", "cik": "0001370637", "fillingDate": "2013-12-31", "acceptedDate": "2013-12-30 19:00:00", "calendarYear": "2013", "period": "FY", "revenue": 125022000, "costOfRevenue": 47779000, "grossProfit": 77243000, "grossProfitRatio": 0.617835261, "researchAndDevelopmentExpenses": 27548000, "generalAndAdministrativeExpenses": 31112000, "sellingAndMarketingExpenses": 17850000, "sellingGeneralAndAdministrativeExpenses": 48962000, "otherExpenses": 0, "operatingExpenses": 76510000, "costAndExpenses": 124289000, "interestIncome": 46000, "interestExpense": 302000, "depreciationAndAmortization": 12380000, "ebitda": 13159000, "ebitdaratio": 0.1052534754, "operatingIncome": 733000, "operatingIncomeRatio": 0.0058629681, "totalOtherIncomeExpensesNet": -419000, "incomeBeforeTax": 58000, "incomeBeforeTaxRatio": 0.0004639184, "incomeTaxExpense": 854000, "netIncome": -796000, "netIncomeRatio": -0.0063668794, "eps": -0.0085, "epsdiluted": -0.0085, "weightedAverageShsOut": 93694906, "weightedAverageShsOutDil": 93694906, "link": "", "finalLink": "", "calculatedOtherExpenses": 0, "calculatedOperatingExpenses": 76510000, "calculatedNetInterest": -256000, "calculatedOtherIncome": -419000, "calculatedIncomeNonControlling": 0, "calculatedEbitda": 13113000}, {"date": "2012-12-31", "symbol": "ETSY", "reportedCurrency": "USD", "cik": "0001370637", "fillingDate": "2012-12-31", "acceptedDate": "2012-12-30 19:00:00", "calendarYear": "2012", "period": "FY", "revenue": 74602000, "costOfRevenue": 24493000, "grossProfit": 50109000, "grossProfitRatio": 0.6716844052, "researchAndDevelopmentExpenses": 18653000, "generalAndAdministrativeExpenses": 21909000, "sellingAndMarketingExpenses": 10902000, "sellingGeneralAndAdministrativeExpenses": 32811000, "otherExpenses": 0, "operatingExpenses": 51464000, "costAndExpenses": 75957000, "interestIncome": 48000, "interestExpense": 486000, "depreciationAndAmortization": 7930000, "ebitda": 6623000, "ebitdaratio": 0.0887777808, "operatingIncome": -1355000, "operatingIncomeRatio": -0.0181630519, "totalOtherIncomeExpensesNet": -737000, "incomeBeforeTax": -2530000, "incomeBeforeTaxRatio": -0.0339132999, "incomeTaxExpense": -145000, "netIncome": -2385000, "netIncomeRatio": -0.0319696523, "eps": -0.0255, "epsdiluted": -0.0255, "weightedAverageShsOut": 93694906, "weightedAverageShsOutDil": 93694906, "link": "", "finalLink": "", "calculatedOtherExpenses": 0, "calculatedOperatingExpenses": 51464000, "calculatedNetInterest": -438000, "calculatedOtherIncome": -737000, "calculatedIncomeNonControlling": 0, "calculatedEbitda": 6575000}]}