{"originalCurrency": "USD", "convertedCurrency": "USD", "report": [{"date": "2023-12-31", "symbol": "EVH", "reportedCurrency": "USD", "cik": "0001628908", "fillingDate": "2024-02-23", "acceptedDate": "2024-02-22 18:09:44", "calendarYear": "2023", "period": "FY", "revenue": 1963896000, "costOfRevenue": 1503426000, "grossProfit": 460470000, "grossProfitRatio": 0.2344676093, "researchAndDevelopmentExpenses": 26700000, "generalAndAdministrativeExpenses": 0, "sellingAndMarketingExpenses": 0, "sellingGeneralAndAdministrativeExpenses": 358110000, "otherExpenses": -62525000, "operatingExpenses": 481525000, "costAndExpenses": 1984951000, "interestIncome": 5256000, "interestExpense": 54205000, "depreciationAndAmortization": 123415000, "ebitda": 46381000, "ebitdaratio": 0.023616831, "operatingIncome": -71211000, "operatingIncomeRatio": -0.0362600667, "totalOtherIncomeExpensesNet": -132401000, "incomeBeforeTax": -202405000, "incomeBeforeTaxRatio": -0.1030629932, "incomeTaxExpense": -89365000, "netIncome": -113040000, "netIncomeRatio": -0.0575590561, "eps": -1.02, "epsdiluted": -1.02, "weightedAverageShsOut": 111251000, "weightedAverageShsOutDil": 111251000, "link": "https://www.sec.gov/Archives/edgar/data/1628908/000162890824000017/0001628908-24-000017-index.htm", "finalLink": "https://www.sec.gov/Archives/edgar/data/1628908/000162890824000017/evh-20231231.htm", "calculatedOtherExpenses": 146871000, "calculatedOperatingExpenses": 531681000, "calculatedNetInterest": -48949000, "calculatedOtherIncome": -82245000, "calculatedIncomeNonControlling": 0, "calculatedEbitda": 52204000}, {"date": "2022-12-31", "symbol": "EVH", "reportedCurrency": "USD", "cik": "0001628908", "fillingDate": "2023-02-24", "acceptedDate": "2023-02-24 17:09:56", "calendarYear": "2022", "period": "FY", "revenue": 1352013000, "costOfRevenue": 1035429000, "grossProfit": 316584000, "grossProfitRatio": 0.2341575118, "researchAndDevelopmentExpenses": 27000000, "generalAndAdministrativeExpenses": 0, "sellingAndMarketingExpenses": 0, "sellingGeneralAndAdministrativeExpenses": 269269000, "otherExpenses": 67195000, "operatingExpenses": 336464000, "costAndExpenses": 1371893000, "interestIncome": 1369000, "interestExpense": 15572000, "depreciationAndAmortization": 67195000, "ebitda": 7360000, "ebitdaratio": 0.0054437346, "operatingIncome": -59835000, "operatingIncomeRatio": -0.0442562313, "totalOtherIncomeExpensesNet": -2242000, "incomeBeforeTax": -62077000, "incomeBeforeTaxRatio": -0.0459144993, "incomeTaxExpense": -43376000, "netIncome": -18701000, "netIncomeRatio": -0.0138319676, "eps": -0.2, "epsdiluted": -0.2, "weightedAverageShsOut": 93699000, "weightedAverageShsOutDil": 93699000, "link": "https://www.sec.gov/Archives/edgar/data/1628908/000162890823000029/0001628908-23-000029-index.htm", "finalLink": "https://www.sec.gov/Archives/edgar/data/1628908/000162890823000029/evh-20221231.htm", "calculatedOtherExpenses": 80150000, "calculatedOperatingExpenses": 376419000, "calculatedNetInterest": -14203000, "calculatedOtherIncome": 11961000, "calculatedIncomeNonControlling": 0, "calculatedEbitda": 7360000}, {"date": "2021-12-31", "symbol": "EVH", "reportedCurrency": "USD", "cik": "0001628908", "fillingDate": "2022-02-24", "acceptedDate": "2022-02-23 17:57:14", "calendarYear": "2021", "period": "FY", "revenue": 907957000, "costOfRevenue": 657551000, "grossProfit": 250406000, "grossProfitRatio": 0.2757905936, "researchAndDevelopmentExpenses": 15500000, "generalAndAdministrativeExpenses": 219499000, "sellingAndMarketingExpenses": 0, "sellingGeneralAndAdministrativeExpenses": 219499000, "otherExpenses": 60037000, "operatingExpenses": 279536000, "costAndExpenses": 937087000, "interestIncome": 407000, "interestExpense": 25425000, "depreciationAndAmortization": 60037000, "ebitda": 90285000, "ebitdaratio": 0.0994375284, "operatingIncome": 30248000, "operatingIncomeRatio": 0.033314353, "totalOtherIncomeExpensesNet": -60049000, "incomeBeforeTax": -29801000, "incomeBeforeTaxRatio": -0.0328220389, "incomeTaxExpense": 483000, "netIncome": -30284000, "netIncomeRatio": -0.0333540024, "eps": -0.35, "epsdiluted": -0.35, "weightedAverageShsOut": 86067000, "weightedAverageShsOutDil": 86067000, "link": "https://www.sec.gov/Archives/edgar/data/1628908/000162890822000027/0001628908-22-000027-index.htm", "finalLink": "https://www.sec.gov/Archives/edgar/data/1628908/000162890822000027/evh-20211231.htm", "calculatedOtherExpenses": -14841000, "calculatedOperatingExpenses": 220158000, "calculatedNetInterest": -25018000, "calculatedOtherIncome": -35031000, "calculatedIncomeNonControlling": 0, "calculatedEbitda": 90285000}, {"date": "2020-12-31", "symbol": "EVH", "reportedCurrency": "USD", "cik": "0001628908", "fillingDate": "2021-02-26", "acceptedDate": "2021-02-25 18:07:16", "calendarYear": "2020", "period": "FY", "revenue": 1022433000, "costOfRevenue": 701373000, "grossProfit": 321060000, "grossProfitRatio": 0.3140156861, "researchAndDevelopmentExpenses": 15100000, "generalAndAdministrativeExpenses": 310551000, "sellingAndMarketingExpenses": 0, "sellingGeneralAndAdministrativeExpenses": 310551000, "otherExpenses": 61475000, "operatingExpenses": 372026000, "costAndExpenses": 1073399000, "interestIncome": 3164000, "interestExpense": 28337000, "depreciationAndAmortization": 61475000, "ebitda": 23593000, "ebitdaratio": 0.0230753507, "operatingIncome": -37882000, "operatingIncomeRatio": -0.0370508385, "totalOtherIncomeExpensesNet": -299917000, "incomeBeforeTax": -337799000, "incomeBeforeTaxRatio": -0.330387419, "incomeTaxExpense": -3553000, "netIncome": -334246000, "netIncomeRatio": -0.3269123747, "eps": -3.94, "epsdiluted": -3.94, "weightedAverageShsOut": 84928000, "weightedAverageShsOutDil": 84928000, "link": "https://www.sec.gov/Archives/edgar/data/1628908/000162890821000026/0001628908-21-000026-index.htm", "finalLink": "https://www.sec.gov/Archives/edgar/data/1628908/000162890821000026/evh-20201231.htm", "calculatedOtherExpenses": 33291000, "calculatedOperatingExpenses": 358942000, "calculatedNetInterest": -25173000, "calculatedOtherIncome": -274744000, "calculatedIncomeNonControlling": 0, "calculatedEbitda": 23593000}, {"date": "2019-12-31", "symbol": "EVH", "reportedCurrency": "USD", "cik": "0001628908", "fillingDate": "2020-03-02", "acceptedDate": "2020-03-02 06:11:06", "calendarYear": "2019", "period": "FY", "revenue": 846383000, "costOfRevenue": 513059000, "grossProfit": 333324000, "grossProfitRatio": 0.3938217096, "researchAndDevelopmentExpenses": 19800000, "generalAndAdministrativeExpenses": 392820000, "sellingAndMarketingExpenses": 0, "sellingGeneralAndAdministrativeExpenses": 392820000, "otherExpenses": 60913000, "operatingExpenses": 453733000, "costAndExpenses": 966792000, "interestIncome": 3987000, "interestExpense": 14534000, "depreciationAndAmortization": 54943000, "ebitda": -65466000, "ebitdaratio": -0.0773479619, "operatingIncome": -120409000, "operatingIncomeRatio": -0.142263018, "totalOtherIncomeExpensesNet": -206707000, "incomeBeforeTax": -327116000, "incomeBeforeTaxRatio": -0.3864869687, "incomeTaxExpense": -21536000, "netIncome": -305580000, "netIncomeRatio": -0.3610422232, "eps": -3.71, "epsdiluted": -3.71, "weightedAverageShsOut": 82364000, "weightedAverageShsOutDil": 82364000, "link": "https://www.sec.gov/Archives/edgar/data/1628908/000162890820000032/0001628908-20-000032-index.htm", "finalLink": "https://www.sec.gov/Archives/edgar/data/1628908/000162890820000032/evh12311910-k.htm", "calculatedOtherExpenses": 41113000, "calculatedOperatingExpenses": 453733000, "calculatedNetInterest": -10547000, "calculatedOtherIncome": -196160000, "calculatedIncomeNonControlling": 0, "calculatedEbitda": -65466000}, {"date": "2018-12-31", "symbol": "EVH", "reportedCurrency": "USD", "cik": "0001628908", "fillingDate": "2019-02-28", "acceptedDate": "2019-02-28 17:20:17", "calendarYear": "2018", "period": "FY", "revenue": 627063000, "costOfRevenue": 327825000, "grossProfit": 299238000, "grossProfitRatio": 0.4772056396, "researchAndDevelopmentExpenses": 18200000, "generalAndAdministrativeExpenses": 306307000, "sellingAndMarketingExpenses": 0, "sellingGeneralAndAdministrativeExpenses": 306307000, "otherExpenses": 109000, "operatingExpenses": 350822000, "costAndExpenses": 678647000, "interestIncome": 3440000, "interestExpense": 5484000, "depreciationAndAmortization": 44515000, "ebitda": -8256000, "ebitdaratio": -0.0131661412, "operatingIncome": -47480000, "operatingIncomeRatio": -0.0757180698, "totalOtherIncomeExpensesNet": -523000, "incomeBeforeTax": -54151000, "incomeBeforeTaxRatio": -0.0863565543, "incomeTaxExpense": 40000, "netIncome": -52658000, "netIncomeRatio": -0.0839756133, "eps": -0.68, "epsdiluted": -0.68, "weightedAverageShsOut": 77338000, "weightedAverageShsOutDil": 77338000, "link": "https://www.sec.gov/Archives/edgar/data/1628908/000162890819000006/0001628908-19-000006-index.htm", "finalLink": "https://www.sec.gov/Archives/edgar/data/1628908/000162890819000006/evh12311810-k.htm", "calculatedOtherExpenses": 22211000, "calculatedOperatingExpenses": 346718000, "calculatedNetInterest": -2044000, "calculatedOtherIncome": -4627000, "calculatedIncomeNonControlling": -1533000, "calculatedEbitda": -2965000}, {"date": "2017-12-31", "symbol": "EVH", "reportedCurrency": "USD", "cik": "0001628908", "fillingDate": "2018-03-01", "acceptedDate": "2018-03-01 15:52:55", "calendarYear": "2017", "period": "FY", "revenue": 434950000, "costOfRevenue": 269352000, "grossProfit": 165598000, "grossProfitRatio": 0.3807288194, "researchAndDevelopmentExpenses": 17200000, "generalAndAdministrativeExpenses": 205670000, "sellingAndMarketingExpenses": 0, "sellingGeneralAndAdministrativeExpenses": 205670000, "otherExpenses": 171000, "operatingExpenses": 238038000, "costAndExpenses": 507390000, "interestIncome": 1656000, "interestExpense": 3636000, "depreciationAndAmortization": 32368000, "ebitda": -40000000, "ebitdaratio": -0.0919645936, "operatingIncome": -72840000, "operatingIncomeRatio": -0.167467525, "totalOtherIncomeExpensesNet": -1984000, "incomeBeforeTax": -76404000, "incomeBeforeTaxRatio": -0.1756615703, "incomeTaxExpense": -6637000, "netIncome": -60665000, "netIncomeRatio": -0.1394758018, "eps": -0.94, "epsdiluted": -0.94, "weightedAverageShsOut": 64351000, "weightedAverageShsOutDil": 64351000, "link": "https://www.sec.gov/Archives/edgar/data/1628908/000162890818000015/0001628908-18-000015-index.htm", "finalLink": "https://www.sec.gov/Archives/edgar/data/1628908/000162890818000015/evh12311710-k.htm", "calculatedOtherExpenses": 15568000, "calculatedOperatingExpenses": 238438000, "calculatedNetInterest": -1980000, "calculatedOtherIncome": -1584000, "calculatedIncomeNonControlling": -9102000, "calculatedEbitda": -40472000}, {"date": "2016-12-31", "symbol": "EVH", "reportedCurrency": "USD", "cik": "0001628908", "fillingDate": "2017-03-03", "acceptedDate": "2017-03-02 21:47:55", "calendarYear": "2016", "period": "FY", "revenue": 254188000, "costOfRevenue": 155177000, "grossProfit": 99011000, "grossProfitRatio": 0.3895187814, "researchAndDevelopmentExpenses": 11100000, "generalAndAdministrativeExpenses": 160692000, "sellingAndMarketingExpenses": 0, "sellingGeneralAndAdministrativeExpenses": 160692000, "otherExpenses": 4000, "operatingExpenses": 177916000, "costAndExpenses": 333093000, "interestIncome": 0, "interestExpense": 723000, "depreciationAndAmortization": 17224000, "ebitda": 96833000, "ebitdaratio": 0.3809503202, "operatingIncome": -237419000, "operatingIncomeRatio": -0.9340291438, "totalOtherIncomeExpensesNet": -159351000, "incomeBeforeTax": -237533000, "incomeBeforeTaxRatio": -0.9344776307, "incomeTaxExpense": -10755000, "netIncome": -159742000, "netIncomeRatio": -0.628440367, "eps": -3.55, "epsdiluted": -3.55, "weightedAverageShsOut": 44997746, "weightedAverageShsOutDil": 45031000, "link": "https://www.sec.gov/Archives/edgar/data/1628908/000162890817000006/0001628908-17-000006-index.htm", "finalLink": "https://www.sec.gov/Archives/edgar/data/1628908/000162890817000006/evh12311610-k.htm", "calculatedOtherExpenses": 164638000, "calculatedOperatingExpenses": 336430000, "calculatedNetInterest": -723000, "calculatedOtherIncome": 609000, "calculatedIncomeNonControlling": -67036000, "calculatedEbitda": -220195000}, {"date": "2015-12-31", "symbol": "EVH", "reportedCurrency": "USD", "cik": "0001628908", "fillingDate": "2016-02-29", "acceptedDate": "2016-02-29 17:43:13", "calendarYear": "2015", "period": "FY", "revenue": 96878000, "costOfRevenue": 57398000, "grossProfit": 39480000, "grossProfitRatio": 0.4075228638, "researchAndDevelopmentExpenses": 5800000, "generalAndAdministrativeExpenses": 75286000, "sellingAndMarketingExpenses": 0, "sellingGeneralAndAdministrativeExpenses": 75286000, "otherExpenses": 7166000, "operatingExpenses": 82452000, "costAndExpenses": 139850000, "interestIncome": 0, "interestExpense": 293000, "depreciationAndAmortization": 7166000, "ebitda": -449939000, "ebitdaratio": -4.6443877867, "operatingIncome": -42972000, "operatingIncomeRatio": -0.4435681992, "totalOtherIncomeExpensesNet": 385968000, "incomeBeforeTax": 343289000, "incomeBeforeTaxRatio": 3.5435186523, "incomeTaxExpense": 23475000, "netIncome": 332494000, "netIncomeRatio": 3.432089845, "eps": 13.14, "epsdiluted": 6.93, "weightedAverageShsOut": 25129000, "weightedAverageShsOutDil": 46136000, "link": "https://www.sec.gov/Archives/edgar/data/1628908/000162890816000030/0001628908-16-000030-index.htm", "finalLink": "https://www.sec.gov/Archives/edgar/data/1628908/000162890816000030/evh12311510-k.htm", "calculatedOtherExpenses": 1366000, "calculatedOperatingExpenses": 82452000, "calculatedNetInterest": -293000, "calculatedOtherIncome": 386554000, "calculatedIncomeNonControlling": -12680000, "calculatedEbitda": -35806000}, {"date": "2014-12-31", "symbol": "EVH", "reportedCurrency": "USD", "cik": "0001628908", "fillingDate": "2014-12-31", "acceptedDate": "2014-12-30 19:00:00", "calendarYear": "2014", "period": "FY", "revenue": 0, "costOfRevenue": 0, "grossProfit": 0, "grossProfitRatio": 0, "researchAndDevelopmentExpenses": 0, "generalAndAdministrativeExpenses": 0, "sellingAndMarketingExpenses": 0, "sellingGeneralAndAdministrativeExpenses": 0, "otherExpenses": -25246000, "operatingExpenses": -25246000, "costAndExpenses": -25246000, "interestIncome": 0, "interestExpense": 0, "depreciationAndAmortization": 0, "ebitda": -25246000, "ebitdaratio": 0, "operatingIncome": -25246000, "operatingIncomeRatio": 0, "totalOtherIncomeExpensesNet": -25246000, "incomeBeforeTax": -25246000, "incomeBeforeTaxRatio": 0, "incomeTaxExpense": 0, "netIncome": -25246000, "netIncomeRatio": 0, "eps": -0.66, "epsdiluted": -0.66, "weightedAverageShsOut": 38226748, "weightedAverageShsOutDil": 38226748, "link": "", "finalLink": "", "calculatedOtherExpenses": 25246000, "calculatedOperatingExpenses": 25246000, "calculatedNetInterest": 0, "calculatedOtherIncome": 0, "calculatedIncomeNonControlling": 0, "calculatedEbitda": -25246000}, {"date": "2013-12-31", "symbol": "EVH", "reportedCurrency": "USD", "cik": "0001628908", "fillingDate": "2013-12-31", "acceptedDate": "2013-12-30 19:00:00", "calendarYear": "2013", "period": "FY", "revenue": 25671000, "costOfRevenue": 30018000, "grossProfit": -4347000, "grossProfitRatio": -0.1693350473, "researchAndDevelopmentExpenses": 2000000, "generalAndAdministrativeExpenses": 15600000, "sellingAndMarketingExpenses": 0, "sellingGeneralAndAdministrativeExpenses": 15600000, "otherExpenses": 1000, "operatingExpenses": 16808000, "costAndExpenses": 46826000, "interestIncome": 0, "interestExpense": 0, "depreciationAndAmortization": 1208000, "ebitda": -66193000, "ebitdaratio": -2.5785127186, "operatingIncome": -21155000, "operatingIncomeRatio": -0.8240816486, "totalOtherIncomeExpensesNet": 42006000, "incomeBeforeTax": 20031000, "incomeBeforeTaxRatio": 0.780296833, "incomeTaxExpense": 8000, "netIncome": 20023000, "netIncomeRatio": 0.7799851973, "eps": 0.0633, "epsdiluted": 0.0633, "weightedAverageShsOut": 38226748, "weightedAverageShsOutDil": 38226748, "link": "", "finalLink": "", "calculatedOtherExpenses": -792000, "calculatedOperatingExpenses": 16808000, "calculatedNetInterest": 0, "calculatedOtherIncome": 41186000, "calculatedIncomeNonControlling": 0, "calculatedEbitda": -19947000}, {"date": "2012-12-31", "symbol": "EVH", "reportedCurrency": "USD", "cik": "0001628908", "fillingDate": "2012-12-31", "acceptedDate": "2012-12-30 19:00:00", "calendarYear": "2012", "period": "FY", "revenue": 8346000, "costOfRevenue": 11274000, "grossProfit": -2928000, "grossProfitRatio": -0.3508267434, "researchAndDevelopmentExpenses": 0, "generalAndAdministrativeExpenses": 0, "sellingAndMarketingExpenses": 0, "sellingGeneralAndAdministrativeExpenses": 15977000, "otherExpenses": 0, "operatingExpenses": 16690000, "costAndExpenses": 27964000, "interestIncome": 18000, "interestExpense": 0, "depreciationAndAmortization": 114000, "ebitda": -19505000, "ebitdaratio": -2.3370476875, "operatingIncome": -19619000, "operatingIncomeRatio": -2.3507069255, "totalOtherIncomeExpensesNet": 19000, "incomeBeforeTax": -19600000, "incomeBeforeTaxRatio": -2.3484303858, "incomeTaxExpense": 337000, "netIncome": -19263000, "netIncomeRatio": -2.3080517613, "eps": -1133.12, "epsdiluted": -1133.12, "weightedAverageShsOut": 17000, "weightedAverageShsOutDil": 17000, "link": null, "finalLink": null, "calculatedOtherExpenses": 714000, "calculatedOperatingExpenses": 16691000, "calculatedNetInterest": 18000, "calculatedOtherIncome": 1000, "calculatedIncomeNonControlling": -674000, "calculatedEbitda": -19505000}]}