{"originalCurrency": "USD", "convertedCurrency": "USD", "report": [{"date": "2023-12-31", "symbol": "EVR", "reportedCurrency": "USD", "cik": "0001360901", "fillingDate": "2024-02-22", "acceptedDate": "2024-02-22 16:25:54", "calendarYear": "2023", "period": "FY", "revenue": 2442666000, "costOfRevenue": 78776000, "grossProfit": 2363890000, "grossProfitRatio": 0.9677499912, "researchAndDevelopmentExpenses": 0, "generalAndAdministrativeExpenses": 1656875000, "sellingAndMarketingExpenses": 0, "sellingGeneralAndAdministrativeExpenses": 1656875000, "otherExpenses": -1985117000, "operatingExpenses": 1985117000, "costAndExpenses": 2063893000, "interestIncome": 0, "interestExpense": 16716999, "depreciationAndAmortization": 66501000, "ebitda": 445274000, "ebitdaratio": 0.1822901698, "operatingIncome": 378773000, "operatingIncomeRatio": 0.155065408, "totalOtherIncomeExpensesNet": -12983000, "incomeBeforeTax": 365790000, "incomeBeforeTaxRatio": 0.1497503138, "incomeTaxExpense": 80567000, "netIncome": 255479000, "netIncomeRatio": 0.1045902305, "eps": 6.71, "epsdiluted": 6.37, "weightedAverageShsOut": 38101000, "weightedAverageShsOutDil": 40099000, "link": "https://www.sec.gov/Archives/edgar/data/1360901/000136090124000007/0001360901-24-000007-index.htm", "finalLink": "https://www.sec.gov/Archives/edgar/data/1360901/000136090124000007/evr-20231231.htm", "calculatedOtherExpenses": 328242000, "calculatedOperatingExpenses": 1985117000, "calculatedNetInterest": -16716999, "calculatedOtherIncome": 3733999, "calculatedIncomeNonControlling": 29744000, "calculatedEbitda": 445274000}, {"date": "2022-12-31", "symbol": "EVR", "reportedCurrency": "USD", "cik": "0001360901", "fillingDate": "2023-02-24", "acceptedDate": "2023-02-24 16:13:01", "calendarYear": "2022", "period": "FY", "revenue": 2762048000, "costOfRevenue": 1803709000, "grossProfit": 958339000, "grossProfitRatio": 0.3469668159, "researchAndDevelopmentExpenses": 0, "generalAndAdministrativeExpenses": 1697519000, "sellingAndMarketingExpenses": 0, "sellingGeneralAndAdministrativeExpenses": 1697519000, "otherExpenses": -1983288000, "operatingExpenses": 172771000, "costAndExpenses": 1976480000, "interestIncome": 0, "interestExpense": 16850000, "depreciationAndAmortization": 27713000, "ebitda": 694647000, "ebitdaratio": 0.2514970775, "operatingIncome": 666934000, "operatingIncomeRatio": 0.2414635806, "totalOtherIncomeExpensesNet": 37107000, "incomeBeforeTax": 704041000, "incomeBeforeTaxRatio": 0.254898177, "incomeTaxExpense": 172626000, "netIncome": 476520000, "netIncomeRatio": 0.172524156, "eps": 12.15, "epsdiluted": 11.61, "weightedAverageShsOut": 39224000, "weightedAverageShsOutDil": 41037000, "link": "https://www.sec.gov/Archives/edgar/data/1360901/000136090123000005/0001360901-23-000005-index.htm", "finalLink": "https://www.sec.gov/Archives/edgar/data/1360901/000136090123000005/evr-20221231.htm", "calculatedOtherExpenses": -1406114000, "calculatedOperatingExpenses": 291405000, "calculatedNetInterest": -16850000, "calculatedOtherIncome": 53957000, "calculatedIncomeNonControlling": 54895000, "calculatedEbitda": 694647000}, {"date": "2021-12-31", "symbol": "EVR", "reportedCurrency": "USD", "cik": "0001360901", "fillingDate": "2022-02-24", "acceptedDate": "2022-02-24 16:31:07", "calendarYear": "2021", "period": "FY", "revenue": 3289499000, "costOfRevenue": 1963271000, "grossProfit": 1326228000, "grossProfitRatio": 0.4031702092, "researchAndDevelopmentExpenses": 0, "generalAndAdministrativeExpenses": 1848757000, "sellingAndMarketingExpenses": 0, "sellingGeneralAndAdministrativeExpenses": 1848757000, "otherExpenses": -4150114000, "operatingExpenses": -2301357000, "costAndExpenses": -2301357000, "interestIncome": 0, "interestExpense": 17586000, "depreciationAndAmortization": 28099000, "ebitda": 1016241000, "ebitdaratio": 0.3089348864, "operatingIncome": 988142000, "operatingIncomeRatio": 0.3003928562, "totalOtherIncomeExpensesNet": 128457000, "incomeBeforeTax": 1116599000, "incomeBeforeTaxRatio": 0.3394434836, "incomeTaxExpense": 248026000, "netIncome": 740116000, "netIncomeRatio": 0.2249935324, "eps": 18.48, "epsdiluted": 17.08, "weightedAverageShsOut": 40054000, "weightedAverageShsOutDil": 43321000, "link": "https://www.sec.gov/Archives/edgar/data/1360901/000136090122000005/0001360901-22-000005-index.htm", "finalLink": "https://www.sec.gov/Archives/edgar/data/1360901/000136090122000005/evr-20211231.htm", "calculatedOtherExpenses": -1510671000, "calculatedOperatingExpenses": 338086000, "calculatedNetInterest": -17586000, "calculatedOtherIncome": 146043000, "calculatedIncomeNonControlling": 128457000, "calculatedEbitda": 1016241000}, {"date": "2020-12-31", "symbol": "EVR", "reportedCurrency": "USD", "cik": "0001360901", "fillingDate": "2021-02-25", "acceptedDate": "2021-02-25 16:12:32", "calendarYear": "2020", "period": "FY", "revenue": 2263905000, "costOfRevenue": 1489384000, "grossProfit": 774521000, "grossProfitRatio": 0.3421172708, "researchAndDevelopmentExpenses": 0, "generalAndAdministrativeExpenses": 1372339000, "sellingAndMarketingExpenses": 0, "sellingGeneralAndAdministrativeExpenses": 1372339000, "otherExpenses": -3157519000, "operatingExpenses": -1785180000, "costAndExpenses": -1785180000, "interestIncome": 0, "interestExpense": 21414000, "depreciationAndAmortization": 26245000, "ebitda": 504970000, "ebitdaratio": 0.2230526458, "operatingIncome": 478725000, "operatingIncomeRatio": 0.2114598448, "totalOtherIncomeExpensesNet": 62106000, "incomeBeforeTax": 540831000, "incomeBeforeTaxRatio": 0.2388929747, "incomeTaxExpense": 128151000, "netIncome": 350574000, "netIncomeRatio": 0.154853671, "eps": 8.64, "epsdiluted": 8.23, "weightedAverageShsOut": 40553000, "weightedAverageShsOutDil": 42623000, "link": "https://www.sec.gov/Archives/edgar/data/1360901/000136090121000005/0001360901-21-000005-index.htm", "finalLink": "https://www.sec.gov/Archives/edgar/data/1360901/000136090121000005/evr-20201231.htm", "calculatedOtherExpenses": -1076543000, "calculatedOperatingExpenses": 295796000, "calculatedNetInterest": -21414000, "calculatedOtherIncome": 83520000, "calculatedIncomeNonControlling": 62106000, "calculatedEbitda": 504970000}, {"date": "2019-12-31", "symbol": "EVR", "reportedCurrency": "USD", "cik": "0001360901", "fillingDate": "2020-02-25", "acceptedDate": "2020-02-25 16:44:06", "calendarYear": "2019", "period": "FY", "revenue": 2008698000, "costOfRevenue": 1311282000, "grossProfit": 697416000, "grossProfitRatio": 0.3471980357, "researchAndDevelopmentExpenses": 0, "generalAndAdministrativeExpenses": 1200977000, "sellingAndMarketingExpenses": 0, "sellingGeneralAndAdministrativeExpenses": 1200977000, "otherExpenses": -2817193000, "operatingExpenses": -1616216000, "costAndExpenses": -1616216000, "interestIncome": 0, "interestExpense": 20139000, "depreciationAndAmortization": 31023000, "ebitda": 423505000, "ebitdaratio": 0.2108355761, "operatingIncome": 392482000, "operatingIncomeRatio": 0.1953912435, "totalOtherIncomeExpensesNet": 56225000, "incomeBeforeTax": 448707000, "incomeBeforeTaxRatio": 0.2233820116, "incomeTaxExpense": 95046000, "netIncome": 297436000, "netIncomeRatio": 0.1480740261, "eps": 7.44, "epsdiluted": 6.89, "weightedAverageShsOut": 39994000, "weightedAverageShsOutDil": 43194000, "link": "https://www.sec.gov/Archives/edgar/data/1360901/000136090120000006/0001360901-20-000006-index.htm", "finalLink": "https://www.sec.gov/Archives/edgar/data/1360901/000136090120000006/evr1231201910k.htm", "calculatedOtherExpenses": -896043000, "calculatedOperatingExpenses": 304934000, "calculatedNetInterest": -20139000, "calculatedOtherIncome": 76364000, "calculatedIncomeNonControlling": 56225000, "calculatedEbitda": 423505000}, {"date": "2018-12-31", "symbol": "EVR", "reportedCurrency": "USD", "cik": "0001360901", "fillingDate": "2019-02-22", "acceptedDate": "2019-02-22 16:12:38", "calendarYear": "2018", "period": "FY", "revenue": 2064705000, "costOfRevenue": 1286605000, "grossProfit": 778100000, "grossProfitRatio": 0.3768577109, "researchAndDevelopmentExpenses": 0, "generalAndAdministrativeExpenses": 1197173000, "sellingAndMarketingExpenses": 0, "sellingGeneralAndAdministrativeExpenses": 1197173000, "otherExpenses": -2856950000, "operatingExpenses": -1549704000, "costAndExpenses": -1549704000, "interestIncome": 0, "interestExpense": 17771000, "depreciationAndAmortization": 27054000, "ebitda": 532905000, "ebitdaratio": 0.2581022471, "operatingIncome": 503531000, "operatingIncomeRatio": 0.2438755173, "totalOtherIncomeExpensesNet": 47840000, "incomeBeforeTax": 551371000, "incomeBeforeTaxRatio": 0.2670458976, "incomeTaxExpense": 108520000, "netIncome": 377240000, "netIncomeRatio": 0.18270891, "eps": 8.33, "epsdiluted": 8.33, "weightedAverageShsOut": 45279000, "weightedAverageShsOutDil": 45279000, "link": "https://www.sec.gov/Archives/edgar/data/1360901/000136090119000006/0001360901-19-000006-index.htm", "finalLink": "https://www.sec.gov/Archives/edgar/data/1360901/000136090119000006/evr1231201810k.htm", "calculatedOtherExpenses": -922604000, "calculatedOperatingExpenses": 274569000, "calculatedNetInterest": -17771000, "calculatedOtherIncome": 65611000, "calculatedIncomeNonControlling": 65611000, "calculatedEbitda": 530585000}, {"date": "2017-12-31", "symbol": "EVR", "reportedCurrency": "USD", "cik": "0001360901", "fillingDate": "2018-02-23", "acceptedDate": "2018-02-23 16:31:26", "calendarYear": "2017", "period": "FY", "revenue": 1704349000, "costOfRevenue": 1052974000, "grossProfit": 651375000, "grossProfitRatio": 0.382184048, "researchAndDevelopmentExpenses": 0, "generalAndAdministrativeExpenses": 962512000, "sellingAndMarketingExpenses": 0, "sellingGeneralAndAdministrativeExpenses": 962512000, "otherExpenses": -1225282000, "operatingExpenses": 65063000, "costAndExpenses": 1118037000, "interestIncome": 0, "interestExpense": 19996000, "depreciationAndAmortization": 24819000, "ebitda": 429924000, "ebitdaratio": 0.2522511528, "operatingIncome": 403892000, "operatingIncomeRatio": 0.2369772858, "totalOtherIncomeExpensesNet": 33757000, "incomeBeforeTax": 437649000, "incomeBeforeTaxRatio": 0.2567836752, "incomeTaxExpense": 258442000, "netIncome": 125454000, "netIncomeRatio": 0.0736081636, "eps": 3.16, "epsdiluted": 2.8, "weightedAverageShsOut": 39641000, "weightedAverageShsOutDil": 44826000, "link": "https://www.sec.gov/Archives/edgar/data/1360901/000136090118000006/0001360901-18-000006-index.htm", "finalLink": "https://www.sec.gov/Archives/edgar/data/1360901/000136090118000006/evr1231201710k.htm", "calculatedOtherExpenses": -715029000, "calculatedOperatingExpenses": 247483000, "calculatedNetInterest": -19996000, "calculatedOtherIncome": 53753000, "calculatedIncomeNonControlling": 53753000, "calculatedEbitda": 428711000}, {"date": "2016-12-31", "symbol": "EVR", "reportedCurrency": "USD", "cik": "0001360901", "fillingDate": "2017-02-24", "acceptedDate": "2017-02-24 16:21:29", "calendarYear": "2016", "period": "FY", "revenue": 1440052000, "costOfRevenue": 990470000, "grossProfit": 449582000, "grossProfitRatio": 0.3121984484, "researchAndDevelopmentExpenses": 0, "generalAndAdministrativeExpenses": 900590000, "sellingAndMarketingExpenses": 0, "sellingGeneralAndAdministrativeExpenses": 900590000, "otherExpenses": -1145879000, "operatingExpenses": 57667000, "costAndExpenses": 1048137000, "interestIncome": 0, "interestExpense": 16738000, "depreciationAndAmortization": 24800000, "ebitda": 268792000, "ebitdaratio": 0.1866543708, "operatingIncome": 243569000, "operatingIncomeRatio": 0.1691390311, "totalOtherIncomeExpensesNet": 24246000, "incomeBeforeTax": 267815000, "incomeBeforeTaxRatio": 0.1859759231, "incomeTaxExpense": 119303000, "netIncome": 107528000, "netIncomeRatio": 0.0746695258, "eps": 2.74, "epsdiluted": 2.43, "weightedAverageShsOut": 39220000, "weightedAverageShsOutDil": 44193000, "link": "https://www.sec.gov/Archives/edgar/data/1360901/000136090117000007/0001360901-17-000007-index.htm", "finalLink": "https://www.sec.gov/Archives/edgar/data/1360901/000136090117000007/evr1231201610k.htm", "calculatedOtherExpenses": -694577000, "calculatedOperatingExpenses": 206013000, "calculatedNetInterest": -16738000, "calculatedOtherIncome": 40984000, "calculatedIncomeNonControlling": 40984000, "calculatedEbitda": 268369000}, {"date": "2015-12-31", "symbol": "EVR", "reportedCurrency": "USD", "cik": "0001360901", "fillingDate": "2016-02-24", "acceptedDate": "2016-02-24 16:29:39", "calendarYear": "2015", "period": "FY", "revenue": 1223273000, "costOfRevenue": 878065000, "grossProfit": 345208000, "grossProfitRatio": 0.2822002938, "researchAndDevelopmentExpenses": 0, "generalAndAdministrativeExpenses": 788175000, "sellingAndMarketingExpenses": 0, "sellingGeneralAndAdministrativeExpenses": 788175000, "otherExpenses": 0, "operatingExpenses": 50817000, "costAndExpenses": 928882000, "interestIncome": 0, "interestExpense": 16975000, "depreciationAndAmortization": 27927000, "ebitda": 166504000, "ebitdaratio": 0.1361135249, "operatingIncome": 136868000, "operatingIncomeRatio": 0.111886717, "totalOtherIncomeExpensesNet": -2148000, "incomeBeforeTax": 134720000, "incomeBeforeTaxRatio": 0.1101307721, "incomeTaxExpense": 77030000, "netIncome": 42863000, "netIncomeRatio": 0.0350396028, "eps": 1.15, "epsdiluted": 0.98, "weightedAverageShsOut": 37161000, "weightedAverageShsOutDil": 43699000, "link": "https://www.sec.gov/Archives/edgar/data/1360901/000136090116000017/0001360901-16-000017-index.htm", "finalLink": "https://www.sec.gov/Archives/edgar/data/1360901/000136090116000017/evr1231201510k.htm", "calculatedOtherExpenses": -579835000, "calculatedOperatingExpenses": 208340000, "calculatedNetInterest": -16975000, "calculatedOtherIncome": 14827000, "calculatedIncomeNonControlling": 14827000, "calculatedEbitda": 164795000}, {"date": "2014-12-31", "symbol": "EVR", "reportedCurrency": "USD", "cik": "0001360901", "fillingDate": "2015-02-27", "acceptedDate": "2015-02-27 16:43:51", "calendarYear": "2014", "period": "FY", "revenue": 915858000, "costOfRevenue": 613665000, "grossProfit": 302193000, "grossProfitRatio": 0.3299561722, "researchAndDevelopmentExpenses": 0, "generalAndAdministrativeExpenses": 549516000, "sellingAndMarketingExpenses": 0, "sellingGeneralAndAdministrativeExpenses": 549516000, "otherExpenses": 0, "operatingExpenses": 45429000, "costAndExpenses": 659094000, "interestIncome": 0, "interestExpense": 15544000, "depreciationAndAmortization": 16263000, "ebitda": 189947000, "ebitdaratio": 0.2073978717, "operatingIncome": 171174000, "operatingIncomeRatio": 0.1869001526, "totalOtherIncomeExpensesNet": 4953000, "incomeBeforeTax": 176127000, "incomeBeforeTaxRatio": 0.1923081962, "incomeTaxExpense": 68756000, "netIncome": 86874000, "netIncomeRatio": 0.094855316, "eps": 2.42, "epsdiluted": 2.08, "weightedAverageShsOut": 35827000, "weightedAverageShsOutDil": 41843000, "link": "https://www.sec.gov/Archives/edgar/data/1360901/000136090115000004/0001360901-15-000004-index.htm", "finalLink": "https://www.sec.gov/Archives/edgar/data/1360901/000136090115000004/evr1231201410k.htm", "calculatedOtherExpenses": -418497000, "calculatedOperatingExpenses": 131019000, "calculatedNetInterest": -15544000, "calculatedOtherIncome": 20497000, "calculatedIncomeNonControlling": 20497000, "calculatedEbitda": 187437000}, {"date": "2013-12-31", "symbol": "EVR", "reportedCurrency": "USD", "cik": "0001360901", "fillingDate": "2014-02-28", "acceptedDate": "2014-02-28 17:19:49", "calendarYear": "2013", "period": "FY", "revenue": 765428000, "costOfRevenue": 538728000, "grossProfit": 226700000, "grossProfitRatio": 0.2961741666, "researchAndDevelopmentExpenses": 0, "generalAndAdministrativeExpenses": 485794000, "sellingAndMarketingExpenses": 0, "sellingGeneralAndAdministrativeExpenses": 485794000, "otherExpenses": 0, "operatingExpenses": 36450000, "costAndExpenses": 575178000, "interestIncome": 0, "interestExpense": 14005000, "depreciationAndAmortization": 14537000, "ebitda": 147655000, "ebitdaratio": 0.1929051459, "operatingIncome": 130956000, "operatingIncomeRatio": 0.1710885936, "totalOtherIncomeExpensesNet": 7545000, "incomeBeforeTax": 138501000, "incomeBeforeTaxRatio": 0.1809458238, "incomeTaxExpense": 63689000, "netIncome": 53262000, "netIncomeRatio": 0.0695845984, "eps": 1.65, "epsdiluted": 1.38, "weightedAverageShsOut": 32208000, "weightedAverageShsOutDil": 38481000, "link": "https://www.sec.gov/Archives/edgar/data/1360901/000136090114000008/0001360901-14-000008-index.htm", "finalLink": "https://www.sec.gov/Archives/edgar/data/1360901/000136090114000008/evr1231201310k.htm", "calculatedOtherExpenses": -390050000, "calculatedOperatingExpenses": 95744000, "calculatedNetInterest": -14005000, "calculatedOtherIncome": 21550000, "calculatedIncomeNonControlling": 21550000, "calculatedEbitda": 145493000}, {"date": "2012-12-31", "symbol": "EVR", "reportedCurrency": "USD", "cik": "0001360901", "fillingDate": "2013-02-27", "acceptedDate": "2013-02-27 17:11:09", "calendarYear": "2012", "period": "FY", "revenue": 642373000, "costOfRevenue": 483078000, "grossProfit": 159295000, "grossProfitRatio": 0.2479789779, "researchAndDevelopmentExpenses": 0, "generalAndAdministrativeExpenses": 430415000, "sellingAndMarketingExpenses": 0, "sellingGeneralAndAdministrativeExpenses": 430415000, "otherExpenses": 0, "operatingExpenses": 35506000, "costAndExpenses": 518584000, "interestIncome": 0, "interestExpense": 15301000, "depreciationAndAmortization": 16834000, "ebitda": 93882000, "ebitdaratio": 0.1461487329, "operatingIncome": 75098000, "operatingIncomeRatio": 0.1169071552, "totalOtherIncomeExpensesNet": -4711000, "incomeBeforeTax": 70387000, "incomeBeforeTaxRatio": 0.1095734098, "incomeTaxExpense": 30908000, "netIncome": 28889000, "netIncomeRatio": 0.0449723136, "eps": 0.98, "epsdiluted": 0.89, "weightedAverageShsOut": 29275000, "weightedAverageShsOutDil": 32548000, "link": "https://www.sec.gov/Archives/edgar/data/1360901/000119312513080314/0001193125-13-080314-index.htm", "finalLink": "https://www.sec.gov/Archives/edgar/data/1360901/000119312513080314/d458658d10k.htm", "calculatedOtherExpenses": -346218000, "calculatedOperatingExpenses": 84197000, "calculatedNetInterest": -15301000, "calculatedOtherIncome": 10590000, "calculatedIncomeNonControlling": 10590000, "calculatedEbitda": 91932000}, {"date": "2011-12-31", "symbol": "EVR", "reportedCurrency": "USD", "cik": "0001360901", "fillingDate": "2012-02-29", "acceptedDate": "2012-02-29 16:17:37", "calendarYear": "2011", "period": "FY", "revenue": 524264000, "costOfRevenue": 398356000, "grossProfit": 125908000, "grossProfitRatio": 0.2401614454, "researchAndDevelopmentExpenses": 0, "generalAndAdministrativeExpenses": 357680000, "sellingAndMarketingExpenses": 0, "sellingGeneralAndAdministrativeExpenses": 357680000, "otherExpenses": 0, "operatingExpenses": 33516000, "costAndExpenses": 431872000, "interestIncome": 0, "interestExpense": 19391000, "depreciationAndAmortization": 17746000, "ebitda": 69468000, "ebitdaratio": 0.1325057605, "operatingIncome": 49067000, "operatingIncomeRatio": 0.0935921597, "totalOtherIncomeExpensesNet": -12336000, "incomeBeforeTax": 36731000, "incomeBeforeTaxRatio": 0.0700620298, "incomeTaxExpense": 22724000, "netIncome": 6952000, "netIncomeRatio": 0.0132604947, "eps": 0.26, "epsdiluted": 0.23, "weightedAverageShsOut": 26019000, "weightedAverageShsOutDil": 29397000, "link": "https://www.sec.gov/Archives/edgar/data/1360901/000119312512089182/0001193125-12-089182-index.htm", "finalLink": "https://www.sec.gov/Archives/edgar/data/1360901/000119312512089182/d269066d10k.htm", "calculatedOtherExpenses": -280839000, "calculatedOperatingExpenses": 76841000, "calculatedNetInterest": -19391000, "calculatedOtherIncome": 7055000, "calculatedIncomeNonControlling": 7055000, "calculatedEbitda": 66813000}, {"date": "2010-12-31", "symbol": "EVR", "reportedCurrency": "USD", "cik": "0001360901", "fillingDate": "2011-03-09", "acceptedDate": "2011-03-09 16:33:29", "calendarYear": "2010", "period": "FY", "revenue": 378897000, "costOfRevenue": 280048000, "grossProfit": 98849000, "grossProfitRatio": 0.2608862039, "researchAndDevelopmentExpenses": 0, "generalAndAdministrativeExpenses": 251917000, "sellingAndMarketingExpenses": 0, "sellingGeneralAndAdministrativeExpenses": 251917000, "otherExpenses": 0, "operatingExpenses": 28464000, "costAndExpenses": 308512000, "interestIncome": 0, "interestExpense": 22841000, "depreciationAndAmortization": 10077000, "ebitda": 59216000, "ebitdaratio": 0.1562852174, "operatingIncome": 47675000, "operatingIncomeRatio": 0.1258257521, "totalOtherIncomeExpensesNet": -13990000, "incomeBeforeTax": 33685000, "incomeBeforeTaxRatio": 0.0889027889, "incomeTaxExpense": 15880000, "netIncome": 8954000, "netIncomeRatio": 0.0236317522, "eps": 0.45, "epsdiluted": 0.39, "weightedAverageShsOut": 19655000, "weightedAverageShsOutDil": 22968000, "link": "https://www.sec.gov/Archives/edgar/data/1360901/000119312511060912/0001193125-11-060912-index.htm", "finalLink": "https://www.sec.gov/Archives/edgar/data/1360901/000119312511060912/d10k.htm", "calculatedOtherExpenses": -200743000, "calculatedOperatingExpenses": 51174000, "calculatedNetInterest": -22841000, "calculatedOtherIncome": 8851000, "calculatedIncomeNonControlling": 8851000, "calculatedEbitda": 57752000}, {"date": "2009-12-31", "symbol": "EVR", "reportedCurrency": "USD", "cik": "0001360901", "fillingDate": "2010-02-22", "acceptedDate": "2010-02-22 17:09:41", "calendarYear": "2009", "period": "FY", "revenue": 313139000, "costOfRevenue": 233444000, "grossProfit": 79695000, "grossProfitRatio": 0.2545035911, "researchAndDevelopmentExpenses": 0, "generalAndAdministrativeExpenses": 210818000, "sellingAndMarketingExpenses": 0, "sellingGeneralAndAdministrativeExpenses": 210818000, "otherExpenses": 0, "operatingExpenses": 20930000, "costAndExpenses": 254374000, "interestIncome": 0, "interestExpense": 24269000, "depreciationAndAmortization": 4517000, "ebitda": 48103000, "ebitdaratio": 0.1536154871, "operatingIncome": 42231000, "operatingIncomeRatio": 0.1348634313, "totalOtherIncomeExpensesNet": -22453000, "incomeBeforeTax": 19778000, "incomeBeforeTaxRatio": 0.0631604495, "incomeTaxExpense": 19532000, "netIncome": -1570000, "netIncomeRatio": -0.0050137479, "eps": -0.1, "epsdiluted": -0.1, "weightedAverageShsOut": 15545000, "weightedAverageShsOutDil": 15545000, "link": "https://www.sec.gov/Archives/edgar/data/1360901/000119312510036474/0001193125-10-036474-index.htm", "finalLink": "https://www.sec.gov/Archives/edgar/data/1360901/000119312510036474/d10k.htm", "calculatedOtherExpenses": -173354000, "calculatedOperatingExpenses": 37464000, "calculatedNetInterest": -24269000, "calculatedOtherIncome": 1816000, "calculatedIncomeNonControlling": 1816000, "calculatedEbitda": 46748000}, {"date": "2008-12-31", "symbol": "EVR", "reportedCurrency": "USD", "cik": "0001360901", "fillingDate": "2009-03-13", "acceptedDate": "2009-03-12 18:55:41", "calendarYear": "2008", "period": "FY", "revenue": 194655000, "costOfRevenue": 164826000, "grossProfit": 29829000, "grossProfitRatio": 0.1532403483, "researchAndDevelopmentExpenses": 0, "generalAndAdministrativeExpenses": 146663000, "sellingAndMarketingExpenses": 0, "sellingGeneralAndAdministrativeExpenses": 146663000, "otherExpenses": 0, "operatingExpenses": 16173000, "costAndExpenses": 180999000, "interestIncome": 0, "interestExpense": 30278000, "depreciationAndAmortization": 4619000, "ebitda": 30363000, "ebitdaratio": 0.1559836634, "operatingIncome": 25744000, "operatingIncomeRatio": 0.1322545016, "totalOtherIncomeExpensesNet": -35128000, "incomeBeforeTax": -9384000, "incomeBeforeTaxRatio": -0.0482083687, "incomeTaxExpense": 179000, "netIncome": -4713000, "netIncomeRatio": -0.0242120675, "eps": -0.36, "epsdiluted": -0.36, "weightedAverageShsOut": 13072000, "weightedAverageShsOutDil": 13072000, "link": "https://www.sec.gov/Archives/edgar/data/1360901/000119312509052457/0001193125-09-052457-index.htm", "finalLink": "https://www.sec.gov/Archives/edgar/data/1360901/000119312509052457/d10k.htm", "calculatedOtherExpenses": -142578000, "calculatedOperatingExpenses": 4085000, "calculatedNetInterest": -30278000, "calculatedOtherIncome": -4850000, "calculatedIncomeNonControlling": -4850000, "calculatedEbitda": 30363000}, {"date": "2007-12-31", "symbol": "EVR", "reportedCurrency": "USD", "cik": "0001360901", "fillingDate": "2008-03-14", "acceptedDate": "2008-03-14 14:14:39", "calendarYear": "2007", "period": "FY", "revenue": 321599000, "costOfRevenue": 319898000, "grossProfit": 1701000, "grossProfitRatio": 0.0052891956, "researchAndDevelopmentExpenses": 0, "generalAndAdministrativeExpenses": 299327000, "sellingAndMarketingExpenses": 0, "sellingGeneralAndAdministrativeExpenses": 299327000, "otherExpenses": 0, "operatingExpenses": 28691000, "costAndExpenses": 348589000, "interestIncome": 24141000, "interestExpense": 18451000, "depreciationAndAmortization": 17421000, "ebitda": 13778000, "ebitdaratio": 0.042842173, "operatingIncome": -3643000, "operatingIncomeRatio": -0.0113277715, "totalOtherIncomeExpensesNet": -51292000, "incomeBeforeTax": -54935000, "incomeBeforeTaxRatio": -0.1708183172, "incomeTaxExpense": 12401000, "netIncome": -34495000, "netIncomeRatio": -0.1072609057, "eps": -3.38, "epsdiluted": -3.38, "weightedAverageShsOut": 10219000, "weightedAverageShsOutDil": 10219000, "link": "https://www.sec.gov/Archives/edgar/data/1360901/000119312508057106/0001193125-08-057106-index.htm", "finalLink": "https://www.sec.gov/Archives/edgar/data/1360901/000119312508057106/d10k.htm", "calculatedOtherExpenses": -293983000, "calculatedOperatingExpenses": 5344000, "calculatedNetInterest": 5690000, "calculatedOtherIncome": -56982000, "calculatedIncomeNonControlling": -32841000, "calculatedEbitda": 13778000}, {"date": "2006-12-31", "symbol": "EVR", "reportedCurrency": "USD", "cik": "0001360901", "fillingDate": "2007-04-02", "acceptedDate": "2007-04-02 17:17:15", "calendarYear": "2006", "period": "FY", "revenue": 207997000, "costOfRevenue": 29057000, "grossProfit": 178940000, "grossProfitRatio": 0.8603008697, "researchAndDevelopmentExpenses": 0, "generalAndAdministrativeExpenses": 72914000, "sellingAndMarketingExpenses": 0, "sellingGeneralAndAdministrativeExpenses": 72914000, "otherExpenses": 0, "operatingExpenses": 23892000, "costAndExpenses": 52949000, "interestIncome": 9265000, "interestExpense": 8500000, "depreciationAndAmortization": 4507000, "ebitda": 91142000, "ebitdaratio": 0.4381890123, "operatingIncome": 86635000, "operatingIncomeRatio": 0.4165204306, "totalOtherIncomeExpensesNet": 7497000, "incomeBeforeTax": 94132000, "incomeBeforeTaxRatio": 0.4525642197, "incomeTaxExpense": 8398000, "netIncome": 69737000, "netIncomeRatio": 0.3352788742, "eps": 10.97, "epsdiluted": 10.97, "weightedAverageShsOut": 6359609, "weightedAverageShsOutDil": 6359609, "link": "https://www.sec.gov/Archives/edgar/data/1360901/000119312507072377/0001193125-07-072377-index.htm", "finalLink": "https://www.sec.gov/Archives/edgar/data/1360901/000119312507072377/d10k.htm", "calculatedOtherExpenses": 19391000, "calculatedOperatingExpenses": 92305000, "calculatedNetInterest": 765000, "calculatedOtherIncome": 6732000, "calculatedIncomeNonControlling": 15997000, "calculatedEbitda": 91142000}, {"date": "2005-12-31", "symbol": "EVR", "reportedCurrency": "USD", "cik": "0001360901", "fillingDate": "2005-12-31", "acceptedDate": "2005-12-30 19:00:00", "calendarYear": "2005", "period": "FY", "revenue": 125635000, "costOfRevenue": 0, "grossProfit": 125635000, "grossProfitRatio": 1, "researchAndDevelopmentExpenses": 0, "generalAndAdministrativeExpenses": 24115000, "sellingAndMarketingExpenses": 0, "sellingGeneralAndAdministrativeExpenses": 24115000, "otherExpenses": -83226000, "operatingExpenses": -59111000, "costAndExpenses": -59111000, "interestIncome": 209000, "interestExpense": 0, "depreciationAndAmortization": 778000, "ebitda": 67302000, "ebitdaratio": 0.5356946711, "operatingIncome": 66524000, "operatingIncomeRatio": 0.5295021292, "totalOtherIncomeExpensesNet": 8000, "incomeBeforeTax": 66532000, "incomeBeforeTaxRatio": 0.5295658057, "incomeTaxExpense": 3372000, "netIncome": 63152000, "netIncomeRatio": 0.5026624746, "eps": 15.81, "epsdiluted": 15.81, "weightedAverageShsOut": 3995238, "weightedAverageShsOutDil": 3995238, "link": "", "finalLink": "", "calculatedOtherExpenses": 34996000, "calculatedOperatingExpenses": 59111000, "calculatedNetInterest": 209000, "calculatedOtherIncome": -201000, "calculatedIncomeNonControlling": 8000, "calculatedEbitda": 67302000}, {"date": "2004-12-31", "symbol": "EVR", "reportedCurrency": "USD", "cik": "0001360901", "fillingDate": "2004-12-31", "acceptedDate": "2004-12-30 19:00:00", "calendarYear": "2004", "period": "FY", "revenue": 86317000, "costOfRevenue": 0, "grossProfit": 86317000, "grossProfitRatio": 1, "researchAndDevelopmentExpenses": 0, "generalAndAdministrativeExpenses": 17084000, "sellingAndMarketingExpenses": 0, "sellingGeneralAndAdministrativeExpenses": 17084000, "otherExpenses": 76000, "operatingExpenses": 21324000, "costAndExpenses": 21324000, "interestIncome": 145000, "interestExpense": 0, "depreciationAndAmortization": 667000, "ebitda": 52558000, "ebitdaratio": 0.6088951192, "operatingIncome": 51891000, "operatingIncomeRatio": 0.6011677885, "totalOtherIncomeExpensesNet": 29000, "incomeBeforeTax": 51920000, "incomeBeforeTaxRatio": 0.6015037594, "incomeTaxExpense": 2114000, "netIncome": 49777000, "netIncomeRatio": 0.5766766686, "eps": 12.46, "epsdiluted": 12.46, "weightedAverageShsOut": 3995238, "weightedAverageShsOutDil": 3995238, "link": "", "finalLink": "", "calculatedOtherExpenses": 17342000, "calculatedOperatingExpenses": 34426000, "calculatedNetInterest": 145000, "calculatedOtherIncome": -116000, "calculatedIncomeNonControlling": 29000, "calculatedEbitda": 52558000}, {"date": "2003-12-31", "symbol": "EVR", "reportedCurrency": "USD", "cik": "0001360901", "fillingDate": "2003-12-31", "acceptedDate": "2003-12-30 19:00:00", "calendarYear": "2003", "period": "FY", "revenue": 60120000, "costOfRevenue": 0, "grossProfit": 60120000, "grossProfitRatio": 1, "researchAndDevelopmentExpenses": 0, "generalAndAdministrativeExpenses": 12448000, "sellingAndMarketingExpenses": 0, "sellingGeneralAndAdministrativeExpenses": 12448000, "otherExpenses": -37319000, "operatingExpenses": -24871000, "costAndExpenses": -24871000, "interestIncome": 250000, "interestExpense": 0, "depreciationAndAmortization": 626000, "ebitda": 35875000, "ebitdaratio": 0.5967232202, "operatingIncome": 35249000, "operatingIncomeRatio": 0.5863107119, "totalOtherIncomeExpensesNet": -9000, "incomeBeforeTax": 35240000, "incomeBeforeTaxRatio": 0.5861610113, "incomeTaxExpense": 905000, "netIncome": 34344000, "netIncomeRatio": 0.571257485, "eps": 8.6, "epsdiluted": 8.6, "weightedAverageShsOut": 3995238, "weightedAverageShsOutDil": 3995238, "link": "", "finalLink": "", "calculatedOtherExpenses": 12423000, "calculatedOperatingExpenses": 24871000, "calculatedNetInterest": 250000, "calculatedOtherIncome": -259000, "calculatedIncomeNonControlling": -9000, "calculatedEbitda": 35875000}]}