{"originalCurrency": "USD", "convertedCurrency": "USD", "report": [{"date": "2023-12-31", "symbol": "EW", "reportedCurrency": "USD", "cik": "0001099800", "fillingDate": "2024-02-12", "acceptedDate": "2024-02-12 16:47:29", "calendarYear": "2023", "period": "FY", "revenue": 6004800000, "costOfRevenue": 1379800000, "grossProfit": 4625000000, "grossProfitRatio": 0.7702171596, "researchAndDevelopmentExpenses": 1071800000, "generalAndAdministrativeExpenses": 1823400000, "sellingAndMarketingExpenses": 0, "sellingGeneralAndAdministrativeExpenses": 1823400000, "otherExpenses": 3400000, "operatingExpenses": 2895200000, "costAndExpenses": 4275000000, "interestIncome": 67200000, "interestExpense": 17600000, "depreciationAndAmortization": 144900000, "ebitda": 1945300000, "ebitdaratio": 0.3239575007, "operatingIncome": 1534100000, "operatingIncomeRatio": 0.2554789502, "totalOtherIncomeExpensesNet": -181300000, "incomeBeforeTax": 1598100000, "incomeBeforeTaxRatio": 0.2661370903, "incomeTaxExpense": 198700000, "netIncome": 1402400000, "netIncomeRatio": 0.2335464961, "eps": 2.31, "epsdiluted": 2.3, "weightedAverageShsOut": 606700000, "weightedAverageShsOutDil": 609400000, "link": "https://www.sec.gov/Archives/edgar/data/1099800/000109980024000004/0001099800-24-000004-index.htm", "finalLink": "https://www.sec.gov/Archives/edgar/data/1099800/000109980024000004/ew-20231231.htm", "calculatedOtherExpenses": 195700000, "calculatedOperatingExpenses": 3090900000, "calculatedNetInterest": 49600000, "calculatedOtherIncome": 14400000, "calculatedIncomeNonControlling": -3000000, "calculatedEbitda": 1679000000}, {"date": "2022-12-31", "symbol": "EW", "reportedCurrency": "USD", "cik": "0001099800", "fillingDate": "2023-02-13", "acceptedDate": "2023-02-13 16:32:19", "calendarYear": "2022", "period": "FY", "revenue": 5382400000, "costOfRevenue": 1080400000, "grossProfit": 4302000000, "grossProfitRatio": 0.7992717004, "researchAndDevelopmentExpenses": 945200000, "generalAndAdministrativeExpenses": 1566500000, "sellingAndMarketingExpenses": 1100000, "sellingGeneralAndAdministrativeExpenses": 1567600000, "otherExpenses": 2600000, "operatingExpenses": 2512800000, "costAndExpenses": 3593200000, "interestIncome": 35500000, "interestExpense": 19200000, "depreciationAndAmortization": 81400000, "ebitda": 1829900000, "ebitdaratio": 0.3399784483, "operatingIncome": 1748500000, "operatingIncomeRatio": 0.3248550832, "totalOtherIncomeExpensesNet": 18900000, "incomeBeforeTax": 1767400000, "incomeBeforeTaxRatio": 0.3283665279, "incomeTaxExpense": 245500000, "netIncome": 1521900000, "netIncomeRatio": 0.2827549049, "eps": 2.46, "epsdiluted": 2.44, "weightedAverageShsOut": 619000000, "weightedAverageShsOutDil": 624200000, "link": "https://www.sec.gov/Archives/edgar/data/1099800/000109980023000005/0001099800-23-000005-index.htm", "finalLink": "https://www.sec.gov/Archives/edgar/data/1099800/000109980023000005/ew-20221231.htm", "calculatedOtherExpenses": 40700000, "calculatedOperatingExpenses": 2553500000, "calculatedNetInterest": 16300000, "calculatedOtherIncome": 2600000, "calculatedIncomeNonControlling": 0, "calculatedEbitda": 1829900000}, {"date": "2021-12-31", "symbol": "EW", "reportedCurrency": "USD", "cik": "0001099800", "fillingDate": "2022-02-14", "acceptedDate": "2022-02-14 16:15:49", "calendarYear": "2021", "period": "FY", "revenue": 5232500000, "costOfRevenue": 1248900000, "grossProfit": 3983600000, "grossProfitRatio": 0.7613186813, "researchAndDevelopmentExpenses": 903100000, "generalAndAdministrativeExpenses": 1494000000, "sellingAndMarketingExpenses": -300000, "sellingGeneralAndAdministrativeExpenses": 1493700000, "otherExpenses": 12700000, "operatingExpenses": 2396800000, "costAndExpenses": 3645700000, "interestIncome": 17400000, "interestExpense": 18400000, "depreciationAndAmortization": 134800000, "ebitda": 1483300000, "ebitdaratio": 0.2834782609, "operatingIncome": 1348500000, "operatingIncomeRatio": 0.2577161968, "totalOtherIncomeExpensesNet": 353500000, "incomeBeforeTax": 1702000000, "incomeBeforeTaxRatio": 0.3252747253, "incomeTaxExpense": 198900000, "netIncome": 1503100000, "netIncomeRatio": 0.2872623029, "eps": 2.41, "epsdiluted": 2.38, "weightedAverageShsOut": 623300000, "weightedAverageShsOutDil": 631200000, "link": "https://www.sec.gov/Archives/edgar/data/1099800/000109980022000005/0001099800-22-000005-index.htm", "finalLink": "https://www.sec.gov/Archives/edgar/data/1099800/000109980022000005/ew-20211231.htm", "calculatedOtherExpenses": 238300000, "calculatedOperatingExpenses": 2635100000, "calculatedNetInterest": -1000000, "calculatedOtherIncome": 354500000, "calculatedIncomeNonControlling": 0, "calculatedEbitda": 1483300000}, {"date": "2020-12-31", "symbol": "EW", "reportedCurrency": "USD", "cik": "0001099800", "fillingDate": "2021-02-12", "acceptedDate": "2021-02-12 16:58:56", "calendarYear": "2020", "period": "FY", "revenue": 4386300000, "costOfRevenue": 1080600000, "grossProfit": 3305700000, "grossProfitRatio": 0.7536420217, "researchAndDevelopmentExpenses": 760700000, "generalAndAdministrativeExpenses": 0, "sellingAndMarketingExpenses": 0, "sellingGeneralAndAdministrativeExpenses": 1228400000, "otherExpenses": 11500000, "operatingExpenses": 1989100000, "costAndExpenses": 3069700000, "interestIncome": 23400000, "interestExpense": 15800000, "depreciationAndAmortization": 107200000, "ebitda": 1735600000, "ebitdaratio": 0.3956865695, "operatingIncome": 1628400000, "operatingIncomeRatio": 0.3712468367, "totalOtherIncomeExpensesNet": -711700000, "incomeBeforeTax": 916700000, "incomeBeforeTaxRatio": 0.208991633, "incomeTaxExpense": 93300000, "netIncome": 823400000, "netIncomeRatio": 0.1877208581, "eps": 1.32, "epsdiluted": 1.3, "weightedAverageShsOut": 622600000, "weightedAverageShsOutDil": 631900000, "link": "https://www.sec.gov/Archives/edgar/data/1099800/000109980021000007/0001099800-21-000007-index.htm", "finalLink": "https://www.sec.gov/Archives/edgar/data/1099800/000109980021000007/ew-20201231.htm", "calculatedOtherExpenses": -311800000, "calculatedOperatingExpenses": 1677300000, "calculatedNetInterest": 7600000, "calculatedOtherIncome": -719300000, "calculatedIncomeNonControlling": 0, "calculatedEbitda": 1735600000}, {"date": "2019-12-31", "symbol": "EW", "reportedCurrency": "USD", "cik": "0001099800", "fillingDate": "2020-02-14", "acceptedDate": "2020-02-14 16:13:26", "calendarYear": "2019", "period": "FY", "revenue": 4348000000, "costOfRevenue": 1114400000, "grossProfit": 3233600000, "grossProfitRatio": 0.7436982521, "researchAndDevelopmentExpenses": 752700000, "generalAndAdministrativeExpenses": 0, "sellingAndMarketingExpenses": 0, "sellingGeneralAndAdministrativeExpenses": 1242200000, "otherExpenses": 8200000, "operatingExpenses": 1994900000, "costAndExpenses": 3109300000, "interestIncome": 11500000, "interestExpense": 20700000, "depreciationAndAmortization": 183800000, "ebitda": 1330600000, "ebitdaratio": 0.306025759, "operatingIncome": 1146800000, "operatingIncomeRatio": 0.2637534499, "totalOtherIncomeExpensesNet": 19700000, "incomeBeforeTax": 1166500000, "incomeBeforeTaxRatio": 0.2682842686, "incomeTaxExpense": 119600000, "netIncome": 1046900000, "netIncomeRatio": 0.2407773689, "eps": 1.68, "epsdiluted": 1.64, "weightedAverageShsOut": 624899987, "weightedAverageShsOutDil": 636599987, "link": "https://www.sec.gov/Archives/edgar/data/1099800/000109980020000005/0001099800-20-000005-index.htm", "finalLink": "https://www.sec.gov/Archives/edgar/data/1099800/000109980020000005/ew10-kq42019.htm", "calculatedOtherExpenses": 91900000, "calculatedOperatingExpenses": 2086800000, "calculatedNetInterest": -9200000, "calculatedOtherIncome": 28900000, "calculatedIncomeNonControlling": 0, "calculatedEbitda": 1330600000}, {"date": "2018-12-31", "symbol": "EW", "reportedCurrency": "USD", "cik": "0001099800", "fillingDate": "2019-02-15", "acceptedDate": "2019-02-15 16:22:49", "calendarYear": "2018", "period": "FY", "revenue": 3722800000, "costOfRevenue": 939400000, "grossProfit": 2783400000, "grossProfitRatio": 0.7476630493, "researchAndDevelopmentExpenses": 622200000, "generalAndAdministrativeExpenses": 1088500000, "sellingAndMarketingExpenses": 0, "sellingGeneralAndAdministrativeExpenses": 1088500000, "otherExpenses": 4000000, "operatingExpenses": 1710700000, "costAndExpenses": 2650100000, "interestIncome": 32000000, "interestExpense": -2100000, "depreciationAndAmortization": 77400000, "ebitda": 1390100000, "ebitdaratio": 0.3734017406, "operatingIncome": 748200000, "operatingIncomeRatio": 0.2009777587, "totalOtherIncomeExpensesNet": -313400000, "incomeBeforeTax": 761400000, "incomeBeforeTaxRatio": 0.204523477, "incomeTaxExpense": 39200000, "netIncome": 722200000, "netIncomeRatio": 0.1939937681, "eps": 1.15, "epsdiluted": 1.13, "weightedAverageShsOut": 627600000, "weightedAverageShsOutDil": 640800000, "link": "https://www.sec.gov/Archives/edgar/data/1099800/000109980019000004/0001099800-19-000004-index.htm", "finalLink": "https://www.sec.gov/Archives/edgar/data/1099800/000109980019000004/ew10-kq42018.htm", "calculatedOtherExpenses": 324500000, "calculatedOperatingExpenses": 2035200000, "calculatedNetInterest": 34100000, "calculatedOtherIncome": -20900000, "calculatedIncomeNonControlling": 0, "calculatedEbitda": 825600000}, {"date": "2017-12-31", "symbol": "EW", "reportedCurrency": "USD", "cik": "0001099800", "fillingDate": "2018-02-16", "acceptedDate": "2018-02-16 16:10:41", "calendarYear": "2017", "period": "FY", "revenue": 3435300000, "costOfRevenue": 875300000, "grossProfit": 2560000000, "grossProfitRatio": 0.7452042034, "researchAndDevelopmentExpenses": 552600000, "generalAndAdministrativeExpenses": 984700000, "sellingAndMarketingExpenses": 0, "sellingGeneralAndAdministrativeExpenses": 984700000, "otherExpenses": -8200000, "operatingExpenses": 1537300000, "costAndExpenses": 2412600000, "interestIncome": 20300000, "interestExpense": 2900000, "depreciationAndAmortization": 81900000, "ebitda": 999400000, "ebitdaratio": 0.2909207347, "operatingIncome": 1022700000, "operatingIncomeRatio": 0.2977032574, "totalOtherIncomeExpensesNet": 15100000, "incomeBeforeTax": 1034900000, "incomeBeforeTaxRatio": 0.3012546211, "incomeTaxExpense": 412800000, "netIncome": 622100000, "netIncomeRatio": 0.1810904433, "eps": 0.98, "epsdiluted": 0.96, "weightedAverageShsOut": 632700000, "weightedAverageShsOutDil": 647700000, "link": "https://www.sec.gov/Archives/edgar/data/1099800/000109980018000007/0001099800-18-000007-index.htm", "finalLink": "https://www.sec.gov/Archives/edgar/data/1099800/000109980018000007/ew10-kq42017.htm", "calculatedOtherExpenses": 0, "calculatedOperatingExpenses": 1537300000, "calculatedNetInterest": 17400000, "calculatedOtherIncome": -5200000, "calculatedIncomeNonControlling": 0, "calculatedEbitda": 1104600000}, {"date": "2016-12-31", "symbol": "EW", "reportedCurrency": "USD", "cik": "0001099800", "fillingDate": "2017-02-17", "acceptedDate": "2017-02-17 17:01:03", "calendarYear": "2016", "period": "FY", "revenue": 2963700000, "costOfRevenue": 797400000, "grossProfit": 2166300000, "grossProfitRatio": 0.7309444276, "researchAndDevelopmentExpenses": 443300000, "generalAndAdministrativeExpenses": 904700000, "sellingAndMarketingExpenses": 0, "sellingGeneralAndAdministrativeExpenses": 904700000, "otherExpenses": -4900000, "operatingExpenses": 1348000000, "costAndExpenses": 2145400000, "interestIncome": 10800000, "interestExpense": 8400000, "depreciationAndAmortization": 71200000, "ebitda": 885400000, "ebitdaratio": 0.2987481864, "operatingIncome": 783800000, "operatingIncomeRatio": 0.2644667139, "totalOtherIncomeExpensesNet": -72000000, "incomeBeforeTax": 737900000, "incomeBeforeTaxRatio": 0.2489793164, "incomeTaxExpense": 168400000, "netIncome": 569500000, "netIncomeRatio": 0.1921584506, "eps": 0.89, "epsdiluted": 0.87, "weightedAverageShsOut": 639000000, "weightedAverageShsOutDil": 653400000, "link": "https://www.sec.gov/Archives/edgar/data/1099800/000109980017000008/0001099800-17-000008-index.htm", "finalLink": "https://www.sec.gov/Archives/edgar/data/1099800/000109980017000008/ew10-kq42016.htm", "calculatedOtherExpenses": 34500000, "calculatedOperatingExpenses": 1382500000, "calculatedNetInterest": 2400000, "calculatedOtherIncome": -48300000, "calculatedIncomeNonControlling": 0, "calculatedEbitda": 855000000}, {"date": "2015-12-31", "symbol": "EW", "reportedCurrency": "USD", "cik": "0001099800", "fillingDate": "2016-02-19", "acceptedDate": "2016-02-19 16:17:10", "calendarYear": "2015", "period": "FY", "revenue": 2493700000, "costOfRevenue": 617200000, "grossProfit": 1876500000, "grossProfitRatio": 0.7524962907, "researchAndDevelopmentExpenses": 383100000, "generalAndAdministrativeExpenses": 850700000, "sellingAndMarketingExpenses": 0, "sellingGeneralAndAdministrativeExpenses": 850700000, "otherExpenses": -4000000, "operatingExpenses": 1233800000, "costAndExpenses": 1851000000, "interestIncome": 7900000, "interestExpense": 9300000, "depreciationAndAmortization": 65800000, "ebitda": 649700000, "ebitdaratio": 0.2605365521, "operatingIncome": 642700000, "operatingIncomeRatio": 0.2577294783, "totalOtherIncomeExpensesNet": -11000000, "incomeBeforeTax": 622400000, "incomeBeforeTaxRatio": 0.2495889642, "incomeTaxExpense": 127500000, "netIncome": 494900000, "netIncomeRatio": 0.1984601195, "eps": 0.77, "epsdiluted": 0.75, "weightedAverageShsOut": 646500000, "weightedAverageShsOutDil": 660900000, "link": "https://www.sec.gov/Archives/edgar/data/1099800/000109980016000044/0001099800-16-000044-index.htm", "finalLink": "https://www.sec.gov/Archives/edgar/data/1099800/000109980016000044/ew10-k2015.htm", "calculatedOtherExpenses": 0, "calculatedOperatingExpenses": 1233800000, "calculatedNetInterest": -1400000, "calculatedOtherIncome": -18900000, "calculatedIncomeNonControlling": 0, "calculatedEbitda": 708500000}, {"date": "2014-12-31", "symbol": "EW", "reportedCurrency": "USD", "cik": "0001099800", "fillingDate": "2015-02-20", "acceptedDate": "2015-02-20 16:03:43", "calendarYear": "2014", "period": "FY", "revenue": 2322900000, "costOfRevenue": 625600000, "grossProfit": 1697300000, "grossProfitRatio": 0.7306814757, "researchAndDevelopmentExpenses": 346500000, "generalAndAdministrativeExpenses": 858000000, "sellingAndMarketingExpenses": 0, "sellingGeneralAndAdministrativeExpenses": 858000000, "otherExpenses": -7700000, "operatingExpenses": 1204500000, "costAndExpenses": 1830100000, "interestIncome": 6400000, "interestExpense": 10800000, "depreciationAndAmortization": 68600000, "ebitda": -176900000, "ebitdaratio": -0.0761548065, "operatingIncome": 482600000, "operatingIncomeRatio": 0.2077575444, "totalOtherIncomeExpensesNet": 662000000, "incomeBeforeTax": 1144000000, "incomeBeforeTaxRatio": 0.4924878385, "incomeTaxExpense": 332900000, "netIncome": 811100000, "netIncomeRatio": 0.3491755995, "eps": 1.27, "epsdiluted": 1.25, "weightedAverageShsOut": 639000000, "weightedAverageShsOutDil": 651000000, "link": "https://www.sec.gov/Archives/edgar/data/1099800/000104746915000998/0001047469-15-000998-index.htm", "finalLink": "https://www.sec.gov/Archives/edgar/data/1099800/000104746915000998/a2223057z10-k.htm", "calculatedOtherExpenses": 10200000, "calculatedOperatingExpenses": 1214700000, "calculatedNetInterest": -4400000, "calculatedOtherIncome": 665800000, "calculatedIncomeNonControlling": 0, "calculatedEbitda": 551200000}, {"date": "2013-12-31", "symbol": "EW", "reportedCurrency": "USD", "cik": "0001099800", "fillingDate": "2014-02-28", "acceptedDate": "2014-02-28 16:35:10", "calendarYear": "2013", "period": "FY", "revenue": 2045500000, "costOfRevenue": 522400000, "grossProfit": 1523100000, "grossProfitRatio": 0.7446101198, "researchAndDevelopmentExpenses": 323000000, "generalAndAdministrativeExpenses": 745600000, "sellingAndMarketingExpenses": 0, "sellingGeneralAndAdministrativeExpenses": 745600000, "otherExpenses": -1300000, "operatingExpenses": 1068600000, "costAndExpenses": 1591000000, "interestIncome": 4600000, "interestExpense": 5200000, "depreciationAndAmortization": 68700000, "ebitda": 387200000, "ebitdaratio": 0.1892935713, "operatingIncome": 454500000, "operatingIncomeRatio": 0.2221950623, "totalOtherIncomeExpensesNet": 66000000, "incomeBeforeTax": 515300000, "incomeBeforeTaxRatio": 0.2519188462, "incomeTaxExpense": 123600000, "netIncome": 391700000, "netIncomeRatio": 0.1914935224, "eps": 0.59, "epsdiluted": 0.57, "weightedAverageShsOut": 670200000, "weightedAverageShsOutDil": 682800000, "link": "https://www.sec.gov/Archives/edgar/data/1099800/000104746914001583/0001047469-14-001583-index.htm", "finalLink": "https://www.sec.gov/Archives/edgar/data/1099800/000104746914001583/a2218406z10-k.htm", "calculatedOtherExpenses": 0, "calculatedOperatingExpenses": 1068600000, "calculatedNetInterest": -600000, "calculatedOtherIncome": 61400000, "calculatedIncomeNonControlling": 0, "calculatedEbitda": 523200000}, {"date": "2012-12-31", "symbol": "EW", "reportedCurrency": "USD", "cik": "0001099800", "fillingDate": "2013-02-28", "acceptedDate": "2013-02-28 16:41:02", "calendarYear": "2012", "period": "FY", "revenue": 1899600000, "costOfRevenue": 494600000, "grossProfit": 1405000000, "grossProfitRatio": 0.7396293957, "researchAndDevelopmentExpenses": 291300000, "generalAndAdministrativeExpenses": 705300000, "sellingAndMarketingExpenses": 0, "sellingGeneralAndAdministrativeExpenses": 705300000, "otherExpenses": -1700000, "operatingExpenses": 996600000, "costAndExpenses": 1491200000, "interestIncome": 400000, "interestExpense": 4400000, "depreciationAndAmortization": 57300000, "ebitda": 424400000, "ebitdaratio": 0.2234154559, "operatingIncome": 408400000, "operatingIncomeRatio": 0.21499263, "totalOtherIncomeExpensesNet": -17700000, "incomeBeforeTax": 391100000, "incomeBeforeTaxRatio": 0.2058854496, "incomeTaxExpense": 97900000, "netIncome": 293200000, "netIncomeRatio": 0.1543482838, "eps": 0.43, "epsdiluted": 0.41, "weightedAverageShsOut": 689400000, "weightedAverageShsOutDil": 709800000, "link": "https://www.sec.gov/Archives/edgar/data/1099800/000104746913001954/0001047469-13-001954-index.htm", "finalLink": "https://www.sec.gov/Archives/edgar/data/1099800/000104746913001954/a2213019z10-k.htm", "calculatedOtherExpenses": 0, "calculatedOperatingExpenses": 996600000, "calculatedNetInterest": -4000000, "calculatedOtherIncome": -13300000, "calculatedIncomeNonControlling": 0, "calculatedEbitda": 465700000}, {"date": "2011-12-31", "symbol": "EW", "reportedCurrency": "USD", "cik": "0001099800", "fillingDate": "2012-02-27", "acceptedDate": "2012-02-27 16:28:20", "calendarYear": "2011", "period": "FY", "revenue": 1678600000, "costOfRevenue": 489800000, "grossProfit": 1188800000, "grossProfitRatio": 0.708209222, "researchAndDevelopmentExpenses": 246300000, "generalAndAdministrativeExpenses": 642400000, "sellingAndMarketingExpenses": 0, "sellingGeneralAndAdministrativeExpenses": 642400000, "otherExpenses": 0, "operatingExpenses": 888700000, "costAndExpenses": 1378500000, "interestIncome": 3400000, "interestExpense": 3100000, "depreciationAndAmortization": 58000000, "ebitda": 316900000, "ebitdaratio": 0.1887882759, "operatingIncome": 300100000, "operatingIncomeRatio": 0.1787799357, "totalOtherIncomeExpensesNet": -16800000, "incomeBeforeTax": 283600000, "incomeBeforeTaxRatio": 0.1689503157, "incomeTaxExpense": 46900000, "netIncome": 236700000, "netIncomeRatio": 0.1410103658, "eps": 0.35, "epsdiluted": 0.33, "weightedAverageShsOut": 687600000, "weightedAverageShsOutDil": 716400000, "link": "https://www.sec.gov/Archives/edgar/data/1099800/000104746912001617/0001047469-12-001617-index.htm", "finalLink": "https://www.sec.gov/Archives/edgar/data/1099800/000104746912001617/a2207417z10-k.htm", "calculatedOtherExpenses": 0, "calculatedOperatingExpenses": 888700000, "calculatedNetInterest": 300000, "calculatedOtherIncome": -16800000, "calculatedIncomeNonControlling": 0, "calculatedEbitda": 358100000}, {"date": "2010-12-31", "symbol": "EW", "reportedCurrency": "USD", "cik": "0001099800", "fillingDate": "2011-02-28", "acceptedDate": "2011-02-28 17:01:48", "calendarYear": "2010", "period": "FY", "revenue": 1447000000, "costOfRevenue": 408300000, "grossProfit": 1038700000, "grossProfitRatio": 0.7178299931, "researchAndDevelopmentExpenses": 204400000, "generalAndAdministrativeExpenses": 550000000, "sellingAndMarketingExpenses": 0, "sellingGeneralAndAdministrativeExpenses": 550000000, "otherExpenses": 0, "operatingExpenses": 754400000, "costAndExpenses": 1162700000, "interestIncome": 900000, "interestExpense": 2400000, "depreciationAndAmortization": 56500000, "ebitda": 298900000, "ebitdaratio": 0.2065653075, "operatingIncome": 284300000, "operatingIncomeRatio": 0.1964754665, "totalOtherIncomeExpensesNet": -14600000, "incomeBeforeTax": 268200000, "incomeBeforeTaxRatio": 0.1853489979, "incomeTaxExpense": 50200000, "netIncome": 218000000, "netIncomeRatio": 0.1506565308, "eps": 0.32, "epsdiluted": 0.31, "weightedAverageShsOut": 682200000, "weightedAverageShsOutDil": 715200000, "link": "https://www.sec.gov/Archives/edgar/data/1099800/000104746911001550/0001047469-11-001550-index.htm", "finalLink": "https://www.sec.gov/Archives/edgar/data/1099800/000104746911001550/a2202139z10-k.htm", "calculatedOtherExpenses": 0, "calculatedOperatingExpenses": 754400000, "calculatedNetInterest": -1500000, "calculatedOtherIncome": -14600000, "calculatedIncomeNonControlling": 0, "calculatedEbitda": 340800000}, {"date": "2009-12-31", "symbol": "EW", "reportedCurrency": "USD", "cik": "0001099800", "fillingDate": "2010-02-26", "acceptedDate": "2010-02-26 16:29:24", "calendarYear": "2009", "period": "FY", "revenue": 1321400000, "costOfRevenue": 399100000, "grossProfit": 922300000, "grossProfitRatio": 0.697971848, "researchAndDevelopmentExpenses": 175500000, "generalAndAdministrativeExpenses": 508800000, "sellingAndMarketingExpenses": 0, "sellingGeneralAndAdministrativeExpenses": 508800000, "otherExpenses": 0, "operatingExpenses": 684300000, "costAndExpenses": 1083400000, "interestIncome": 1600000, "interestExpense": 1100000, "depreciationAndAmortization": 58700000, "ebitda": 238000000, "ebitdaratio": 0.1801120024, "operatingIncome": 238000000, "operatingIncomeRatio": 0.1801120024, "totalOtherIncomeExpensesNet": 67500000, "incomeBeforeTax": 304400000, "incomeBeforeTaxRatio": 0.2303617376, "incomeTaxExpense": 75300000, "netIncome": 229100000, "netIncomeRatio": 0.1733767217, "eps": 0.34, "epsdiluted": 0.33, "weightedAverageShsOut": 675600000, "weightedAverageShsOutDil": 704400000, "link": "https://www.sec.gov/Archives/edgar/data/1099800/000104746910001539/0001047469-10-001539-index.htm", "finalLink": "https://www.sec.gov/Archives/edgar/data/1099800/000104746910001539/a2196662z10-k.htm", "calculatedOtherExpenses": 0, "calculatedOperatingExpenses": 684300000, "calculatedNetInterest": 500000, "calculatedOtherIncome": 65900000, "calculatedIncomeNonControlling": 0, "calculatedEbitda": 296700000}, {"date": "2008-12-31", "symbol": "EW", "reportedCurrency": "USD", "cik": "0001099800", "fillingDate": "2009-03-02", "acceptedDate": "2009-02-27 21:08:50", "calendarYear": "2008", "period": "FY", "revenue": 1237700000, "costOfRevenue": 419600000, "grossProfit": 818100000, "grossProfitRatio": 0.6609840834, "researchAndDevelopmentExpenses": 139200000, "generalAndAdministrativeExpenses": 480600000, "sellingAndMarketingExpenses": 0, "sellingGeneralAndAdministrativeExpenses": 480600000, "otherExpenses": 0, "operatingExpenses": 643800000, "costAndExpenses": 1063400000, "interestIncome": 6100000, "interestExpense": 7200000, "depreciationAndAmortization": 55600000, "ebitda": 174300000, "ebitdaratio": 0.1408257251, "operatingIncome": 198300000, "operatingIncomeRatio": 0.1602165307, "totalOtherIncomeExpensesNet": -32800000, "incomeBeforeTax": 164400000, "incomeBeforeTaxRatio": 0.1328270179, "incomeTaxExpense": 35500000, "netIncome": 128900000, "netIncomeRatio": 0.1041447847, "eps": 0.19, "epsdiluted": 0.18, "weightedAverageShsOut": 669600000, "weightedAverageShsOutDil": 715200000, "link": "https://www.sec.gov/Archives/edgar/data/1099800/000104746909002037/0001047469-09-002037-index.htm", "finalLink": "https://www.sec.gov/Archives/edgar/data/1099800/000104746909002037/a2190912z10-k.htm", "calculatedOtherExpenses": 0, "calculatedOperatingExpenses": 619800000, "calculatedNetInterest": -1100000, "calculatedOtherIncome": -32800000, "calculatedIncomeNonControlling": 0, "calculatedEbitda": 253900000}, {"date": "2007-12-31", "symbol": "EW", "reportedCurrency": "USD", "cik": "0001099800", "fillingDate": "2008-02-29", "acceptedDate": "2008-02-28 20:20:37", "calendarYear": "2007", "period": "FY", "revenue": 1091100000, "costOfRevenue": 378200000, "grossProfit": 712900000, "grossProfitRatio": 0.6533773256, "researchAndDevelopmentExpenses": 122300000, "generalAndAdministrativeExpenses": 418000000, "sellingAndMarketingExpenses": 0, "sellingGeneralAndAdministrativeExpenses": 418000000, "otherExpenses": 0, "operatingExpenses": 540300000, "costAndExpenses": 918500000, "interestIncome": -7700000, "interestExpense": 9100000, "depreciationAndAmortization": 54800000, "ebitda": 248800000, "ebitdaratio": 0.228026762, "operatingIncome": 172600000, "operatingIncomeRatio": 0.1581889836, "totalOtherIncomeExpensesNet": -21400000, "incomeBeforeTax": 149800000, "incomeBeforeTaxRatio": 0.1372926405, "incomeTaxExpense": 36800000, "netIncome": 113000000, "netIncomeRatio": 0.1035652094, "eps": 0.16, "epsdiluted": 0.16, "weightedAverageShsOut": 687600000, "weightedAverageShsOutDil": 752400000, "link": "https://www.sec.gov/Archives/edgar/data/1099800/000104746908001956/0001047469-08-001956-index.htm", "finalLink": "https://www.sec.gov/Archives/edgar/data/1099800/000104746908001956/a2183020z10-k.htm", "calculatedOtherExpenses": 0, "calculatedOperatingExpenses": 540300000, "calculatedNetInterest": -16800000, "calculatedOtherIncome": -6000000, "calculatedIncomeNonControlling": 0, "calculatedEbitda": 227400000}, {"date": "2006-12-31", "symbol": "EW", "reportedCurrency": "USD", "cik": "0001099800", "fillingDate": "2007-03-01", "acceptedDate": "2007-02-28 21:49:32", "calendarYear": "2006", "period": "FY", "revenue": 1037000000, "costOfRevenue": 373600000, "grossProfit": 663400000, "grossProfitRatio": 0.6397299904, "researchAndDevelopmentExpenses": 114200000, "generalAndAdministrativeExpenses": 376000000, "sellingAndMarketingExpenses": 0, "sellingGeneralAndAdministrativeExpenses": 376000000, "otherExpenses": 0, "operatingExpenses": 490200000, "costAndExpenses": 863800000, "interestIncome": -7800000, "interestExpense": 10500000, "depreciationAndAmortization": 56800000, "ebitda": 228200000, "ebitdaratio": 0.2200578592, "operatingIncome": 173200000, "operatingIncomeRatio": 0.1670202507, "totalOtherIncomeExpensesNet": 1800000, "incomeBeforeTax": 172300000, "incomeBeforeTaxRatio": 0.1661523626, "incomeTaxExpense": 41800000, "netIncome": 130500000, "netIncomeRatio": 0.1258437801, "eps": 0.19, "epsdiluted": 0.18, "weightedAverageShsOut": 702000000, "weightedAverageShsOutDil": 766800000, "link": "https://www.sec.gov/Archives/edgar/data/1099800/000104746907001507/0001047469-07-001507-index.htm", "finalLink": "https://www.sec.gov/Archives/edgar/data/1099800/000104746907001507/a2176362z10-k.htm", "calculatedOtherExpenses": 0, "calculatedOperatingExpenses": 490200000, "calculatedNetInterest": -18300000, "calculatedOtherIncome": 17400000, "calculatedIncomeNonControlling": 0, "calculatedEbitda": 230000000}, {"date": "2005-12-31", "symbol": "EW", "reportedCurrency": "USD", "cik": "0001099800", "fillingDate": "2006-03-09", "acceptedDate": "2006-03-09 17:19:26", "calendarYear": "2005", "period": "FY", "revenue": 997900000, "costOfRevenue": 374600000, "grossProfit": 623300000, "grossProfitRatio": 0.6246116845, "researchAndDevelopmentExpenses": 99000000, "generalAndAdministrativeExpenses": 348700000, "sellingAndMarketingExpenses": 0, "sellingGeneralAndAdministrativeExpenses": 348700000, "otherExpenses": 0, "operatingExpenses": 447700000, "costAndExpenses": 822300000, "interestIncome": 0, "interestExpense": 9700000, "depreciationAndAmortization": 56200000, "ebitda": 281000000, "ebitdaratio": 0.2815913418, "operatingIncome": 175600000, "operatingIncomeRatio": 0.175969536, "totalOtherIncomeExpensesNet": -49200000, "incomeBeforeTax": 116700000, "incomeBeforeTaxRatio": 0.1169455857, "incomeTaxExpense": 37400000, "netIncome": 79300000, "netIncomeRatio": 0.0794668804, "eps": 0.11, "epsdiluted": 0.11, "weightedAverageShsOut": 715200000, "weightedAverageShsOutDil": 747600000, "link": "https://www.sec.gov/Archives/edgar/data/1099800/000104746906003132/0001047469-06-003132-index.htm", "finalLink": "https://www.sec.gov/Archives/edgar/data/1099800/000104746906003132/a2168124z10-k.htm", "calculatedOtherExpenses": 0, "calculatedOperatingExpenses": 447700000, "calculatedNetInterest": -9700000, "calculatedOtherIncome": -49200000, "calculatedIncomeNonControlling": 0, "calculatedEbitda": 231800000}, {"date": "2004-12-31", "symbol": "EW", "reportedCurrency": "USD", "cik": "0001099800", "fillingDate": "2005-03-07", "acceptedDate": "2005-03-07 16:28:52", "calendarYear": "2004", "period": "FY", "revenue": 931500000, "costOfRevenue": 370200000, "grossProfit": 561300000, "grossProfitRatio": 0.6025764895, "researchAndDevelopmentExpenses": 87000000, "generalAndAdministrativeExpenses": 319900000, "sellingAndMarketingExpenses": 0, "sellingGeneralAndAdministrativeExpenses": 319900000, "otherExpenses": 0, "operatingExpenses": 406900000, "costAndExpenses": 777100000, "interestIncome": 0, "interestExpense": 14200000, "depreciationAndAmortization": 55700000, "ebitda": 320200000, "ebitdaratio": 0.3437466452, "operatingIncome": 154400000, "operatingIncomeRatio": 0.16575416, "totalOtherIncomeExpensesNet": -110100000, "incomeBeforeTax": 30100000, "incomeBeforeTaxRatio": 0.0323134729, "incomeTaxExpense": 28400000, "netIncome": 1700000, "netIncomeRatio": 0.0018250134, "eps": 0.0025, "epsdiluted": 0.0025, "weightedAverageShsOut": 715200000, "weightedAverageShsOutDil": 744000000, "link": "https://www.sec.gov/Archives/edgar/data/1099800/000104746905005556/0001047469-05-005556-index.htm", "finalLink": "https://www.sec.gov/Archives/edgar/data/1099800/000104746905005556/a2152327z10-k.htm", "calculatedOtherExpenses": 0, "calculatedOperatingExpenses": 406900000, "calculatedNetInterest": -14200000, "calculatedOtherIncome": -110100000, "calculatedIncomeNonControlling": 0, "calculatedEbitda": 210100000}, {"date": "2003-12-31", "symbol": "EW", "reportedCurrency": "USD", "cik": "0001099800", "fillingDate": "2004-03-12", "acceptedDate": "2004-03-12 16:59:11", "calendarYear": "2003", "period": "FY", "revenue": 860500000, "costOfRevenue": 359400000, "grossProfit": 501100000, "grossProfitRatio": 0.5823358512, "researchAndDevelopmentExpenses": 72800000, "generalAndAdministrativeExpenses": 289900000, "sellingAndMarketingExpenses": 0, "sellingGeneralAndAdministrativeExpenses": 289900000, "otherExpenses": 0, "operatingExpenses": 362700000, "costAndExpenses": 722100000, "interestIncome": 0, "interestExpense": 13200000, "depreciationAndAmortization": 45600000, "ebitda": 216400000, "ebitdaratio": 0.2514816967, "operatingIncome": 138400000, "operatingIncomeRatio": 0.1608367228, "totalOtherIncomeExpensesNet": -32400000, "incomeBeforeTax": 92800000, "incomeBeforeTaxRatio": 0.1078442766, "incomeTaxExpense": 13800000, "netIncome": 79000000, "netIncomeRatio": 0.0918070889, "eps": 0.11, "epsdiluted": 0.11, "weightedAverageShsOut": 709200000, "weightedAverageShsOutDil": 733200000, "link": "https://www.sec.gov/Archives/edgar/data/1099800/000104746904007726/0001047469-04-007726-index.htm", "finalLink": "https://www.sec.gov/Archives/edgar/data/1099800/000104746904007726/a2130472z10-k.htm", "calculatedOtherExpenses": 0, "calculatedOperatingExpenses": 362700000, "calculatedNetInterest": -13200000, "calculatedOtherIncome": -32400000, "calculatedIncomeNonControlling": 0, "calculatedEbitda": 184000000}, {"date": "2002-12-31", "symbol": "EW", "reportedCurrency": "USD", "cik": "0001099800", "fillingDate": "2003-03-14", "acceptedDate": "2003-03-14 17:15:05", "calendarYear": "2002", "period": "FY", "revenue": 704000000, "costOfRevenue": 299100000, "grossProfit": 404900000, "grossProfitRatio": 0.5751420455, "researchAndDevelopmentExpenses": 65200000, "generalAndAdministrativeExpenses": 227900000, "sellingAndMarketingExpenses": 0, "sellingGeneralAndAdministrativeExpenses": 227900000, "otherExpenses": 59700000, "operatingExpenses": 352800000, "costAndExpenses": 651900000, "interestIncome": 0, "interestExpense": 11500000, "depreciationAndAmortization": 40400000, "ebitda": 136800000, "ebitdaratio": 0.1943181818, "operatingIncome": 52100000, "operatingIncomeRatio": 0.0740056818, "totalOtherIncomeExpensesNet": -44300000, "incomeBeforeTax": 56000000, "incomeBeforeTaxRatio": 0.0795454545, "incomeTaxExpense": 300000, "netIncome": 55700000, "netIncomeRatio": 0.0791193182, "eps": 0.0783, "epsdiluted": 0.0758, "weightedAverageShsOut": 708000000, "weightedAverageShsOutDil": 735600000, "link": "https://www.sec.gov/Archives/edgar/data/1099800/000104746903008802/0001047469-03-008802-index.htm", "finalLink": "https://www.sec.gov/Archives/edgar/data/1099800/000104746903008802/a2105469z10-k.htm", "calculatedOtherExpenses": 59700000, "calculatedOperatingExpenses": 352800000, "calculatedNetInterest": -11500000, "calculatedOtherIncome": 15400000, "calculatedIncomeNonControlling": 0, "calculatedEbitda": 92500000}, {"date": "2001-12-31", "symbol": "EW", "reportedCurrency": "USD", "cik": "0001099800", "fillingDate": "2002-03-22", "acceptedDate": "2002-03-22 00:00:00", "calendarYear": "2001", "period": "FY", "revenue": 692000000, "costOfRevenue": 324000000, "grossProfit": 368000000, "grossProfitRatio": 0.5317919075, "researchAndDevelopmentExpenses": 55000000, "generalAndAdministrativeExpenses": 203000000, "sellingAndMarketingExpenses": 0, "sellingGeneralAndAdministrativeExpenses": 203000000, "otherExpenses": 86000000, "operatingExpenses": 344000000, "costAndExpenses": 668000000, "interestIncome": 0, "interestExpense": 23000000, "depreciationAndAmortization": 57000000, "ebitda": 158000000, "ebitdaratio": 0.2283236994, "operatingIncome": 24000000, "operatingIncomeRatio": 0.0346820809, "totalOtherIncomeExpensesNet": -77000000, "incomeBeforeTax": -9000000, "incomeBeforeTaxRatio": -0.0130057803, "incomeTaxExpense": 1000000, "netIncome": -12000000, "netIncomeRatio": -0.0173410405, "eps": -0.017, "epsdiluted": -0.017, "weightedAverageShsOut": 706800000, "weightedAverageShsOutDil": 706800000, "link": "https://www.sec.gov/Archives/edgar/data/1099800/000091205702011188/0000912057-02-011188-index.htm", "finalLink": "https://www.sec.gov/Archives/edgar/data/1099800/000091205702011188/a2073215z10-k405.htm", "calculatedOtherExpenses": 86000000, "calculatedOperatingExpenses": 344000000, "calculatedNetInterest": -23000000, "calculatedOtherIncome": -10000000, "calculatedIncomeNonControlling": 2000000, "calculatedEbitda": 81000000}, {"date": "2000-12-31", "symbol": "EW", "reportedCurrency": "USD", "cik": "0001099800", "fillingDate": "2001-03-27", "acceptedDate": "2001-03-27 00:00:00", "calendarYear": "2000", "period": "FY", "revenue": 804000000, "costOfRevenue": 423000000, "grossProfit": 381000000, "grossProfitRatio": 0.473880597, "researchAndDevelopmentExpenses": 55000000, "generalAndAdministrativeExpenses": 216000000, "sellingAndMarketingExpenses": 0, "sellingGeneralAndAdministrativeExpenses": 216000000, "otherExpenses": 15000000, "operatingExpenses": 286000000, "costAndExpenses": 709000000, "interestIncome": 0, "interestExpense": 0, "depreciationAndAmortization": 74000000, "ebitda": 489000000, "ebitdaratio": 0.6082089552, "operatingIncome": 95000000, "operatingIncomeRatio": 0.118159204, "totalOtherIncomeExpensesNet": -320000000, "incomeBeforeTax": -259000000, "incomeBeforeTaxRatio": -0.3221393035, "incomeTaxExpense": 13000000, "netIncome": -272000000, "netIncomeRatio": -0.3383084577, "eps": -0.39, "epsdiluted": -0.39, "weightedAverageShsOut": 697068000, "weightedAverageShsOutDil": 697068000, "link": "https://www.sec.gov/Archives/edgar/data/1099800/000091205701008463/0000912057-01-008463-index.htm", "finalLink": "https://www.sec.gov/Archives/edgar/data/1099800/000091205701008463/a2041482z10-k.txt", "calculatedOtherExpenses": 15000000, "calculatedOperatingExpenses": 286000000, "calculatedNetInterest": 0, "calculatedOtherIncome": -354000000, "calculatedIncomeNonControlling": 0, "calculatedEbitda": 169000000}, {"date": "1999-12-31", "symbol": "EW", "reportedCurrency": "USD", "cik": "0001099800", "fillingDate": "1999-12-31", "acceptedDate": "1999-12-30 19:00:00", "calendarYear": "1999", "period": "FY", "revenue": 905000000, "costOfRevenue": 466000000, "grossProfit": 439000000, "grossProfitRatio": 0.4850828729, "researchAndDevelopmentExpenses": 55000000, "generalAndAdministrativeExpenses": 233000000, "sellingAndMarketingExpenses": 0, "sellingGeneralAndAdministrativeExpenses": 233000000, "otherExpenses": 34000000, "operatingExpenses": 322000000, "costAndExpenses": 788000000, "interestIncome": 0, "interestExpense": 0, "depreciationAndAmortization": 84000000, "ebitda": 197000000, "ebitdaratio": 0.217679558, "operatingIncome": 117000000, "operatingIncomeRatio": 0.129281768, "totalOtherIncomeExpensesNet": 4000000, "incomeBeforeTax": 113000000, "incomeBeforeTaxRatio": 0.1248618785, "incomeTaxExpense": 31000000, "netIncome": 82000000, "netIncomeRatio": 0.0906077348, "eps": 0.12, "epsdiluted": 0.12, "weightedAverageShsOut": 697068000, "weightedAverageShsOutDil": 697068000, "link": "", "finalLink": "", "calculatedOtherExpenses": 34000000, "calculatedOperatingExpenses": 322000000, "calculatedNetInterest": 0, "calculatedOtherIncome": -4000000, "calculatedIncomeNonControlling": 0, "calculatedEbitda": 201000000}]}