{"originalCurrency": "USD", "convertedCurrency": "USD", "report": [{"date": "2023-12-31", "symbol": "EWBC", "reportedCurrency": "USD", "cik": "0001069157", "fillingDate": "2023-12-31", "acceptedDate": "2023-12-30 19:00:00", "calendarYear": "2023", "period": "FY", "revenue": 3968869000, "costOfRevenue": 0, "grossProfit": 3968869000, "grossProfitRatio": 1, "researchAndDevelopmentExpenses": 0, "generalAndAdministrativeExpenses": 611846000, "sellingAndMarketingExpenses": 571301000, "sellingGeneralAndAdministrativeExpenses": 611846000, "otherExpenses": -451447000, "operatingExpenses": 451447000, "costAndExpenses": 2509099000, "interestIncome": 3693805000, "interestExpense": 174504000, "depreciationAndAmortization": 1763000, "ebitda": -103308000, "ebitdaratio": -0.0260295817, "operatingIncome": 1563078000, "operatingIncomeRatio": 0.3938346164, "totalOtherIncomeExpensesNet": 1459770000, "incomeBeforeTax": 1459770000, "incomeBeforeTaxRatio": 0.3678050346, "incomeTaxExpense": 298609000, "netIncome": 1161161000, "netIncomeRatio": 0.2925672276, "eps": 8.23, "epsdiluted": 8.18, "weightedAverageShsOut": 141164000, "weightedAverageShsOutDil": 141902000, "link": null, "finalLink": null, "calculatedOtherExpenses": 1793945000, "calculatedOperatingExpenses": 2405791000, "calculatedNetInterest": 3519301000, "calculatedOtherIncome": -3622609000, "calculatedIncomeNonControlling": 0, "calculatedEbitda": 1564841000}, {"date": "2022-12-31", "symbol": "EWBC", "reportedCurrency": "USD", "cik": "0001069157", "fillingDate": "2023-02-27", "acceptedDate": "2023-02-27 15:05:25", "calendarYear": "2022", "period": "FY", "revenue": 2319039000, "costOfRevenue": 0, "grossProfit": 2319039000, "grossProfitRatio": 1, "researchAndDevelopmentExpenses": 0, "generalAndAdministrativeExpenses": 511601000, "sellingAndMarketingExpenses": 0, "sellingGeneralAndAdministrativeExpenses": 511601000, "otherExpenses": -1143636000, "operatingExpenses": -632035000, "costAndExpenses": -632035000, "interestIncome": 2321231000, "interestExpense": 275350000, "depreciationAndAmortization": 159851000, "ebitda": 1846855000, "ebitdaratio": 0.7963880728, "operatingIncome": 1687004000, "operatingIncomeRatio": 0.7274582273, "totalOtherIncomeExpensesNet": -275350000, "incomeBeforeTax": 1411654000, "incomeBeforeTaxRatio": 0.6087236998, "incomeTaxExpense": 283571000, "netIncome": 1128083000, "netIncomeRatio": 0.4864441693, "eps": 7.98, "epsdiluted": 7.92, "weightedAverageShsOut": 141326000, "weightedAverageShsOutDil": 142492000, "link": "https://www.sec.gov/Archives/edgar/data/1069157/000106915723000016/0001069157-23-000016-index.htm", "finalLink": "https://www.sec.gov/Archives/edgar/data/1069157/000106915723000016/ewbc-20221231.htm", "calculatedOtherExpenses": 120434000, "calculatedOperatingExpenses": 632035000, "calculatedNetInterest": 2045881000, "calculatedOtherIncome": -2321231000, "calculatedIncomeNonControlling": 0, "calculatedEbitda": 1846855000}, {"date": "2021-12-31", "symbol": "EWBC", "reportedCurrency": "USD", "cik": "0001069157", "fillingDate": "2022-02-28", "acceptedDate": "2022-02-28 15:42:08", "calendarYear": "2021", "period": "FY", "revenue": 1801314000, "costOfRevenue": 0, "grossProfit": 1801314000, "grossProfitRatio": 1, "researchAndDevelopmentExpenses": 0, "generalAndAdministrativeExpenses": 467554000, "sellingAndMarketingExpenses": 0, "sellingGeneralAndAdministrativeExpenses": 467554000, "otherExpenses": -1212491000, "operatingExpenses": -744937000, "costAndExpenses": -744937000, "interestIncome": 1618734000, "interestExpense": 87163000, "depreciationAndAmortization": 156792000, "ebitda": 1213169000, "ebitdaratio": 0.6734911293, "operatingIncome": 1056377000, "operatingIncomeRatio": 0.5864480041, "totalOtherIncomeExpensesNet": 1056377000, "incomeBeforeTax": 1056377000, "incomeBeforeTaxRatio": 0.5864480041, "incomeTaxExpense": 183396000, "netIncome": 872981000, "netIncomeRatio": 0.4846356604, "eps": 6.16, "epsdiluted": 6.1, "weightedAverageShsOut": 141826000, "weightedAverageShsOutDil": 143140000, "link": "https://www.sec.gov/Archives/edgar/data/1069157/000106915722000031/0001069157-22-000031-index.htm", "finalLink": "https://www.sec.gov/Archives/edgar/data/1069157/000106915722000031/ewbc-20211231.htm", "calculatedOtherExpenses": 277383000, "calculatedOperatingExpenses": 744937000, "calculatedNetInterest": 1531571000, "calculatedOtherIncome": -1531571000, "calculatedIncomeNonControlling": 0, "calculatedEbitda": 1213169000}, {"date": "2020-12-31", "symbol": "EWBC", "reportedCurrency": "USD", "cik": "0001069157", "fillingDate": "2021-02-26", "acceptedDate": "2021-02-26 15:38:01", "calendarYear": "2020", "period": "FY", "revenue": 1599210000, "costOfRevenue": 0, "grossProfit": 1599210000, "grossProfitRatio": 1, "researchAndDevelopmentExpenses": 0, "generalAndAdministrativeExpenses": 464835000, "sellingAndMarketingExpenses": 0, "sellingGeneralAndAdministrativeExpenses": 464835000, "otherExpenses": -70082000, "operatingExpenses": 394753000, "costAndExpenses": 394753000, "interestIncome": 1595042000, "interestExpense": 217849000, "depreciationAndAmortization": 119908000, "ebitda": 805673000, "ebitdaratio": 0.5037943735, "operatingIncome": 685765000, "operatingIncomeRatio": 0.4288148523, "totalOtherIncomeExpensesNet": 685765000, "incomeBeforeTax": 685765000, "incomeBeforeTaxRatio": 0.4288148523, "incomeTaxExpense": 117968000, "netIncome": 567797000, "netIncomeRatio": 0.3550484302, "eps": 3.99, "epsdiluted": 3.97, "weightedAverageShsOut": 142336000, "weightedAverageShsOutDil": 142991000, "link": "https://www.sec.gov/Archives/edgar/data/1069157/000106915721000009/0001069157-21-000009-index.htm", "finalLink": "https://www.sec.gov/Archives/edgar/data/1069157/000106915721000009/ewbc-20201231.htm", "calculatedOtherExpenses": 448610000, "calculatedOperatingExpenses": 913445000, "calculatedNetInterest": 1377193000, "calculatedOtherIncome": -1377193000, "calculatedIncomeNonControlling": 0, "calculatedEbitda": 805673000}, {"date": "2019-12-31", "symbol": "EWBC", "reportedCurrency": "USD", "cik": "0001069157", "fillingDate": "2020-02-27", "acceptedDate": "2020-02-27 15:49:29", "calendarYear": "2019", "period": "FY", "revenue": 1662901000, "costOfRevenue": 0, "grossProfit": 1662901000, "grossProfitRatio": 1, "researchAndDevelopmentExpenses": 0, "generalAndAdministrativeExpenses": 428161000, "sellingAndMarketingExpenses": 0, "sellingGeneralAndAdministrativeExpenses": 428161000, "otherExpenses": -1247145000, "operatingExpenses": -818984000, "costAndExpenses": -818984000, "interestIncome": 1882300000, "interestExpense": 414487000, "depreciationAndAmortization": 144178000, "ebitda": 988095000, "ebitdaratio": 0.5941995344, "operatingIncome": 843917000, "operatingIncomeRatio": 0.5074968384, "totalOtherIncomeExpensesNet": 843917000, "incomeBeforeTax": 843917000, "incomeBeforeTaxRatio": 0.5074968384, "incomeTaxExpense": 169882000, "netIncome": 674035000, "netIncomeRatio": 0.405336818, "eps": 4.63, "epsdiluted": 4.61, "weightedAverageShsOut": 145497000, "weightedAverageShsOutDil": 146179000, "link": "https://www.sec.gov/Archives/edgar/data/1069157/000106915720000016/0001069157-20-000016-index.htm", "finalLink": "https://www.sec.gov/Archives/edgar/data/1069157/000106915720000016/ewbc10k12312019.htm", "calculatedOtherExpenses": 390823000, "calculatedOperatingExpenses": 818984000, "calculatedNetInterest": 1467813000, "calculatedOtherIncome": -1467813000, "calculatedIncomeNonControlling": 0, "calculatedEbitda": 988095000}, {"date": "2018-12-31", "symbol": "EWBC", "reportedCurrency": "USD", "cik": "0001069157", "fillingDate": "2019-02-27", "acceptedDate": "2019-02-27 17:08:37", "calendarYear": "2018", "period": "FY", "revenue": 1548020000, "costOfRevenue": 0, "grossProfit": 1548020000, "grossProfitRatio": 1, "researchAndDevelopmentExpenses": 0, "generalAndAdministrativeExpenses": 414010000, "sellingAndMarketingExpenses": 0, "sellingGeneralAndAdministrativeExpenses": 414010000, "otherExpenses": -878139000, "operatingExpenses": -464129000, "costAndExpenses": -464129000, "interestIncome": 1651703000, "interestExpense": 265195000, "depreciationAndAmortization": 139499000, "ebitda": 1223390000, "ebitdaratio": 0.7902934071, "operatingIncome": 1083891000, "operatingIncomeRatio": 0.7001789383, "totalOtherIncomeExpensesNet": -265195000, "incomeBeforeTax": 818696000, "incomeBeforeTaxRatio": 0.5288665521, "incomeTaxExpense": 114995000, "netIncome": 703701000, "netIncomeRatio": 0.4545813362, "eps": 4.86, "epsdiluted": 4.81, "weightedAverageShsOut": 144862000, "weightedAverageShsOutDil": 146169000, "link": "https://www.sec.gov/Archives/edgar/data/1069157/000106915719000016/0001069157-19-000016-index.htm", "finalLink": "https://www.sec.gov/Archives/edgar/data/1069157/000106915719000016/ewbc10k12312018.htm", "calculatedOtherExpenses": 50119000, "calculatedOperatingExpenses": 464129000, "calculatedNetInterest": 1386508000, "calculatedOtherIncome": -1651703000, "calculatedIncomeNonControlling": 0, "calculatedEbitda": 1223390000}, {"date": "2017-12-31", "symbol": "EWBC", "reportedCurrency": "USD", "cik": "0001069157", "fillingDate": "2018-02-27", "acceptedDate": "2018-02-27 17:24:30", "calendarYear": "2017", "period": "FY", "revenue": 1352342000, "costOfRevenue": 0, "grossProfit": 1352342000, "grossProfitRatio": 1, "researchAndDevelopmentExpenses": 0, "generalAndAdministrativeExpenses": 371119000, "sellingAndMarketingExpenses": 0, "sellingGeneralAndAdministrativeExpenses": 371119000, "otherExpenses": -1704062000, "operatingExpenses": -1332943000, "costAndExpenses": -1332943000, "interestIncome": 1325119000, "interestExpense": 140050000, "depreciationAndAmortization": 6935000, "ebitda": 1024972000, "ebitdaratio": 0.7579236613, "operatingIncome": 19399000, "operatingIncomeRatio": 0.0143447442, "totalOtherIncomeExpensesNet": 715701000, "incomeBeforeTax": 735100000, "incomeBeforeTaxRatio": 0.5435755157, "incomeTaxExpense": 229476000, "netIncome": 505624000, "netIncomeRatio": 0.3738876704, "eps": 3.5, "epsdiluted": 3.47, "weightedAverageShsOut": 144444000, "weightedAverageShsOutDil": 145913000, "link": "https://www.sec.gov/Archives/edgar/data/1069157/000162828018002352/0001628280-18-002352-index.htm", "finalLink": "https://www.sec.gov/Archives/edgar/data/1069157/000162828018002352/ewbc10k12312017.htm", "calculatedOtherExpenses": 961824000, "calculatedOperatingExpenses": 1332943000, "calculatedNetInterest": 1185069000, "calculatedOtherIncome": -469368000, "calculatedIncomeNonControlling": 0, "calculatedEbitda": 26334000}, {"date": "2016-12-31", "symbol": "EWBC", "reportedCurrency": "USD", "cik": "0001069157", "fillingDate": "2017-02-27", "acceptedDate": "2017-02-27 17:25:40", "calendarYear": "2016", "period": "FY", "revenue": 1205162000, "costOfRevenue": 0, "grossProfit": 1205162000, "grossProfitRatio": 1, "researchAndDevelopmentExpenses": 0, "generalAndAdministrativeExpenses": 335077000, "sellingAndMarketingExpenses": 0, "sellingGeneralAndAdministrativeExpenses": 335077000, "otherExpenses": -1510081000, "operatingExpenses": -1175004000, "costAndExpenses": -1175004000, "interestIncome": 1137481000, "interestExpense": 104843000, "depreciationAndAmortization": 162596000, "ebitda": 839627000, "ebitdaratio": 0.6966922289, "operatingIncome": 30158000, "operatingIncomeRatio": 0.0250240217, "totalOtherIncomeExpensesNet": 542030000, "incomeBeforeTax": 572188000, "incomeBeforeTaxRatio": 0.4747809838, "incomeTaxExpense": 140511000, "netIncome": 431677000, "netIncomeRatio": 0.3581900193, "eps": 3, "epsdiluted": 2.97, "weightedAverageShsOut": 144087000, "weightedAverageShsOutDil": 145345791, "link": "https://www.sec.gov/Archives/edgar/data/1069157/000106915717000008/0001069157-17-000008-index.htm", "finalLink": "https://www.sec.gov/Archives/edgar/data/1069157/000106915717000008/ewbc10k12312016.htm", "calculatedOtherExpenses": 839927000, "calculatedOperatingExpenses": 1175004000, "calculatedNetInterest": 1032638000, "calculatedOtherIncome": -490608000, "calculatedIncomeNonControlling": 0, "calculatedEbitda": 192754000}, {"date": "2015-12-31", "symbol": "EWBC", "reportedCurrency": "USD", "cik": "0001069157", "fillingDate": "2016-02-26", "acceptedDate": "2016-02-26 17:36:40", "calendarYear": "2015", "period": "FY", "revenue": 1124240000, "costOfRevenue": 0, "grossProfit": 1124240000, "grossProfitRatio": 1, "researchAndDevelopmentExpenses": 0, "generalAndAdministrativeExpenses": 291150000, "sellingAndMarketingExpenses": 0, "sellingGeneralAndAdministrativeExpenses": 291150000, "otherExpenses": -1387238000, "operatingExpenses": -1096088000, "costAndExpenses": -1096088000, "interestIncome": 1053815000, "interestExpense": 103376000, "depreciationAndAmortization": 80583000, "ebitda": 762680000, "ebitdaratio": 0.678396072, "operatingIncome": 28152000, "operatingIncomeRatio": 0.0250409165, "totalOtherIncomeExpensesNet": 550569000, "incomeBeforeTax": 578721000, "incomeBeforeTaxRatio": 0.51476642, "incomeTaxExpense": 194044000, "netIncome": 384677000, "netIncomeRatio": 0.3421662634, "eps": 2.67, "epsdiluted": 2.66, "weightedAverageShsOut": 143818000, "weightedAverageShsOutDil": 144512000, "link": "https://www.sec.gov/Archives/edgar/data/1069157/000106915716000092/0001069157-16-000092-index.htm", "finalLink": "https://www.sec.gov/Archives/edgar/data/1069157/000106915716000092/ewbc1231201510k.htm", "calculatedOtherExpenses": 804938000, "calculatedOperatingExpenses": 1096088000, "calculatedNetInterest": 950439000, "calculatedOtherIncome": -399870000, "calculatedIncomeNonControlling": 0, "calculatedEbitda": 108735000}, {"date": "2014-12-31", "symbol": "EWBC", "reportedCurrency": "USD", "cik": "0001069157", "fillingDate": "2015-03-02", "acceptedDate": "2015-03-02 16:24:06", "calendarYear": "2014", "period": "FY", "revenue": 1025726000, "costOfRevenue": 0, "grossProfit": 1025726000, "grossProfitRatio": 1, "researchAndDevelopmentExpenses": 0, "generalAndAdministrativeExpenses": 269648000, "sellingAndMarketingExpenses": 0, "sellingGeneralAndAdministrativeExpenses": 269648000, "otherExpenses": -1276341000, "operatingExpenses": -1006693000, "costAndExpenses": -1006693000, "interestIncome": 1153698000, "interestExpense": 112820000, "depreciationAndAmortization": 127625000, "ebitda": 655900000, "ebitdaratio": 0.6394495216, "operatingIncome": 19033000, "operatingIncomeRatio": 0.0185556377, "totalOtherIncomeExpensesNet": 396422000, "incomeBeforeTax": 415455000, "incomeBeforeTaxRatio": 0.4050350678, "incomeTaxExpense": 72972000, "netIncome": 342483000, "netIncomeRatio": 0.3338932619, "eps": 2.39, "epsdiluted": 2.38, "weightedAverageShsOut": 142952000, "weightedAverageShsOutDil": 143563000, "link": "https://www.sec.gov/Archives/edgar/data/1069157/000106915715000005/0001069157-15-000005-index.htm", "finalLink": "https://www.sec.gov/Archives/edgar/data/1069157/000106915715000005/ewbc1231201410k.htm", "calculatedOtherExpenses": 737045000, "calculatedOperatingExpenses": 1006693000, "calculatedNetInterest": 1040878000, "calculatedOtherIncome": -644456000, "calculatedIncomeNonControlling": 0, "calculatedEbitda": 146658000}, {"date": "2013-12-31", "symbol": "EWBC", "reportedCurrency": "USD", "cik": "0001069157", "fillingDate": "2014-03-03", "acceptedDate": "2014-03-03 14:48:58", "calendarYear": "2013", "period": "FY", "revenue": 849684000, "costOfRevenue": 64594000, "grossProfit": 785090000, "grossProfitRatio": 0.9239787968, "researchAndDevelopmentExpenses": 0, "generalAndAdministrativeExpenses": 201551000, "sellingAndMarketingExpenses": 0, "sellingGeneralAndAdministrativeExpenses": 201551000, "otherExpenses": 0, "operatingExpenses": 969290000, "costAndExpenses": 1033884000, "interestIncome": 1068685000, "interestExpense": 112492000, "depreciationAndAmortization": 101169000, "ebitda": 639511000, "ebitdaratio": 0.7526456895, "operatingIncome": 34801000, "operatingIncomeRatio": 0.0409575795, "totalOtherIncomeExpensesNet": 391049000, "incomeBeforeTax": 425850000, "incomeBeforeTaxRatio": 0.5011863234, "incomeTaxExpense": 130805000, "netIncome": 295045000, "netIncomeRatio": 0.3472408566, "eps": 2.11, "epsdiluted": 2.1, "weightedAverageShsOut": 137342000, "weightedAverageShsOutDil": 139574000, "link": "https://www.sec.gov/Archives/edgar/data/1069157/000110465914015311/0001104659-14-015311-index.htm", "finalLink": "https://www.sec.gov/Archives/edgar/data/1069157/000110465914015311/a13-27261_110k.htm", "calculatedOtherExpenses": 548738000, "calculatedOperatingExpenses": 750289000, "calculatedNetInterest": 956193000, "calculatedOtherIncome": -565144000, "calculatedIncomeNonControlling": 0, "calculatedEbitda": 135970000}, {"date": "2012-12-31", "symbol": "EWBC", "reportedCurrency": "USD", "cik": "0001069157", "fillingDate": "2013-02-28", "acceptedDate": "2013-02-28 16:50:53", "calendarYear": "2012", "period": "FY", "revenue": 894047000, "costOfRevenue": 59731000, "grossProfit": 834316000, "grossProfitRatio": 0.9331903133, "researchAndDevelopmentExpenses": 0, "generalAndAdministrativeExpenses": 194735000, "sellingAndMarketingExpenses": 0, "sellingGeneralAndAdministrativeExpenses": 194735000, "otherExpenses": 0, "operatingExpenses": 969429000, "costAndExpenses": 1029160000, "interestIncome": 1051095000, "interestExpense": 132168000, "depreciationAndAmortization": 82536000, "ebitda": 640296000, "ebitdaratio": 0.7161771137, "operatingIncome": 21935000, "operatingIncomeRatio": 0.0245345043, "totalOtherIncomeExpensesNet": 403657000, "incomeBeforeTax": 425592000, "incomeBeforeTaxRatio": 0.4760286652, "incomeTaxExpense": 143942000, "netIncome": 281650000, "netIncomeRatio": 0.3150281808, "eps": 1.92, "epsdiluted": 1.89, "weightedAverageShsOut": 141457000, "weightedAverageShsOutDil": 147175000, "link": "https://www.sec.gov/Archives/edgar/data/1069157/000110465913016095/0001104659-13-016095-index.htm", "finalLink": "https://www.sec.gov/Archives/edgar/data/1069157/000110465913016095/a12-28415_110k.htm", "calculatedOtherExpenses": 617646000, "calculatedOperatingExpenses": 812381000, "calculatedNetInterest": 918927000, "calculatedOtherIncome": -515270000, "calculatedIncomeNonControlling": 0, "calculatedEbitda": 104471000}, {"date": "2011-12-31", "symbol": "EWBC", "reportedCurrency": "USD", "cik": "0001069157", "fillingDate": "2012-02-29", "acceptedDate": "2012-02-28 21:31:57", "calendarYear": "2011", "period": "FY", "revenue": 914583000, "costOfRevenue": 60383000, "grossProfit": 854200000, "grossProfitRatio": 0.9339775614, "researchAndDevelopmentExpenses": 0, "generalAndAdministrativeExpenses": 208601000, "sellingAndMarketingExpenses": 0, "sellingGeneralAndAdministrativeExpenses": 208601000, "otherExpenses": 633000, "operatingExpenses": 1009826000, "costAndExpenses": 1070209000, "interestIncome": 1080448000, "interestExpense": 177422000, "depreciationAndAmortization": 67460000, "ebitda": 628216000, "ebitdaratio": 0.6868879041, "operatingIncome": 10239000, "operatingIncomeRatio": 0.011195266, "totalOtherIncomeExpensesNet": 373095000, "incomeBeforeTax": 383334000, "incomeBeforeTaxRatio": 0.419135278, "incomeTaxExpense": 138100000, "netIncome": 245234000, "netIncomeRatio": 0.2681375009, "eps": 1.62, "epsdiluted": 1.6, "weightedAverageShsOut": 147093000, "weightedAverageShsOutDil": 153467000, "link": "https://www.sec.gov/Archives/edgar/data/1069157/000104746912001817/0001047469-12-001817-index.htm", "finalLink": "https://www.sec.gov/Archives/edgar/data/1069157/000104746912001817/a2207453z10-k.htm", "calculatedOtherExpenses": 635360000, "calculatedOperatingExpenses": 843961000, "calculatedNetInterest": 903026000, "calculatedOtherIncome": -529931000, "calculatedIncomeNonControlling": 0, "calculatedEbitda": 77699000}, {"date": "2010-12-31", "symbol": "EWBC", "reportedCurrency": "USD", "cik": "0001069157", "fillingDate": "2011-03-01", "acceptedDate": "2011-03-01 12:43:56", "calendarYear": "2010", "period": "FY", "revenue": 927779000, "costOfRevenue": 67879000, "grossProfit": 859900000, "grossProfitRatio": 0.9268371024, "researchAndDevelopmentExpenses": 0, "generalAndAdministrativeExpenses": 226938000, "sellingAndMarketingExpenses": 0, "sellingGeneralAndAdministrativeExpenses": 226938000, "otherExpenses": -6205000, "operatingExpenses": 1018485000, "costAndExpenses": 1086364000, "interestIncome": 1095831000, "interestExpense": 201117000, "depreciationAndAmortization": 57593000, "ebitda": 514619000, "ebitdaratio": 0.554678431, "operatingIncome": 9467000, "operatingIncomeRatio": 0.0102039387, "totalOtherIncomeExpensesNet": 246442000, "incomeBeforeTax": 255909000, "incomeBeforeTaxRatio": 0.2758296965, "incomeTaxExpense": 91345000, "netIncome": 164564000, "netIncomeRatio": 0.1773741376, "eps": 0.88, "epsdiluted": 0.83, "weightedAverageShsOut": 137478000, "weightedAverageShsOutDil": 147102000, "link": "https://www.sec.gov/Archives/edgar/data/1069157/000106915711000007/0001069157-11-000007-index.htm", "finalLink": "https://www.sec.gov/Archives/edgar/data/1069157/000106915711000007/form10k.htm", "calculatedOtherExpenses": 623495000, "calculatedOperatingExpenses": 850433000, "calculatedNetInterest": 894714000, "calculatedOtherIncome": -648272000, "calculatedIncomeNonControlling": 0, "calculatedEbitda": 67060000}, {"date": "2009-12-31", "symbol": "EWBC", "reportedCurrency": "USD", "cik": "0001069157", "fillingDate": "2010-03-01", "acceptedDate": "2010-02-26 21:57:25", "calendarYear": "2009", "period": "FY", "revenue": 975603000, "costOfRevenue": 37380000, "grossProfit": 938223000, "grossProfitRatio": 0.9616852347, "researchAndDevelopmentExpenses": 0, "generalAndAdministrativeExpenses": 129348000, "sellingAndMarketingExpenses": 0, "sellingGeneralAndAdministrativeExpenses": 129348000, "otherExpenses": 107671000, "operatingExpenses": 682126000, "costAndExpenses": 719506000, "interestIncome": 722826000, "interestExpense": 239506000, "depreciationAndAmortization": 81901000, "ebitda": 420756000, "ebitdaratio": 0.4312778866, "operatingIncome": 3312000, "operatingIncomeRatio": 0.0033948235, "totalOtherIncomeExpensesNet": 101410000, "incomeBeforeTax": 104722000, "incomeBeforeTaxRatio": 0.1073407933, "incomeTaxExpense": 22714000, "netIncome": 76642000, "netIncomeRatio": 0.078558594, "eps": 0.35, "epsdiluted": 0.33, "weightedAverageShsOut": 78770000, "weightedAverageShsOutDil": 84553000, "link": "https://www.sec.gov/Archives/edgar/data/1069157/000104746910001589/0001047469-10-001589-index.htm", "finalLink": "https://www.sec.gov/Archives/edgar/data/1069157/000104746910001589/a2196846z10-k.htm", "calculatedOtherExpenses": 805563000, "calculatedOperatingExpenses": 934911000, "calculatedNetInterest": 483320000, "calculatedOtherIncome": -381910000, "calculatedIncomeNonControlling": 5366000, "calculatedEbitda": 85213000}, {"date": "2008-12-31", "symbol": "EWBC", "reportedCurrency": "USD", "cik": "0001069157", "fillingDate": "2009-03-02", "acceptedDate": "2009-03-02 17:27:45", "calendarYear": "2008", "period": "FY", "revenue": 403267000, "costOfRevenue": 39009000, "grossProfit": 364258000, "grossProfitRatio": 0.9032675622, "researchAndDevelopmentExpenses": 0, "generalAndAdministrativeExpenses": 82236000, "sellingAndMarketingExpenses": 0, "sellingGeneralAndAdministrativeExpenses": 82236000, "otherExpenses": 0, "operatingExpenses": 624534000, "costAndExpenses": 663543000, "interestIncome": 664858000, "interestExpense": 309694000, "depreciationAndAmortization": 18096000, "ebitda": 230622000, "ebitdaratio": 0.5718841363, "operatingIncome": 1315000, "operatingIncomeRatio": 0.0032608669, "totalOtherIncomeExpensesNet": -98483000, "incomeBeforeTax": -97168000, "incomeBeforeTaxRatio": -0.2409520243, "incomeTaxExpense": -47485000, "netIncome": -49683000, "netIncomeRatio": -0.1232012538, "eps": -0.79, "epsdiluted": -0.79, "weightedAverageShsOut": 62673000, "weightedAverageShsOutDil": 62673000, "link": "https://www.sec.gov/Archives/edgar/data/1069157/000104746909002145/0001047469-09-002145-index.htm", "finalLink": "https://www.sec.gov/Archives/edgar/data/1069157/000104746909002145/a2191129z10-k.htm", "calculatedOtherExpenses": 280707000, "calculatedOperatingExpenses": 362943000, "calculatedNetInterest": 355164000, "calculatedOtherIncome": -453647000, "calculatedIncomeNonControlling": 0, "calculatedEbitda": 19411000}, {"date": "2007-12-31", "symbol": "EWBC", "reportedCurrency": "USD", "cik": "0001069157", "fillingDate": "2008-02-29", "acceptedDate": "2008-02-29 16:57:34", "calendarYear": "2007", "period": "FY", "revenue": 459262000, "costOfRevenue": 48707000, "grossProfit": 410555000, "grossProfitRatio": 0.8939450684, "researchAndDevelopmentExpenses": 0, "generalAndAdministrativeExpenses": 85926000, "sellingAndMarketingExpenses": 0, "sellingGeneralAndAdministrativeExpenses": 85926000, "otherExpenses": 0, "operatingExpenses": 721297000, "costAndExpenses": 770004000, "interestIncome": 773607000, "interestExpense": 365613000, "depreciationAndAmortization": 13869000, "ebitda": 641741000, "ebitdaratio": 1.3973309353, "operatingIncome": 3603000, "operatingIncomeRatio": 0.0078451951, "totalOtherIncomeExpensesNet": 258656000, "incomeBeforeTax": 262259000, "incomeBeforeTaxRatio": 0.5710444147, "incomeTaxExpense": 101092000, "netIncome": 161167000, "netIncomeRatio": 0.3509260509, "eps": 2.63, "epsdiluted": 2.6, "weightedAverageShsOut": 61180000, "weightedAverageShsOutDil": 62093000, "link": "https://www.sec.gov/Archives/edgar/data/1069157/000104746908002095/0001047469-08-002095-index.htm", "finalLink": "https://www.sec.gov/Archives/edgar/data/1069157/000104746908002095/a2183019z10-k.htm", "calculatedOtherExpenses": 321026000, "calculatedOperatingExpenses": 406952000, "calculatedNetInterest": 407994000, "calculatedOtherIncome": -149338000, "calculatedIncomeNonControlling": 0, "calculatedEbitda": 17472000}, {"date": "2006-12-31", "symbol": "EWBC", "reportedCurrency": "USD", "cik": "0001069157", "fillingDate": "2007-03-01", "acceptedDate": "2007-03-01 15:44:33", "calendarYear": "2006", "period": "FY", "revenue": 401840000, "costOfRevenue": 43153000, "grossProfit": 358687000, "grossProfitRatio": 0.8926114872, "researchAndDevelopmentExpenses": 0, "generalAndAdministrativeExpenses": 70583000, "sellingAndMarketingExpenses": 0, "sellingGeneralAndAdministrativeExpenses": 70583000, "otherExpenses": 0, "operatingExpenses": 613594000, "costAndExpenses": 656747000, "interestIncome": 660050000, "interestExpense": 292568000, "depreciationAndAmortization": 7887000, "ebitda": 534236000, "ebitdaratio": 1.3294744177, "operatingIncome": 3303000, "operatingIncomeRatio": 0.0082196894, "totalOtherIncomeExpensesNet": 230478000, "incomeBeforeTax": 233781000, "incomeBeforeTaxRatio": 0.5817763289, "incomeTaxExpense": 90412000, "netIncome": 143369000, "netIncomeRatio": 0.356781306, "eps": 2.4, "epsdiluted": 2.35, "weightedAverageShsOut": 59605000, "weightedAverageShsOutDil": 60909000, "link": "https://www.sec.gov/Archives/edgar/data/1069157/000110465907015498/0001104659-07-015498-index.htm", "finalLink": "https://www.sec.gov/Archives/edgar/data/1069157/000110465907015498/a07-5414_110k.htm", "calculatedOtherExpenses": 284801000, "calculatedOperatingExpenses": 355384000, "calculatedNetInterest": 367482000, "calculatedOtherIncome": -137004000, "calculatedIncomeNonControlling": 0, "calculatedEbitda": 11190000}, {"date": "2005-12-31", "symbol": "EWBC", "reportedCurrency": "USD", "cik": "0001069157", "fillingDate": "2006-03-14", "acceptedDate": "2006-03-14 16:11:46", "calendarYear": "2005", "period": "FY", "revenue": 309764000, "costOfRevenue": 32228000, "grossProfit": 277536000, "grossProfitRatio": 0.8959595047, "researchAndDevelopmentExpenses": 0, "generalAndAdministrativeExpenses": 53669000, "sellingAndMarketingExpenses": 0, "sellingGeneralAndAdministrativeExpenses": 53669000, "otherExpenses": 0, "operatingExpenses": 377160000, "costAndExpenses": 409388000, "interestIncome": 411399000, "interestExpense": 131284000, "depreciationAndAmortization": 10328000, "ebitda": 311973000, "ebitdaratio": 1.0071312354, "operatingIncome": 2011000, "operatingIncomeRatio": 0.0064920391, "totalOtherIncomeExpensesNet": 168350000, "incomeBeforeTax": 170361000, "incomeBeforeTaxRatio": 0.5499703, "incomeTaxExpense": 61981000, "netIncome": 108380000, "netIncomeRatio": 0.3498792629, "eps": 2.03, "epsdiluted": 1.97, "weightedAverageShsOut": 53454000, "weightedAverageShsOutDil": 55034000, "link": "https://www.sec.gov/Archives/edgar/data/1069157/000106915706000011/0001069157-06-000011-index.htm", "finalLink": "https://www.sec.gov/Archives/edgar/data/1069157/000106915706000011/form10k2005.htm", "calculatedOtherExpenses": 221856000, "calculatedOperatingExpenses": 275525000, "calculatedNetInterest": 280115000, "calculatedOtherIncome": -111765000, "calculatedIncomeNonControlling": 0, "calculatedEbitda": 12339000}, {"date": "2004-12-31", "symbol": "EWBC", "reportedCurrency": "USD", "cik": "0001069157", "fillingDate": "2005-03-11", "acceptedDate": "2005-03-11 16:37:19", "calendarYear": "2004", "period": "FY", "revenue": 230999000, "costOfRevenue": 0, "grossProfit": 230999000, "grossProfitRatio": 1, "researchAndDevelopmentExpenses": 0, "generalAndAdministrativeExpenses": 39136000, "sellingAndMarketingExpenses": 0, "sellingGeneralAndAdministrativeExpenses": 39136000, "otherExpenses": -95905000, "operatingExpenses": -56769000, "costAndExpenses": -56769000, "interestIncome": 252070000, "interestExpense": 52897000, "depreciationAndAmortization": 11457000, "ebitda": 185687000, "ebitdaratio": 0.8038433067, "operatingIncome": 174230000, "operatingIncomeRatio": 0.7542456894, "totalOtherIncomeExpensesNet": -52897000, "incomeBeforeTax": 121333000, "incomeBeforeTaxRatio": 0.5252533561, "incomeTaxExpense": 43311000, "netIncome": 78022000, "netIncomeRatio": 0.3377590379, "eps": 1.54, "epsdiluted": 1.49, "weightedAverageShsOut": 50654000, "weightedAverageShsOutDil": 52297000, "link": "https://www.sec.gov/Archives/edgar/data/1069157/000106915705000006/0001069157-05-000006-index.htm", "finalLink": "https://www.sec.gov/Archives/edgar/data/1069157/000106915705000006/body10k.htm", "calculatedOtherExpenses": 17633000, "calculatedOperatingExpenses": 56769000, "calculatedNetInterest": 199173000, "calculatedOtherIncome": -252070000, "calculatedIncomeNonControlling": 0, "calculatedEbitda": 185687000}, {"date": "2003-12-31", "symbol": "EWBC", "reportedCurrency": "USD", "cik": "0001069157", "fillingDate": "2004-03-10", "acceptedDate": "2004-03-10 16:19:50", "calendarYear": "2003", "period": "FY", "revenue": 176090000, "costOfRevenue": 20327000, "grossProfit": 155763000, "grossProfitRatio": 0.8845647112, "researchAndDevelopmentExpenses": 0, "generalAndAdministrativeExpenses": 31844000, "sellingAndMarketingExpenses": 0, "sellingGeneralAndAdministrativeExpenses": 31844000, "otherExpenses": 0, "operatingExpenses": 155096000, "costAndExpenses": 175423000, "interestIncome": 178543000, "interestExpense": 35232000, "depreciationAndAmortization": 12139000, "ebitda": 137031000, "ebitdaratio": 0.7781872906, "operatingIncome": 3120000, "operatingIncomeRatio": 0.0177182123, "totalOtherIncomeExpensesNet": 86540000, "incomeBeforeTax": 89660000, "incomeBeforeTaxRatio": 0.5091714464, "incomeTaxExpense": 30668000, "netIncome": 58992000, "netIncomeRatio": 0.335010506, "eps": 0.62, "epsdiluted": 0.6, "weightedAverageShsOut": 96224000, "weightedAverageShsOutDil": 98972000, "link": "https://www.sec.gov/Archives/edgar/data/1069157/000104746904007313/0001047469-04-007313-index.htm", "finalLink": "https://www.sec.gov/Archives/edgar/data/1069157/000104746904007313/a2130486z10-k.htm", "calculatedOtherExpenses": 120799000, "calculatedOperatingExpenses": 152643000, "calculatedNetInterest": 143311000, "calculatedOtherIncome": -56771000, "calculatedIncomeNonControlling": 0, "calculatedEbitda": 15259000}, {"date": "2002-12-31", "symbol": "EWBC", "reportedCurrency": "USD", "cik": "0001069157", "fillingDate": "2003-03-28", "acceptedDate": "2003-03-27 21:46:19", "calendarYear": "2002", "period": "FY", "revenue": 142696000, "costOfRevenue": 18819000, "grossProfit": 123877000, "grossProfitRatio": 0.8681182374, "researchAndDevelopmentExpenses": 0, "generalAndAdministrativeExpenses": 25761000, "sellingAndMarketingExpenses": 0, "sellingGeneralAndAdministrativeExpenses": 25761000, "otherExpenses": 0, "operatingExpenses": 142018000, "costAndExpenses": 160837000, "interestIncome": 166213000, "interestExpense": 48979000, "depreciationAndAmortization": 10450000, "ebitda": 129033000, "ebitdaratio": 0.9042509951, "operatingIncome": 5376000, "operatingIncomeRatio": 0.0376744968, "totalOtherIncomeExpensesNet": 63440000, "incomeBeforeTax": 68816000, "incomeBeforeTaxRatio": 0.4822559848, "incomeTaxExpense": 20115000, "netIncome": 49489000, "netIncomeRatio": 0.3468142064, "eps": 1.05, "epsdiluted": 1, "weightedAverageShsOut": 47192000, "weightedAverageShsOutDil": 49260000, "link": "https://www.sec.gov/Archives/edgar/data/1069157/000104746903010681/0001047469-03-010681-index.htm", "finalLink": "https://www.sec.gov/Archives/edgar/data/1069157/000104746903010681/a2106548z10-k.htm", "calculatedOtherExpenses": 92740000, "calculatedOperatingExpenses": 118501000, "calculatedNetInterest": 117234000, "calculatedOtherIncome": -53794000, "calculatedIncomeNonControlling": -788000, "calculatedEbitda": 15826000}, {"date": "2001-12-31", "symbol": "EWBC", "reportedCurrency": "USD", "cik": "0001069157", "fillingDate": "2002-03-28", "acceptedDate": "2002-03-28 00:00:00", "calendarYear": "2001", "period": "FY", "revenue": 120941000, "costOfRevenue": 17180000, "grossProfit": 103761000, "grossProfitRatio": 0.8579472635, "researchAndDevelopmentExpenses": 0, "generalAndAdministrativeExpenses": 25136000, "sellingAndMarketingExpenses": 0, "sellingGeneralAndAdministrativeExpenses": 25136000, "otherExpenses": 0, "operatingExpenses": 161682000, "costAndExpenses": 178862000, "interestIncome": 182698000, "interestExpense": 83348000, "depreciationAndAmortization": 9453000, "ebitda": 145314000, "ebitdaratio": 1.2015280178, "operatingIncome": 3836000, "operatingIncomeRatio": 0.0317179451, "totalOtherIncomeExpensesNet": 48764000, "incomeBeforeTax": 52600000, "incomeBeforeTaxRatio": 0.4349228136, "incomeTaxExpense": 13730000, "netIncome": 38783000, "netIncomeRatio": 0.3206770243, "eps": 0.84, "epsdiluted": 0.81, "weightedAverageShsOut": 46066000, "weightedAverageShsOutDil": 48108000, "link": "https://www.sec.gov/Archives/edgar/data/1069157/000091205702012274/0000912057-02-012274-index.htm", "finalLink": "https://www.sec.gov/Archives/edgar/data/1069157/000091205702012274/a2074285z10-k405.htm", "calculatedOtherExpenses": 74789000, "calculatedOperatingExpenses": 99925000, "calculatedNetInterest": 99350000, "calculatedOtherIncome": -50586000, "calculatedIncomeNonControlling": 87000, "calculatedEbitda": 13289000}, {"date": "2000-12-31", "symbol": "EWBC", "reportedCurrency": "USD", "cik": "0001069157", "fillingDate": "2001-04-02", "acceptedDate": "2001-04-02 00:00:00", "calendarYear": "2000", "period": "FY", "revenue": 104455000, "costOfRevenue": 0, "grossProfit": 104455000, "grossProfitRatio": 1, "researchAndDevelopmentExpenses": 0, "generalAndAdministrativeExpenses": 20286000, "sellingAndMarketingExpenses": 0, "sellingGeneralAndAdministrativeExpenses": 20286000, "otherExpenses": 21947000, "operatingExpenses": 42233000, "costAndExpenses": 42233000, "interestIncome": 186080000, "interestExpense": 96593000, "depreciationAndAmortization": 8751000, "ebitda": 155439000, "ebitdaratio": 1.4880953521, "operatingIncome": 146688000, "operatingIncomeRatio": 1.4043176487, "totalOtherIncomeExpensesNet": -96593000, "incomeBeforeTax": 50095000, "incomeBeforeTaxRatio": 0.4795845101, "incomeTaxExpense": 14628000, "netIncome": 35467000, "netIncomeRatio": 0.339543344, "eps": 0.79, "epsdiluted": 0.77, "weightedAverageShsOut": 44896000, "weightedAverageShsOutDil": 46336000, "link": "https://www.sec.gov/Archives/edgar/data/1069157/000091205701506569/0000912057-01-506569-index.htm", "finalLink": "https://www.sec.gov/Archives/edgar/data/1069157/000091205701506569/a2043239z10-k405.txt", "calculatedOtherExpenses": -62519000, "calculatedOperatingExpenses": -42233000, "calculatedNetInterest": 89487000, "calculatedOtherIncome": -186080000, "calculatedIncomeNonControlling": 0, "calculatedEbitda": 155439000}, {"date": "1999-12-31", "symbol": "EWBC", "reportedCurrency": "USD", "cik": "0001069157", "fillingDate": "2000-03-30", "acceptedDate": "2000-03-30 00:00:00", "calendarYear": "1999", "period": "FY", "revenue": 86600000, "costOfRevenue": 0, "grossProfit": 86600000, "grossProfitRatio": 1, "researchAndDevelopmentExpenses": 0, "generalAndAdministrativeExpenses": 18500000, "sellingAndMarketingExpenses": 0, "sellingGeneralAndAdministrativeExpenses": 18500000, "otherExpenses": 12600000, "operatingExpenses": 31100000, "costAndExpenses": 31100000, "interestIncome": 148000000, "interestExpense": 76100000, "depreciationAndAmortization": 4100000, "ebitda": 121800000, "ebitdaratio": 1.4064665127, "operatingIncome": 117700000, "operatingIncomeRatio": 1.3591224018, "totalOtherIncomeExpensesNet": -76100000, "incomeBeforeTax": 41600000, "incomeBeforeTaxRatio": 0.480369515, "incomeTaxExpense": 13600000, "netIncome": 28000000, "netIncomeRatio": 0.3233256351, "eps": 0.62, "epsdiluted": 0.61, "weightedAverageShsOut": 45514000, "weightedAverageShsOutDil": 45790000, "link": "https://www.sec.gov/Archives/edgar/data/1069157/000094420900000466/0000944209-00-000466-index.html", "finalLink": "https://www.sec.gov/Archives/edgar/data/1069157/000094420900000466/", "calculatedOtherExpenses": -49600000, "calculatedOperatingExpenses": -31100000, "calculatedNetInterest": 71900000, "calculatedOtherIncome": -148000000, "calculatedIncomeNonControlling": 0, "calculatedEbitda": 121800000}, {"date": "1998-12-31", "symbol": "EWBC", "reportedCurrency": "USD", "cik": "0001069157", "fillingDate": "1999-03-30", "acceptedDate": "1999-03-30 00:00:00", "calendarYear": "1998", "period": "FY", "revenue": 65700000, "costOfRevenue": 0, "grossProfit": 65700000, "grossProfitRatio": 1, "researchAndDevelopmentExpenses": 0, "generalAndAdministrativeExpenses": 17300000, "sellingAndMarketingExpenses": 0, "sellingGeneralAndAdministrativeExpenses": 17300000, "otherExpenses": 15700000, "operatingExpenses": 33000000, "costAndExpenses": 33000000, "interestIncome": 126700000, "interestExpense": 71000000, "depreciationAndAmortization": 4600000, "ebitda": 103300000, "ebitdaratio": 1.5722983257, "operatingIncome": 98700000, "operatingIncomeRatio": 1.502283105, "totalOtherIncomeExpensesNet": -71000000, "incomeBeforeTax": 27700000, "incomeBeforeTaxRatio": 0.4216133942, "incomeTaxExpense": 9700000, "netIncome": 18000000, "netIncomeRatio": 0.2739726027, "eps": 0.38, "epsdiluted": 0.38, "weightedAverageShsOut": 47550000, "weightedAverageShsOutDil": 47550000, "link": "https://www.sec.gov/Archives/edgar/data/1069157/000094420999000393/0000944209-99-000393-index.html", "finalLink": "https://www.sec.gov/Archives/edgar/data/1069157/", "calculatedOtherExpenses": -50300000, "calculatedOperatingExpenses": -33000000, "calculatedNetInterest": 55700000, "calculatedOtherIncome": -126700000, "calculatedIncomeNonControlling": 0, "calculatedEbitda": 103300000}]}