{"originalCurrency": "USD", "convertedCurrency": "USD", "report": [{"date": "2023-12-31", "symbol": "EXAS", "reportedCurrency": "USD", "cik": "0001124140", "fillingDate": "2024-02-21", "acceptedDate": "2024-02-21 17:05:28", "calendarYear": "2023", "period": "FY", "revenue": 2499766000, "costOfRevenue": 654200000, "grossProfit": 1845566000, "grossProfitRatio": 0.7382955045, "researchAndDevelopmentExpenses": 425882000, "generalAndAdministrativeExpenses": 1416400000, "sellingAndMarketingExpenses": 203900000, "sellingGeneralAndAdministrativeExpenses": 1620300000, "otherExpenses": 92781000, "operatingExpenses": 2059915000, "costAndExpenses": 2714115000, "interestIncome": 0, "interestExpense": 24421000, "depreciationAndAmortization": 206608000, "ebitda": -13133000, "ebitdaratio": -0.0052536917, "operatingIncome": -215012000, "operatingIncomeRatio": -0.0860128508, "totalOtherIncomeExpensesNet": 42416000, "incomeBeforeTax": -201746000, "incomeBeforeTaxRatio": -0.0807059541, "incomeTaxExpense": 2403000, "netIncome": -204149000, "netIncomeRatio": -0.0816672441, "eps": -1.13, "epsdiluted": -1.13, "weightedAverageShsOut": 180144000, "weightedAverageShsOutDil": 180144000, "link": "https://www.sec.gov/Archives/edgar/data/1124140/000112414024000012/0001124140-24-000012-index.htm", "finalLink": "https://www.sec.gov/Archives/edgar/data/1124140/000112414024000012/exas-20231231.htm", "calculatedOtherExpenses": 14396000, "calculatedOperatingExpenses": 2060578000, "calculatedNetInterest": -24421000, "calculatedOtherIncome": 37687000, "calculatedIncomeNonControlling": 0, "calculatedEbitda": -8404000}, {"date": "2022-12-31", "symbol": "EXAS", "reportedCurrency": "USD", "cik": "0001124140", "fillingDate": "2023-02-21", "acceptedDate": "2023-02-21 17:04:22", "calendarYear": "2022", "period": "FY", "revenue": 2084279000, "costOfRevenue": 574394000, "grossProfit": 1509885000, "grossProfitRatio": 0.7244159731, "researchAndDevelopmentExpenses": 393418000, "generalAndAdministrativeExpenses": 737304000, "sellingAndMarketingExpenses": 846011000, "sellingGeneralAndAdministrativeExpenses": 1583315000, "otherExpenses": 110694000, "operatingExpenses": 2087427000, "costAndExpenses": 2661821000, "interestIncome": 19634000, "interestExpense": 19634000, "depreciationAndAmortization": 97450000, "ebitda": -480092000, "ebitdaratio": -0.2303396042, "operatingIncome": -577542000, "operatingIncomeRatio": -0.2770943813, "totalOtherIncomeExpensesNet": -55028000, "incomeBeforeTax": -632570000, "incomeBeforeTaxRatio": -0.3034958372, "incomeTaxExpense": -9064000, "netIncome": -623506000, "netIncomeRatio": -0.2991470912, "eps": -3.54, "epsdiluted": -3.54, "weightedAverageShsOut": 176351000, "weightedAverageShsOutDil": 176351000, "link": "https://www.sec.gov/Archives/edgar/data/1124140/000112414023000014/0001124140-23-000014-index.htm", "finalLink": "https://www.sec.gov/Archives/edgar/data/1124140/000112414023000014/exas-20221231.htm", "calculatedOtherExpenses": 110694000, "calculatedOperatingExpenses": 2087427000, "calculatedNetInterest": 0, "calculatedOtherIncome": -55028000, "calculatedIncomeNonControlling": 0, "calculatedEbitda": -480092000}, {"date": "2021-12-31", "symbol": "EXAS", "reportedCurrency": "USD", "cik": "0001124140", "fillingDate": "2022-02-22", "acceptedDate": "2022-02-22 17:06:46", "calendarYear": "2021", "period": "FY", "revenue": 1767087000, "costOfRevenue": 458757000, "grossProfit": 1308330000, "grossProfitRatio": 0.7403879945, "researchAndDevelopmentExpenses": 385646000, "generalAndAdministrativeExpenses": 801262000, "sellingAndMarketingExpenses": 861889000, "sellingGeneralAndAdministrativeExpenses": 1663151000, "otherExpenses": 95001000, "operatingExpenses": 2143798000, "costAndExpenses": 2602555000, "interestIncome": 1792000, "interestExpense": 18606000, "depreciationAndAmortization": 95001000, "ebitda": -740467000, "ebitdaratio": -0.419032566, "operatingIncome": -835468000, "operatingIncomeRatio": -0.4727939258, "totalOtherIncomeExpensesNet": -7038000, "incomeBeforeTax": -842506000, "incomeBeforeTaxRatio": -0.4767767518, "incomeTaxExpense": -246881000, "netIncome": -595625000, "netIncomeRatio": -0.3370660301, "eps": -3.48, "epsdiluted": -3.48, "weightedAverageShsOut": 171348000, "weightedAverageShsOutDil": 171348000, "link": "https://www.sec.gov/Archives/edgar/data/1124140/000112414022000022/0001124140-22-000022-index.htm", "finalLink": "https://www.sec.gov/Archives/edgar/data/1124140/000112414022000022/exas-20211231.htm", "calculatedOtherExpenses": 95001000, "calculatedOperatingExpenses": 2143798000, "calculatedNetInterest": -16814000, "calculatedOtherIncome": 9776000, "calculatedIncomeNonControlling": 0, "calculatedEbitda": -740467000}, {"date": "2020-12-31", "symbol": "EXAS", "reportedCurrency": "USD", "cik": "0001124140", "fillingDate": "2021-02-16", "acceptedDate": "2021-02-16 17:02:30", "calendarYear": "2020", "period": "FY", "revenue": 1491391000, "costOfRevenue": 354324000, "grossProfit": 1137067000, "grossProfitRatio": 0.7624204518, "researchAndDevelopmentExpenses": 554052000, "generalAndAdministrativeExpenses": 481716000, "sellingAndMarketingExpenses": 589919000, "sellingGeneralAndAdministrativeExpenses": 1071635000, "otherExpenses": 69733000, "operatingExpenses": 1695420000, "costAndExpenses": 2049744000, "interestIncome": 6574000, "interestExpense": 95983000, "depreciationAndAmortization": 93398000, "ebitda": -464955000, "ebitdaratio": -0.3117592905, "operatingIncome": -558353000, "operatingIncomeRatio": -0.3743840482, "totalOtherIncomeExpensesNet": -298752000, "incomeBeforeTax": -857105000, "incomeBeforeTaxRatio": -0.5747017382, "incomeTaxExpense": -8572000, "netIncome": -848533000, "netIncomeRatio": -0.5689540838, "eps": -5.61, "epsdiluted": -5.61, "weightedAverageShsOut": 151137000, "weightedAverageShsOutDil": 151137000, "link": "https://www.sec.gov/Archives/edgar/data/1124140/000112414021000029/0001124140-21-000029-index.htm", "finalLink": "https://www.sec.gov/Archives/edgar/data/1124140/000112414021000029/exas-20201231.htm", "calculatedOtherExpenses": 69733000, "calculatedOperatingExpenses": 1695420000, "calculatedNetInterest": -89409000, "calculatedOtherIncome": -209343000, "calculatedIncomeNonControlling": 0, "calculatedEbitda": -464955000}, {"date": "2019-12-31", "symbol": "EXAS", "reportedCurrency": "USD", "cik": "0001124140", "fillingDate": "2020-02-21", "acceptedDate": "2020-02-21 08:50:33", "calendarYear": "2019", "period": "FY", "revenue": 876293000, "costOfRevenue": 216717000, "grossProfit": 659576000, "grossProfitRatio": 0.7526888837, "researchAndDevelopmentExpenses": 139694000, "generalAndAdministrativeExpenses": 352453000, "sellingAndMarketingExpenses": 385176000, "sellingGeneralAndAdministrativeExpenses": 737629000, "otherExpenses": 16035000, "operatingExpenses": 893358000, "costAndExpenses": 1110075000, "interestIncome": 23771000, "interestExpense": 61599000, "depreciationAndAmortization": 16035000, "ebitda": -217747000, "ebitdaratio": -0.2484865222, "operatingIncome": -233782000, "operatingIncomeRatio": -0.2667851963, "totalOtherIncomeExpensesNet": -35069000, "incomeBeforeTax": -268851000, "incomeBeforeTaxRatio": -0.3068049157, "incomeTaxExpense": -184858000, "netIncome": -83993000, "netIncomeRatio": -0.0958503606, "eps": -0.64, "epsdiluted": -0.64, "weightedAverageShsOut": 131257000, "weightedAverageShsOutDil": 131257000, "link": "https://www.sec.gov/Archives/edgar/data/1124140/000112414020000010/0001124140-20-000010-index.htm", "finalLink": "https://www.sec.gov/Archives/edgar/data/1124140/000112414020000010/exas-20191231.htm", "calculatedOtherExpenses": 16035000, "calculatedOperatingExpenses": 893358000, "calculatedNetInterest": -37828000, "calculatedOtherIncome": 2759000, "calculatedIncomeNonControlling": 0, "calculatedEbitda": -217747000}, {"date": "2018-12-31", "symbol": "EXAS", "reportedCurrency": "USD", "cik": "0001124140", "fillingDate": "2019-02-21", "acceptedDate": "2019-02-21 16:30:08", "calendarYear": "2018", "period": "FY", "revenue": 454462000, "costOfRevenue": 117982000, "grossProfit": 336480000, "grossProfitRatio": 0.740391936, "researchAndDevelopmentExpenses": 68210000, "generalAndAdministrativeExpenses": 178293000, "sellingAndMarketingExpenses": 249448000, "sellingGeneralAndAdministrativeExpenses": 427741000, "otherExpenses": 0, "operatingExpenses": 495951000, "costAndExpenses": 613933000, "interestIncome": 0, "interestExpense": 36789000, "depreciationAndAmortization": 23084000, "ebitda": -159471000, "ebitdaratio": -0.3509006254, "operatingIncome": -159471000, "operatingIncomeRatio": -0.3509006254, "totalOtherIncomeExpensesNet": 21203000, "incomeBeforeTax": -175057000, "incomeBeforeTaxRatio": -0.385196122, "incomeTaxExpense": 92000, "netIncome": -175149000, "netIncomeRatio": -0.3853985592, "eps": -1.43, "epsdiluted": -1.43, "weightedAverageShsOut": 122207000, "weightedAverageShsOutDil": 122207000, "link": "https://www.sec.gov/Archives/edgar/data/1124140/000155837019000854/0001558370-19-000854-index.htm", "finalLink": "https://www.sec.gov/Archives/edgar/data/1124140/000155837019000854/exas-20181231x10k.htm", "calculatedOtherExpenses": 0, "calculatedOperatingExpenses": 495951000, "calculatedNetInterest": -36789000, "calculatedOtherIncome": 21203000, "calculatedIncomeNonControlling": 0, "calculatedEbitda": -136387000}, {"date": "2017-12-31", "symbol": "EXAS", "reportedCurrency": "USD", "cik": "0001124140", "fillingDate": "2018-02-22", "acceptedDate": "2018-02-22 16:48:21", "calendarYear": "2017", "period": "FY", "revenue": 265989000, "costOfRevenue": 79196000, "grossProfit": 186793000, "grossProfitRatio": 0.7022583641, "researchAndDevelopmentExpenses": 42139000, "generalAndAdministrativeExpenses": 109040000, "sellingAndMarketingExpenses": 153924000, "sellingGeneralAndAdministrativeExpenses": 262964000, "otherExpenses": 107597000, "operatingExpenses": 305103000, "costAndExpenses": 384299000, "interestIncome": 0, "interestExpense": 206000, "depreciationAndAmortization": 15555000, "ebitda": -118310000, "ebitdaratio": -0.4447928298, "operatingIncome": -118310000, "operatingIncomeRatio": -0.4447928298, "totalOtherIncomeExpensesNet": 3932000, "incomeBeforeTax": -114584000, "incomeBeforeTaxRatio": -0.4307847317, "incomeTaxExpense": -187000, "netIncome": -114397000, "netIncomeRatio": -0.4300816951, "eps": -0.99, "epsdiluted": -0.99, "weightedAverageShsOut": 115684000, "weightedAverageShsOutDil": 115684000, "link": "https://www.sec.gov/Archives/edgar/data/1124140/000155837018000941/0001558370-18-000941-index.htm", "finalLink": "https://www.sec.gov/Archives/edgar/data/1124140/000155837018000941/exas-20171231x10k.htm", "calculatedOtherExpenses": 0, "calculatedOperatingExpenses": 305103000, "calculatedNetInterest": -206000, "calculatedOtherIncome": 3932000, "calculatedIncomeNonControlling": 0, "calculatedEbitda": -102755000}, {"date": "2016-12-31", "symbol": "EXAS", "reportedCurrency": "USD", "cik": "0001124140", "fillingDate": "2017-02-21", "acceptedDate": "2017-02-21 16:24:43", "calendarYear": "2016", "period": "FY", "revenue": 99376000, "costOfRevenue": 45195000, "grossProfit": 54181000, "grossProfitRatio": 0.5452121237, "researchAndDevelopmentExpenses": 33473000, "generalAndAdministrativeExpenses": 76898000, "sellingAndMarketingExpenses": 112826000, "sellingGeneralAndAdministrativeExpenses": 189724000, "otherExpenses": 0, "operatingExpenses": 223197000, "costAndExpenses": 268392000, "interestIncome": 0, "interestExpense": 213000, "depreciationAndAmortization": 11509000, "ebitda": -169016000, "ebitdaratio": -1.7007728224, "operatingIncome": -169016000, "operatingIncomeRatio": -1.7007728224, "totalOtherIncomeExpensesNet": 2018000, "incomeBeforeTax": -167211000, "incomeBeforeTaxRatio": -1.6826094832, "incomeTaxExpense": -11296000, "netIncome": -167211000, "netIncomeRatio": -1.6826094832, "eps": -1.63, "epsdiluted": -1.63, "weightedAverageShsOut": 102335000, "weightedAverageShsOutDil": 102335000, "link": "https://www.sec.gov/Archives/edgar/data/1124140/000155837017000714/0001558370-17-000714-index.htm", "finalLink": "https://www.sec.gov/Archives/edgar/data/1124140/000155837017000714/exas-20161231x10k.htm", "calculatedOtherExpenses": 0, "calculatedOperatingExpenses": 223197000, "calculatedNetInterest": -213000, "calculatedOtherIncome": 2018000, "calculatedIncomeNonControlling": 11296000, "calculatedEbitda": -157507000}, {"date": "2015-12-31", "symbol": "EXAS", "reportedCurrency": "USD", "cik": "0001124140", "fillingDate": "2016-02-24", "acceptedDate": "2016-02-24 16:26:39", "calendarYear": "2015", "period": "FY", "revenue": 39437000, "costOfRevenue": 24501000, "grossProfit": 14936000, "grossProfitRatio": 0.3787306337, "researchAndDevelopmentExpenses": 33914000, "generalAndAdministrativeExpenses": 57950000, "sellingAndMarketingExpenses": 82140000, "sellingGeneralAndAdministrativeExpenses": 140090000, "otherExpenses": 4100000, "operatingExpenses": 174004000, "costAndExpenses": 198505000, "interestIncome": 0, "interestExpense": 6000, "depreciationAndAmortization": 7750000, "ebitda": -159068000, "ebitdaratio": -4.0334711058, "operatingIncome": -159068000, "operatingIncomeRatio": -4.0334711058, "totalOtherIncomeExpensesNet": 1271000, "incomeBeforeTax": -157803000, "incomeBeforeTaxRatio": -4.0013946294, "incomeTaxExpense": -7744000, "netIncome": -157803000, "netIncomeRatio": -4.0013946294, "eps": -1.71, "epsdiluted": -1.71, "weightedAverageShsOut": 92135000, "weightedAverageShsOutDil": 92135000, "link": "https://www.sec.gov/Archives/edgar/data/1124140/000155837016003446/0001558370-16-003446-index.htm", "finalLink": "https://www.sec.gov/Archives/edgar/data/1124140/000155837016003446/exas-20151231x10k.htm", "calculatedOtherExpenses": 0, "calculatedOperatingExpenses": 174004000, "calculatedNetInterest": -6000, "calculatedOtherIncome": 1271000, "calculatedIncomeNonControlling": 7744000, "calculatedEbitda": -151318000}, {"date": "2014-12-31", "symbol": "EXAS", "reportedCurrency": "USD", "cik": "0001124140", "fillingDate": "2015-02-27", "acceptedDate": "2015-02-27 16:22:18", "calendarYear": "2014", "period": "FY", "revenue": 1798000, "costOfRevenue": 4325000, "grossProfit": -2527000, "grossProfitRatio": -1.4054505006, "researchAndDevelopmentExpenses": 28669000, "generalAndAdministrativeExpenses": 30435000, "sellingAndMarketingExpenses": 38908000, "sellingGeneralAndAdministrativeExpenses": 69343000, "otherExpenses": 1600000, "operatingExpenses": 98012000, "costAndExpenses": 102337000, "interestIncome": 0, "interestExpense": 51000, "depreciationAndAmortization": 3710000, "ebitda": -100539000, "ebitdaratio": -55.9171301446, "operatingIncome": -100539000, "operatingIncomeRatio": -55.9171301446, "totalOtherIncomeExpensesNet": 542000, "incomeBeforeTax": -100048000, "incomeBeforeTaxRatio": -55.6440489433, "incomeTaxExpense": -3659000, "netIncome": -100048000, "netIncomeRatio": -55.6440489433, "eps": -1.25, "epsdiluted": -1.25, "weightedAverageShsOut": 80232000, "weightedAverageShsOutDil": 80232000, "link": "https://www.sec.gov/Archives/edgar/data/1124140/000155837015000227/0001558370-15-000227-index.htm", "finalLink": "https://www.sec.gov/Archives/edgar/data/1124140/000155837015000227/exas-20141231x10k.htm", "calculatedOtherExpenses": 0, "calculatedOperatingExpenses": 98012000, "calculatedNetInterest": -51000, "calculatedOtherIncome": 542000, "calculatedIncomeNonControlling": 3659000, "calculatedEbitda": -96829000}, {"date": "2013-12-31", "symbol": "EXAS", "reportedCurrency": "USD", "cik": "0001124140", "fillingDate": "2014-02-28", "acceptedDate": "2014-02-28 16:19:15", "calendarYear": "2013", "period": "FY", "revenue": 4144000, "costOfRevenue": 0, "grossProfit": 4144000, "grossProfitRatio": 1, "researchAndDevelopmentExpenses": 27678000, "generalAndAdministrativeExpenses": 13649000, "sellingAndMarketingExpenses": 9578000, "sellingGeneralAndAdministrativeExpenses": 23227000, "otherExpenses": 0, "operatingExpenses": 50905000, "costAndExpenses": 50905000, "interestIncome": 316000, "interestExpense": 69000, "depreciationAndAmortization": 1418000, "ebitda": -46445000, "ebitdaratio": -11.2077702703, "operatingIncome": -46761000, "operatingIncomeRatio": -11.2840250965, "totalOtherIncomeExpensesNet": 316000, "incomeBeforeTax": -46514000, "incomeBeforeTaxRatio": -11.2244208494, "incomeTaxExpense": -1033000, "netIncome": -46514000, "netIncomeRatio": -11.2244208494, "eps": -0.69, "epsdiluted": -0.69, "weightedAverageShsOut": 67493000, "weightedAverageShsOutDil": 67493000, "link": "https://www.sec.gov/Archives/edgar/data/1124140/000104746914001578/0001047469-14-001578-index.htm", "finalLink": "https://www.sec.gov/Archives/edgar/data/1124140/000104746914001578/a2218448z10-k.htm", "calculatedOtherExpenses": 0, "calculatedOperatingExpenses": 50905000, "calculatedNetInterest": 247000, "calculatedOtherIncome": 0, "calculatedIncomeNonControlling": 1033000, "calculatedEbitda": -45343000}, {"date": "2012-12-31", "symbol": "EXAS", "reportedCurrency": "USD", "cik": "0001124140", "fillingDate": "2013-03-01", "acceptedDate": "2013-03-01 16:27:02", "calendarYear": "2012", "period": "FY", "revenue": 4144000, "costOfRevenue": 0, "grossProfit": 4144000, "grossProfitRatio": 1, "researchAndDevelopmentExpenses": 42131000, "generalAndAdministrativeExpenses": 9900000, "sellingAndMarketingExpenses": 4755000, "sellingGeneralAndAdministrativeExpenses": 14655000, "otherExpenses": 0, "operatingExpenses": 56786000, "costAndExpenses": 56786000, "interestIncome": 262000, "interestExpense": 41000, "depreciationAndAmortization": 985000, "ebitda": -52380000, "ebitdaratio": -12.63996139, "operatingIncome": -52642000, "operatingIncomeRatio": -12.7031853282, "totalOtherIncomeExpensesNet": 262000, "incomeBeforeTax": -52421000, "incomeBeforeTaxRatio": -12.6498552124, "incomeTaxExpense": -682000, "netIncome": -52421000, "netIncomeRatio": -12.6498552124, "eps": -0.88, "epsdiluted": -0.88, "weightedAverageShsOut": 59481000, "weightedAverageShsOutDil": 59481000, "link": "https://www.sec.gov/Archives/edgar/data/1124140/000104746913002072/0001047469-13-002072-index.htm", "finalLink": "https://www.sec.gov/Archives/edgar/data/1124140/000104746913002072/a2213110z10-k.htm", "calculatedOtherExpenses": 0, "calculatedOperatingExpenses": 56786000, "calculatedNetInterest": 221000, "calculatedOtherIncome": 0, "calculatedIncomeNonControlling": 682000, "calculatedEbitda": -51657000}, {"date": "2011-12-31", "symbol": "EXAS", "reportedCurrency": "USD", "cik": "0001124140", "fillingDate": "2012-03-09", "acceptedDate": "2012-03-09 16:10:39", "calendarYear": "2011", "period": "FY", "revenue": 4163000, "costOfRevenue": 24000, "grossProfit": 4139000, "grossProfitRatio": 0.9942349267, "researchAndDevelopmentExpenses": 21968000, "generalAndAdministrativeExpenses": 8137000, "sellingAndMarketingExpenses": 2857000, "sellingGeneralAndAdministrativeExpenses": 10994000, "otherExpenses": 0, "operatingExpenses": 32962000, "costAndExpenses": 32986000, "interestIncome": 169000, "interestExpense": 21000, "depreciationAndAmortization": 411000, "ebitda": -28412000, "ebitdaratio": -6.8248858996, "operatingIncome": -28823000, "operatingIncomeRatio": -6.9236127792, "totalOtherIncomeExpensesNet": 148000, "incomeBeforeTax": -28675000, "incomeBeforeTaxRatio": -6.8880614941, "incomeTaxExpense": 0, "netIncome": -28675000, "netIncomeRatio": -6.8880614941, "eps": -0.55, "epsdiluted": -0.55, "weightedAverageShsOut": 52512000, "weightedAverageShsOutDil": 52512000, "link": "https://www.sec.gov/Archives/edgar/data/1124140/000104746912002372/0001047469-12-002372-index.htm", "finalLink": "https://www.sec.gov/Archives/edgar/data/1124140/000104746912002372/a2207647z10-k.htm", "calculatedOtherExpenses": 0, "calculatedOperatingExpenses": 32962000, "calculatedNetInterest": 148000, "calculatedOtherIncome": 0, "calculatedIncomeNonControlling": 0, "calculatedEbitda": -28412000}, {"date": "2010-12-31", "symbol": "EXAS", "reportedCurrency": "USD", "cik": "0001124140", "fillingDate": "2011-03-11", "acceptedDate": "2011-03-11 16:15:09", "calendarYear": "2010", "period": "FY", "revenue": 5344000, "costOfRevenue": 24000, "grossProfit": 5320000, "grossProfitRatio": 0.995508982, "researchAndDevelopmentExpenses": 9023000, "generalAndAdministrativeExpenses": 6330000, "sellingAndMarketingExpenses": 1793000, "sellingGeneralAndAdministrativeExpenses": 8123000, "otherExpenses": 0, "operatingExpenses": 17146000, "costAndExpenses": 17170000, "interestIncome": 0, "interestExpense": 0, "depreciationAndAmortization": 230000, "ebitda": -11840000, "ebitdaratio": -2.2155688623, "operatingIncome": -11826000, "operatingIncomeRatio": -2.2129491018, "totalOtherIncomeExpensesNet": 244000, "incomeBeforeTax": -11556000, "incomeBeforeTaxRatio": -2.1624251497, "incomeTaxExpense": -270000, "netIncome": -11556000, "netIncomeRatio": -2.1624251497, "eps": -0.29, "epsdiluted": -0.29, "weightedAverageShsOut": 40455000, "weightedAverageShsOutDil": 40455000, "link": "https://www.sec.gov/Archives/edgar/data/1124140/000104746911002045/0001047469-11-002045-index.htm", "finalLink": "https://www.sec.gov/Archives/edgar/data/1124140/000104746911002045/a2202557z10-k.htm", "calculatedOtherExpenses": 0, "calculatedOperatingExpenses": 17146000, "calculatedNetInterest": 0, "calculatedOtherIncome": 270000, "calculatedIncomeNonControlling": 270000, "calculatedEbitda": -11596000}, {"date": "2009-12-31", "symbol": "EXAS", "reportedCurrency": "USD", "cik": "0001124140", "fillingDate": "2010-03-12", "acceptedDate": "2010-03-12 16:46:53", "calendarYear": "2009", "period": "FY", "revenue": 4758000, "costOfRevenue": 20000, "grossProfit": 4738000, "grossProfitRatio": 0.9957965532, "researchAndDevelopmentExpenses": 4213000, "generalAndAdministrativeExpenses": 9510000, "sellingAndMarketingExpenses": 226000, "sellingGeneralAndAdministrativeExpenses": 9736000, "otherExpenses": 0, "operatingExpenses": 13949000, "costAndExpenses": 13969000, "interestIncome": 119000, "interestExpense": 0, "depreciationAndAmortization": 175000, "ebitda": -9214000, "ebitdaratio": -1.9365279529, "operatingIncome": -9208000, "operatingIncomeRatio": -1.9352669189, "totalOtherIncomeExpensesNet": 3000, "incomeBeforeTax": -9128000, "incomeBeforeTaxRatio": -1.9184531316, "incomeTaxExpense": -297000, "netIncome": -9089000, "netIncomeRatio": -1.9102564103, "eps": -0.28, "epsdiluted": -0.28, "weightedAverageShsOut": 32791000, "weightedAverageShsOutDil": 32791000, "link": "https://www.sec.gov/Archives/edgar/data/1124140/000104746910002147/0001047469-10-002147-index.htm", "finalLink": "https://www.sec.gov/Archives/edgar/data/1124140/000104746910002147/a2197185z10-k.htm", "calculatedOtherExpenses": -3000, "calculatedOperatingExpenses": 13946000, "calculatedNetInterest": 119000, "calculatedOtherIncome": -39000, "calculatedIncomeNonControlling": 258000, "calculatedEbitda": -9033000}, {"date": "2008-12-31", "symbol": "EXAS", "reportedCurrency": "USD", "cik": "0001124140", "fillingDate": "2009-03-31", "acceptedDate": "2009-03-31 12:38:09", "calendarYear": "2008", "period": "FY", "revenue": -867000, "costOfRevenue": 1000, "grossProfit": -868000, "grossProfitRatio": 1.0011534025, "researchAndDevelopmentExpenses": 2034000, "generalAndAdministrativeExpenses": 6469000, "sellingAndMarketingExpenses": 0, "sellingGeneralAndAdministrativeExpenses": 6469000, "otherExpenses": 0, "operatingExpenses": 8503000, "costAndExpenses": 8504000, "interestIncome": 232000, "interestExpense": 0, "depreciationAndAmortization": 626000, "ebitda": -8143000, "ebitdaratio": 9.3921568627, "operatingIncome": -9973000, "operatingIncomeRatio": 11.5028835063, "totalOtherIncomeExpensesNet": -602000, "incomeBeforeTax": -9741000, "incomeBeforeTaxRatio": 11.2352941176, "incomeTaxExpense": 370000, "netIncome": -9741000, "netIncomeRatio": 11.2352941176, "eps": -0.36, "epsdiluted": -0.36, "weightedAverageShsOut": 27212000, "weightedAverageShsOutDil": 27212000, "link": "https://www.sec.gov/Archives/edgar/data/1124140/000104746909003489/0001047469-09-003489-index.htm", "finalLink": "https://www.sec.gov/Archives/edgar/data/1124140/000104746909003489/a2191946z10-k.htm", "calculatedOtherExpenses": 602000, "calculatedOperatingExpenses": 9105000, "calculatedNetInterest": 232000, "calculatedOtherIncome": 0, "calculatedIncomeNonControlling": -370000, "calculatedEbitda": -9347000}, {"date": "2007-12-31", "symbol": "EXAS", "reportedCurrency": "USD", "cik": "0001124140", "fillingDate": "2008-03-17", "acceptedDate": "2008-03-17 16:25:01", "calendarYear": "2007", "period": "FY", "revenue": 2935000, "costOfRevenue": 1186000, "grossProfit": 1749000, "grossProfitRatio": 0.595911414, "researchAndDevelopmentExpenses": 4887000, "generalAndAdministrativeExpenses": 8532000, "sellingAndMarketingExpenses": 991000, "sellingGeneralAndAdministrativeExpenses": 8532000, "otherExpenses": 0, "operatingExpenses": 13419000, "costAndExpenses": 14605000, "interestIncome": 888000, "interestExpense": 0, "depreciationAndAmortization": -2244000, "ebitda": -10493000, "ebitdaratio": -3.5751277683, "operatingIncome": -12847000, "operatingIncomeRatio": -4.3771720613, "totalOtherIncomeExpensesNet": -1177000, "incomeBeforeTax": -11959000, "incomeBeforeTaxRatio": -4.0746166951, "incomeTaxExpense": 2533000, "netIncome": -11959000, "netIncomeRatio": -4.0746166951, "eps": -0.44, "epsdiluted": -0.44, "weightedAverageShsOut": 26945000, "weightedAverageShsOutDil": 26945000, "link": "https://www.sec.gov/Archives/edgar/data/1124140/000104746908002938/0001047469-08-002938-index.htm", "finalLink": "https://www.sec.gov/Archives/edgar/data/1124140/000104746908002938/a2183694z10-k.htm", "calculatedOtherExpenses": 1177000, "calculatedOperatingExpenses": 14596000, "calculatedNetInterest": 888000, "calculatedOtherIncome": 0, "calculatedIncomeNonControlling": -2533000, "calculatedEbitda": -15091000}, {"date": "2006-12-31", "symbol": "EXAS", "reportedCurrency": "USD", "cik": "0001124140", "fillingDate": "2007-03-15", "acceptedDate": "2007-03-15 16:44:01", "calendarYear": "2006", "period": "FY", "revenue": 4750000, "costOfRevenue": 809000, "grossProfit": 3941000, "grossProfitRatio": 0.8296842105, "researchAndDevelopmentExpenses": 6735000, "generalAndAdministrativeExpenses": 10702000, "sellingAndMarketingExpenses": 4433000, "sellingGeneralAndAdministrativeExpenses": 10702000, "otherExpenses": 0, "operatingExpenses": 17437000, "costAndExpenses": 18246000, "interestIncome": 1252000, "interestExpense": 0, "depreciationAndAmortization": -3008000, "ebitda": -12825000, "ebitdaratio": -2.7, "operatingIncome": -14167000, "operatingIncomeRatio": -2.9825263158, "totalOtherIncomeExpensesNet": -671000, "incomeBeforeTax": -12915000, "incomeBeforeTaxRatio": -2.7189473684, "incomeTaxExpense": 2427000, "netIncome": -12915000, "netIncomeRatio": -2.7189473684, "eps": -0.49, "epsdiluted": -0.49, "weightedAverageShsOut": 26509000, "weightedAverageShsOutDil": 26509000, "link": "https://www.sec.gov/Archives/edgar/data/1124140/000110465907019583/0001104659-07-019583-index.htm", "finalLink": "https://www.sec.gov/Archives/edgar/data/1124140/000110465907019583/a07-5784_110k.htm", "calculatedOtherExpenses": 671000, "calculatedOperatingExpenses": 18108000, "calculatedNetInterest": 1252000, "calculatedOtherIncome": 0, "calculatedIncomeNonControlling": -2427000, "calculatedEbitda": -17175000}, {"date": "2005-12-31", "symbol": "EXAS", "reportedCurrency": "USD", "cik": "0001124140", "fillingDate": "2006-03-15", "acceptedDate": "2006-03-15 16:37:35", "calendarYear": "2005", "period": "FY", "revenue": 4250000, "costOfRevenue": 566000, "grossProfit": 3684000, "grossProfitRatio": 0.8668235294, "researchAndDevelopmentExpenses": 7843000, "generalAndAdministrativeExpenses": 10849000, "sellingAndMarketingExpenses": 5618000, "sellingGeneralAndAdministrativeExpenses": 10849000, "otherExpenses": 0, "operatingExpenses": 18692000, "costAndExpenses": 19258000, "interestIncome": 1114000, "interestExpense": 0, "depreciationAndAmortization": -2926000, "ebitda": -14382000, "ebitdaratio": -3.384, "operatingIncome": -15634000, "operatingIncomeRatio": -3.6785882353, "totalOtherIncomeExpensesNet": -626000, "incomeBeforeTax": -14520000, "incomeBeforeTaxRatio": -3.4164705882, "incomeTaxExpense": 2438000, "netIncome": -14520000, "netIncomeRatio": -3.4164705882, "eps": -0.55, "epsdiluted": -0.55, "weightedAverageShsOut": 26270000, "weightedAverageShsOutDil": 26270000, "link": "https://www.sec.gov/Archives/edgar/data/1124140/000110465906016903/0001104659-06-016903-index.htm", "finalLink": "https://www.sec.gov/Archives/edgar/data/1124140/000110465906016903/a06-2542_110k.htm", "calculatedOtherExpenses": 626000, "calculatedOperatingExpenses": 19318000, "calculatedNetInterest": 1114000, "calculatedOtherIncome": 0, "calculatedIncomeNonControlling": -2438000, "calculatedEbitda": -18560000}, {"date": "2004-12-31", "symbol": "EXAS", "reportedCurrency": "USD", "cik": "0001124140", "fillingDate": "2005-03-14", "acceptedDate": "2005-03-14 16:43:15", "calendarYear": "2004", "period": "FY", "revenue": 4935000, "costOfRevenue": 487000, "grossProfit": 4448000, "grossProfitRatio": 0.9013171226, "researchAndDevelopmentExpenses": 10901000, "generalAndAdministrativeExpenses": 12742000, "sellingAndMarketingExpenses": 0, "sellingGeneralAndAdministrativeExpenses": 12742000, "otherExpenses": 0, "operatingExpenses": 23643000, "costAndExpenses": 24130000, "interestIncome": 672000, "interestExpense": 0, "depreciationAndAmortization": -2786000, "ebitda": -19195000, "ebitdaratio": -3.8895643364, "operatingIncome": -19195000, "operatingIncomeRatio": -3.8895643364, "totalOtherIncomeExpensesNet": 672000, "incomeBeforeTax": -18523000, "incomeBeforeTaxRatio": -3.7533941236, "incomeTaxExpense": 2786000, "netIncome": -18523000, "netIncomeRatio": -3.7533941236, "eps": -0.73, "epsdiluted": -0.73, "weightedAverageShsOut": 25334000, "weightedAverageShsOutDil": 25334000, "link": "https://www.sec.gov/Archives/edgar/data/1124140/000104746905006361/0001047469-05-006361-index.htm", "finalLink": "https://www.sec.gov/Archives/edgar/data/1124140/000104746905006361/a2153432z10-k.htm", "calculatedOtherExpenses": 0, "calculatedOperatingExpenses": 23643000, "calculatedNetInterest": 672000, "calculatedOtherIncome": 0, "calculatedIncomeNonControlling": -2786000, "calculatedEbitda": -21981000}, {"date": "2003-12-31", "symbol": "EXAS", "reportedCurrency": "USD", "cik": "0001124140", "fillingDate": "2004-02-02", "acceptedDate": "2004-02-02 14:39:56", "calendarYear": "2003", "period": "FY", "revenue": 2901000, "costOfRevenue": 22000, "grossProfit": 2879000, "grossProfitRatio": 0.9924164081, "researchAndDevelopmentExpenses": 17084000, "generalAndAdministrativeExpenses": 14633000, "sellingAndMarketingExpenses": 0, "sellingGeneralAndAdministrativeExpenses": 14633000, "otherExpenses": 0, "operatingExpenses": 31717000, "costAndExpenses": 31739000, "interestIncome": 498000, "interestExpense": 0, "depreciationAndAmortization": -62000, "ebitda": -28838000, "ebitdaratio": -9.9407101, "operatingIncome": -28838000, "operatingIncomeRatio": -9.9407101, "totalOtherIncomeExpensesNet": 498000, "incomeBeforeTax": -28340000, "incomeBeforeTaxRatio": -9.7690451568, "incomeTaxExpense": 62000, "netIncome": -28340000, "netIncomeRatio": -9.7690451568, "eps": -1.5, "epsdiluted": -1.5, "weightedAverageShsOut": 18911000, "weightedAverageShsOutDil": 18911000, "link": "https://www.sec.gov/Archives/edgar/data/1124140/000091205704000055/0000912057-04-000055-index.htm", "finalLink": "https://www.sec.gov/Archives/edgar/data/1124140/000091205704000055/a2127693z10-k.htm", "calculatedOtherExpenses": 0, "calculatedOperatingExpenses": 31717000, "calculatedNetInterest": 498000, "calculatedOtherIncome": 0, "calculatedIncomeNonControlling": -62000, "calculatedEbitda": -28900000}, {"date": "2002-12-31", "symbol": "EXAS", "reportedCurrency": "USD", "cik": "0001124140", "fillingDate": "2003-03-28", "acceptedDate": "2003-03-28 10:24:32", "calendarYear": "2002", "period": "FY", "revenue": 897000, "costOfRevenue": 9000, "grossProfit": 888000, "grossProfitRatio": 0.9899665552, "researchAndDevelopmentExpenses": 19989000, "generalAndAdministrativeExpenses": 11744000, "sellingAndMarketingExpenses": 0, "sellingGeneralAndAdministrativeExpenses": 11744000, "otherExpenses": 0, "operatingExpenses": 31733000, "costAndExpenses": 31742000, "interestIncome": 962000, "interestExpense": 0, "depreciationAndAmortization": 2158000, "ebitda": -28687000, "ebitdaratio": -31.9810479376, "operatingIncome": -30845000, "operatingIncomeRatio": -34.386845039, "totalOtherIncomeExpensesNet": 962000, "incomeBeforeTax": -29883000, "incomeBeforeTaxRatio": -33.3143812709, "incomeTaxExpense": 0, "netIncome": -29883000, "netIncomeRatio": -33.3143812709, "eps": -1.62, "epsdiluted": -1.62, "weightedAverageShsOut": 18433000, "weightedAverageShsOutDil": 18433000, "link": "https://www.sec.gov/Archives/edgar/data/1124140/000104746903010717/0001047469-03-010717-index.htm", "finalLink": "https://www.sec.gov/Archives/edgar/data/1124140/000104746903010717/a2106645z10-k.htm", "calculatedOtherExpenses": 0, "calculatedOperatingExpenses": 31733000, "calculatedNetInterest": 962000, "calculatedOtherIncome": 0, "calculatedIncomeNonControlling": 0, "calculatedEbitda": -28687000}, {"date": "2001-12-31", "symbol": "EXAS", "reportedCurrency": "USD", "cik": "0001124140", "fillingDate": "2002-03-26", "acceptedDate": "2002-03-26 00:00:00", "calendarYear": "2001", "period": "FY", "revenue": 50870, "costOfRevenue": 0, "grossProfit": 50870, "grossProfitRatio": 1, "researchAndDevelopmentExpenses": 13335265, "generalAndAdministrativeExpenses": 12866062, "sellingAndMarketingExpenses": 0, "sellingGeneralAndAdministrativeExpenses": 12866062, "otherExpenses": 0, "operatingExpenses": 26201327, "costAndExpenses": 26201327, "interestIncome": 2665032000, "interestExpense": 0, "depreciationAndAmortization": 1068309, "ebitda": -25082148, "ebitdaratio": -493.0636524474, "operatingIncome": -26150457, "operatingIncomeRatio": -514.0644191075, "totalOtherIncomeExpensesNet": 2665032000, "incomeBeforeTax": -23485425000, "incomeBeforeTaxRatio": -461675.3489286416, "incomeTaxExpense": 2662366968, "netIncome": -23485425, "netIncomeRatio": -461.6753489286, "eps": -1.42, "epsdiluted": -1.42, "weightedAverageShsOut": 16487000, "weightedAverageShsOutDil": 16487000, "link": "https://www.sec.gov/Archives/edgar/data/1124140/000091205702011660/0000912057-02-011660-index.htm", "finalLink": "https://www.sec.gov/Archives/edgar/data/1124140/000091205702011660/a2072886z10-k.htm", "calculatedOtherExpenses": 0, "calculatedOperatingExpenses": 26201327, "calculatedNetInterest": 2665032000, "calculatedOtherIncome": -26124306543, "calculatedIncomeNonControlling": -26124306543, "calculatedEbitda": -25082148}, {"date": "2000-12-31", "symbol": "EXAS", "reportedCurrency": "USD", "cik": "0001124140", "fillingDate": "2001-03-30", "acceptedDate": "2001-03-30 00:00:00", "calendarYear": "2000", "period": "FY", "revenue": 1, "costOfRevenue": -404142, "grossProfit": 404143, "grossProfitRatio": 404143, "researchAndDevelopmentExpenses": 5332055, "generalAndAdministrativeExpenses": 0, "sellingAndMarketingExpenses": 0, "sellingGeneralAndAdministrativeExpenses": 4813715, "otherExpenses": 5217857, "operatingExpenses": 10549912, "costAndExpenses": 10145770, "interestIncome": 0, "interestExpense": 0, "depreciationAndAmortization": 404142, "ebitda": -6557574, "ebitdaratio": -6557574, "operatingIncome": -10145769, "operatingIncomeRatio": -10145769, "totalOtherIncomeExpensesNet": -3184053, "incomeBeforeTax": -13329822, "incomeBeforeTaxRatio": -13329822, "incomeTaxExpense": 1737350, "netIncome": -11883119, "netIncomeRatio": -11883119, "eps": -8.13, "epsdiluted": -8.13, "weightedAverageShsOut": 1461726, "weightedAverageShsOutDil": 1461726, "link": "https://www.sec.gov/Archives/edgar/data/1124140/000091205701505838/0000912057-01-505838-index.htm", "finalLink": "https://www.sec.gov/Archives/edgar/data/1124140/000091205701505838/a2043161z10-k.txt", "calculatedOtherExpenses": 404142, "calculatedOperatingExpenses": 10549912, "calculatedNetInterest": 0, "calculatedOtherIncome": -3184053, "calculatedIncomeNonControlling": -3184053, "calculatedEbitda": -9741627}, {"date": "1999-12-31", "symbol": "EXAS", "reportedCurrency": "USD", "cik": "0001124140", "fillingDate": "1999-12-31", "acceptedDate": "1999-12-30 19:00:00", "calendarYear": "1999", "period": "FY", "revenue": 0, "costOfRevenue": 0, "grossProfit": 0, "grossProfitRatio": 0, "researchAndDevelopmentExpenses": 3688796, "generalAndAdministrativeExpenses": 0, "sellingAndMarketingExpenses": 0, "sellingGeneralAndAdministrativeExpenses": 1560368, "otherExpenses": 0, "operatingExpenses": 5262944, "costAndExpenses": 5262944, "interestIncome": 0, "interestExpense": 0, "depreciationAndAmortization": 424285, "ebitda": -4838659, "ebitdaratio": 0, "operatingIncome": -5262944, "operatingIncomeRatio": 0, "totalOtherIncomeExpensesNet": 0, "incomeBeforeTax": 0, "incomeBeforeTaxRatio": 0, "incomeTaxExpense": -299019, "netIncome": -4963925, "netIncomeRatio": 0, "eps": -5.32, "epsdiluted": -5.32, "weightedAverageShsOut": 932593, "weightedAverageShsOutDil": 932593, "link": "", "finalLink": "", "calculatedOtherExpenses": 13780, "calculatedOperatingExpenses": 5262944, "calculatedNetInterest": 0, "calculatedOtherIncome": 5262944, "calculatedIncomeNonControlling": 5262944, "calculatedEbitda": -4838659}, {"date": "1998-12-31", "symbol": "EXAS", "reportedCurrency": "USD", "cik": "0001124140", "fillingDate": "1998-12-31", "acceptedDate": "1998-12-30 19:00:00", "calendarYear": "1998", "period": "FY", "revenue": 0, "costOfRevenue": 0, "grossProfit": 0, "grossProfitRatio": 0, "researchAndDevelopmentExpenses": 2849000, "generalAndAdministrativeExpenses": 0, "sellingAndMarketingExpenses": 0, "sellingGeneralAndAdministrativeExpenses": 1170000, "otherExpenses": 0, "operatingExpenses": 4021000, "costAndExpenses": 4021000, "interestIncome": 0, "interestExpense": 0, "depreciationAndAmortization": 0, "ebitda": -4021000, "ebitdaratio": 0, "operatingIncome": -4021000, "operatingIncomeRatio": 0, "totalOtherIncomeExpensesNet": 0, "incomeBeforeTax": 0, "incomeBeforeTaxRatio": 0, "incomeTaxExpense": 3578000, "netIncome": -3578000, "netIncomeRatio": 0, "eps": -6.08, "epsdiluted": -6.08, "weightedAverageShsOut": 588143, "weightedAverageShsOutDil": 588143, "link": "", "finalLink": "", "calculatedOtherExpenses": 2000, "calculatedOperatingExpenses": 4021000, "calculatedNetInterest": 0, "calculatedOtherIncome": 4021000, "calculatedIncomeNonControlling": 0, "calculatedEbitda": -4021000}]}