{"originalCurrency": "USD", "convertedCurrency": "USD", "report": [{"date": "2023-12-31", "symbol": "EXC", "reportedCurrency": "USD", "cik": "0001109357", "fillingDate": "2024-02-21", "acceptedDate": "2024-02-21 15:46:13", "calendarYear": "2023", "period": "FY", "revenue": 21727000000, "costOfRevenue": 12800000000, "grossProfit": 8927000000, "grossProfitRatio": 0.4108712662, "researchAndDevelopmentExpenses": 0, "generalAndAdministrativeExpenses": 0, "sellingAndMarketingExpenses": 0, "sellingGeneralAndAdministrativeExpenses": 18000000, "otherExpenses": 408000000, "operatingExpenses": 4914000000, "costAndExpenses": 17714000000, "interestIncome": 0, "interestExpense": 1729000000, "depreciationAndAmortization": 2786000000, "ebitda": 7927000000, "ebitdaratio": 0.3648455838, "operatingIncome": 4023000000, "operatingIncomeRatio": 0.18516132, "totalOtherIncomeExpensesNet": 418000000, "incomeBeforeTax": 2702000000, "incomeBeforeTaxRatio": 0.1243613937, "incomeTaxExpense": 374000000, "netIncome": 2328000000, "netIncomeRatio": 0.1071477885, "eps": 2.34, "epsdiluted": 2.34, "weightedAverageShsOut": 996000000, "weightedAverageShsOutDil": 997000000, "link": "https://www.sec.gov/Archives/edgar/data/1109357/000110935724000053/0001109357-24-000053-index.htm", "finalLink": "https://www.sec.gov/Archives/edgar/data/8192/000110935724000053/exc-20231231.htm", "calculatedOtherExpenses": 4886000000, "calculatedOperatingExpenses": 4904000000, "calculatedNetInterest": -1729000000, "calculatedOtherIncome": 408000000, "calculatedIncomeNonControlling": 0, "calculatedEbitda": 6809000000}, {"date": "2022-12-31", "symbol": "EXC", "reportedCurrency": "USD", "cik": "0001109357", "fillingDate": "2023-02-14", "acceptedDate": "2023-02-14 17:09:56", "calendarYear": "2022", "period": "FY", "revenue": 19078000000, "costOfRevenue": 11046000000, "grossProfit": 8032000000, "grossProfitRatio": 0.4210084915, "researchAndDevelopmentExpenses": 0, "generalAndAdministrativeExpenses": 0, "sellingAndMarketingExpenses": 0, "sellingGeneralAndAdministrativeExpenses": 63000000, "otherExpenses": 4715000000, "operatingExpenses": 4715000000, "costAndExpenses": 15761000000, "interestIncome": 1447000000, "interestExpense": 1447000000, "depreciationAndAmortization": 4070000000, "ebitda": 7385000000, "ebitdaratio": 0.3870950833, "operatingIncome": 3315000000, "operatingIncomeRatio": 0.1737603522, "totalOtherIncomeExpensesNet": -912000000, "incomeBeforeTax": 2403000000, "incomeBeforeTaxRatio": 0.1259565992, "incomeTaxExpense": 349000000, "netIncome": 2170000000, "netIncomeRatio": 0.113743579, "eps": 2.2, "epsdiluted": 2.2, "weightedAverageShsOut": 986000000, "weightedAverageShsOutDil": 987000000, "link": "https://www.sec.gov/Archives/edgar/data/1109357/000110935723000018/0001109357-23-000018-index.htm", "finalLink": "https://www.sec.gov/Archives/edgar/data/8192/000110935723000018/exc-20221231.htm", "calculatedOtherExpenses": 4654000000, "calculatedOperatingExpenses": 4717000000, "calculatedNetInterest": 0, "calculatedOtherIncome": -912000000, "calculatedIncomeNonControlling": -116000000, "calculatedEbitda": 7385000000}, {"date": "2021-12-31", "symbol": "EXC", "reportedCurrency": "USD", "cik": "0001109357", "fillingDate": "2022-02-25", "acceptedDate": "2022-02-25 15:02:27", "calendarYear": "2021", "period": "FY", "revenue": 17938000000, "costOfRevenue": 10932000000, "grossProfit": 7006000000, "grossProfitRatio": 0.3905675103, "researchAndDevelopmentExpenses": 0, "generalAndAdministrativeExpenses": 0, "sellingAndMarketingExpenses": 0, "sellingGeneralAndAdministrativeExpenses": 91000000, "otherExpenses": 4324000000, "operatingExpenses": 4324000000, "costAndExpenses": 15256000000, "interestIncome": 1289000000, "interestExpense": 1289000000, "depreciationAndAmortization": 6695000000, "ebitda": 9377000000, "ebitdaratio": 0.5227450106, "operatingIncome": 2682000000, "operatingIncomeRatio": 0.1495149961, "totalOtherIncomeExpensesNet": -1028000000, "incomeBeforeTax": 1654000000, "incomeBeforeTaxRatio": 0.092206489, "incomeTaxExpense": 38000000, "netIncome": 1706000000, "netIncomeRatio": 0.0951053629, "eps": 1.74, "epsdiluted": 1.74, "weightedAverageShsOut": 979000000, "weightedAverageShsOutDil": 980000000, "link": "https://www.sec.gov/Archives/edgar/data/1109357/000110935722000039/0001109357-22-000039-index.htm", "finalLink": "https://www.sec.gov/Archives/edgar/data/8192/000110935722000039/exc-20211231.htm", "calculatedOtherExpenses": 4233000000, "calculatedOperatingExpenses": 4324000000, "calculatedNetInterest": 0, "calculatedOtherIncome": -1028000000, "calculatedIncomeNonControlling": -90000000, "calculatedEbitda": 9377000000}, {"date": "2020-12-31", "symbol": "EXC", "reportedCurrency": "USD", "cik": "0001109357", "fillingDate": "2021-02-24", "acceptedDate": "2021-02-24 15:10:10", "calendarYear": "2020", "period": "FY", "revenue": 33039000000, "costOfRevenue": 23512000000, "grossProfit": 9527000000, "grossProfitRatio": 0.2883561851, "researchAndDevelopmentExpenses": 0, "generalAndAdministrativeExpenses": 0, "sellingAndMarketingExpenses": 0, "sellingGeneralAndAdministrativeExpenses": 53000000, "otherExpenses": 6728000000, "operatingExpenses": 6728000000, "costAndExpenses": 30240000000, "interestIncome": 1307000000, "interestExpense": 1635000000, "depreciationAndAmortization": 6527000000, "ebitda": 10471000000, "ebitdaratio": 0.3169284785, "operatingIncome": 3944000000, "operatingIncomeRatio": 0.1193740731, "totalOtherIncomeExpensesNet": -1611000000, "incomeBeforeTax": 2333000000, "incomeBeforeTaxRatio": 0.0706135174, "incomeTaxExpense": 373000000, "netIncome": 1963000000, "netIncomeRatio": 0.0594146312, "eps": 2.01, "epsdiluted": 2.01, "weightedAverageShsOut": 976000000, "weightedAverageShsOutDil": 977000000, "link": "https://www.sec.gov/Archives/edgar/data/1109357/000110935721000022/0001109357-21-000022-index.htm", "finalLink": "https://www.sec.gov/Archives/edgar/data/8192/000110935721000022/exc-20201231.htm", "calculatedOtherExpenses": 5530000000, "calculatedOperatingExpenses": 5583000000, "calculatedNetInterest": -328000000, "calculatedOtherIncome": -1283000000, "calculatedIncomeNonControlling": -3000000, "calculatedEbitda": 10471000000}, {"date": "2019-12-31", "symbol": "EXC", "reportedCurrency": "USD", "cik": "0001109357", "fillingDate": "2020-02-11", "acceptedDate": "2020-02-11 16:02:37", "calendarYear": "2019", "period": "FY", "revenue": 34438000000, "costOfRevenue": 24112000000, "grossProfit": 10326000000, "grossProfitRatio": 0.2998431965, "researchAndDevelopmentExpenses": 0, "generalAndAdministrativeExpenses": 0, "sellingAndMarketingExpenses": 0, "sellingGeneralAndAdministrativeExpenses": 13000000, "otherExpenses": 5984000000, "operatingExpenses": 5984000000, "costAndExpenses": 30096000000, "interestIncome": 1616000000, "interestExpense": 1616000000, "depreciationAndAmortization": 6975000000, "ebitda": 11349000000, "ebitdaratio": 0.3295487543, "operatingIncome": 4374000000, "operatingIncomeRatio": 0.1270108601, "totalOtherIncomeExpensesNet": -389000000, "incomeBeforeTax": 3985000000, "incomeBeforeTaxRatio": 0.1157151983, "incomeTaxExpense": 774000000, "netIncome": 2936000000, "netIncomeRatio": 0.0852546605, "eps": 3.02, "epsdiluted": 3.01, "weightedAverageShsOut": 973000000, "weightedAverageShsOutDil": 974000000, "link": "https://www.sec.gov/Archives/edgar/data/1109357/000110935720000053/0001109357-20-000053-index.htm", "finalLink": "https://www.sec.gov/Archives/edgar/data/8192/000110935720000053/exc-20191231x10k.htm", "calculatedOtherExpenses": 5939000000, "calculatedOperatingExpenses": 5952000000, "calculatedNetInterest": 0, "calculatedOtherIncome": -389000000, "calculatedIncomeNonControlling": 275000000, "calculatedEbitda": 11349000000}, {"date": "2018-12-31", "symbol": "EXC", "reportedCurrency": "USD", "cik": "0001109357", "fillingDate": "2019-02-08", "acceptedDate": "2019-02-08 15:11:50", "calendarYear": "2018", "period": "FY", "revenue": 35985000000, "costOfRevenue": 26007000000, "grossProfit": 9978000000, "grossProfitRatio": 0.2772822009, "researchAndDevelopmentExpenses": 0, "generalAndAdministrativeExpenses": 0, "sellingAndMarketingExpenses": 0, "sellingGeneralAndAdministrativeExpenses": 47000000, "otherExpenses": 6136000000, "operatingExpenses": 6136000000, "costAndExpenses": 32143000000, "interestIncome": 0, "interestExpense": 1554000000, "depreciationAndAmortization": 5803000000, "ebitda": 9701000000, "ebitdaratio": 0.2695845491, "operatingIncome": 3898000000, "operatingIncomeRatio": 0.1083229123, "totalOtherIncomeExpensesNet": -1666000000, "incomeBeforeTax": 2232000000, "incomeBeforeTaxRatio": 0.0620258441, "incomeTaxExpense": 120000000, "netIncome": 2010000000, "netIncomeRatio": 0.0558566069, "eps": 2.08, "epsdiluted": 2.07, "weightedAverageShsOut": 967000000, "weightedAverageShsOutDil": 969000000, "link": "https://www.sec.gov/Archives/edgar/data/1109357/000162828019001107/0001628280-19-001107-index.htm", "finalLink": "https://www.sec.gov/Archives/edgar/data/8192/000162828019001107/exc-20181231x10k.htm", "calculatedOtherExpenses": 6033000000, "calculatedOperatingExpenses": 6080000000, "calculatedNetInterest": -1554000000, "calculatedOtherIncome": -112000000, "calculatedIncomeNonControlling": 102000000, "calculatedEbitda": 9701000000}, {"date": "2017-12-31", "symbol": "EXC", "reportedCurrency": "USD", "cik": "0001109357", "fillingDate": "2018-02-09", "acceptedDate": "2018-02-09 08:40:06", "calendarYear": "2017", "period": "FY", "revenue": 33531000000, "costOfRevenue": 24161000000, "grossProfit": 9370000000, "grossProfitRatio": 0.2794429036, "researchAndDevelopmentExpenses": 0, "generalAndAdministrativeExpenses": 0, "sellingAndMarketingExpenses": 0, "sellingGeneralAndAdministrativeExpenses": 109000000, "otherExpenses": 1056000000, "operatingExpenses": 5559000000, "costAndExpenses": 29720000000, "interestIncome": 0, "interestExpense": 1560000000, "depreciationAndAmortization": 5427000000, "ebitda": 10294000000, "ebitdaratio": 0.306999493, "operatingIncome": 4260000000, "operatingIncomeRatio": 0.1270466136, "totalOtherIncomeExpensesNet": 1505000000, "incomeBeforeTax": 3756000000, "incomeBeforeTaxRatio": 0.1120157466, "incomeTaxExpense": -125000000, "netIncome": 3770000000, "netIncomeRatio": 0.1124332707, "eps": 3.98, "epsdiluted": 3.97, "weightedAverageShsOut": 947000000, "weightedAverageShsOutDil": 949000000, "link": "https://www.sec.gov/Archives/edgar/data/1109357/000162828018001324/0001628280-18-001324-index.htm", "finalLink": "https://www.sec.gov/Archives/edgar/data/8192/000162828018001324/exc-20171231x10k.htm", "calculatedOtherExpenses": 5001000000, "calculatedOperatingExpenses": 5110000000, "calculatedNetInterest": -1560000000, "calculatedOtherIncome": 1056000000, "calculatedIncomeNonControlling": 111000000, "calculatedEbitda": 9687000000}, {"date": "2016-12-31", "symbol": "EXC", "reportedCurrency": "USD", "cik": "0001109357", "fillingDate": "2017-02-13", "acceptedDate": "2017-02-13 10:58:30", "calendarYear": "2016", "period": "FY", "revenue": 31360000000, "costOfRevenue": 22688000000, "grossProfit": 8672000000, "grossProfitRatio": 0.2765306122, "researchAndDevelopmentExpenses": 0, "generalAndAdministrativeExpenses": 0, "sellingAndMarketingExpenses": 0, "sellingGeneralAndAdministrativeExpenses": 116000000, "otherExpenses": 413000000, "operatingExpenses": 5512000000, "costAndExpenses": 28200000000, "interestIncome": 0, "interestExpense": 1536000000, "depreciationAndAmortization": 5576000000, "ebitda": 9149000000, "ebitdaratio": 0.2917410714, "operatingIncome": 3112000000, "operatingIncomeRatio": 0.0992346939, "totalOtherIncomeExpensesNet": 365000000, "incomeBeforeTax": 1989000000, "incomeBeforeTaxRatio": 0.0634247449, "incomeTaxExpense": 761000000, "netIncome": 1134000000, "netIncomeRatio": 0.0361607143, "eps": 1.23, "epsdiluted": 1.22, "weightedAverageShsOut": 924000000, "weightedAverageShsOutDil": 927000000, "link": "https://www.sec.gov/Archives/edgar/data/1109357/000119312517039639/0001193125-17-039639-index.htm", "finalLink": "https://www.sec.gov/Archives/edgar/data/8192/000119312517039639/d339405d10k.htm", "calculatedOtherExpenses": 5444000000, "calculatedOperatingExpenses": 5560000000, "calculatedNetInterest": -1536000000, "calculatedOtherIncome": 413000000, "calculatedIncomeNonControlling": 94000000, "calculatedEbitda": 8688000000}, {"date": "2015-12-31", "symbol": "EXC", "reportedCurrency": "USD", "cik": "0001109357", "fillingDate": "2016-02-10", "acceptedDate": "2016-02-10 16:36:37", "calendarYear": "2015", "period": "FY", "revenue": 29447000000, "costOfRevenue": 21406000000, "grossProfit": 8041000000, "grossProfitRatio": 0.2730668659, "researchAndDevelopmentExpenses": 0, "generalAndAdministrativeExpenses": 0, "sellingAndMarketingExpenses": 0, "sellingGeneralAndAdministrativeExpenses": 0, "otherExpenses": -8000000, "operatingExpenses": 3650000000, "costAndExpenses": 25056000000, "interestIncome": 0, "interestExpense": 1071000000, "depreciationAndAmortization": 3987000000, "ebitda": 8370000000, "ebitdaratio": 0.2842394811, "operatingIncome": 4409000000, "operatingIncomeRatio": 0.1497266275, "totalOtherIncomeExpensesNet": 10000000, "incomeBeforeTax": 3330000000, "incomeBeforeTaxRatio": 0.1130845247, "incomeTaxExpense": 1073000000, "netIncome": 2269000000, "netIncomeRatio": 0.0770536897, "eps": 2.55, "epsdiluted": 2.54, "weightedAverageShsOut": 890000000, "weightedAverageShsOutDil": 893000000, "link": "https://www.sec.gov/Archives/edgar/data/1109357/000119312516457652/0001193125-16-457652-index.htm", "finalLink": "https://www.sec.gov/Archives/edgar/data/9466/000119312516457652/d129102d10k.htm", "calculatedOtherExpenses": 3632000000, "calculatedOperatingExpenses": 3632000000, "calculatedNetInterest": -1071000000, "calculatedOtherIncome": -8000000, "calculatedIncomeNonControlling": -12000000, "calculatedEbitda": 8396000000}, {"date": "2014-12-31", "symbol": "EXC", "reportedCurrency": "USD", "cik": "0001109357", "fillingDate": "2015-02-13", "acceptedDate": "2015-02-13 16:15:37", "calendarYear": "2014", "period": "FY", "revenue": 27429000000, "costOfRevenue": 21571000000, "grossProfit": 5858000000, "grossProfitRatio": 0.2135695796, "researchAndDevelopmentExpenses": 0, "generalAndAdministrativeExpenses": 0, "sellingAndMarketingExpenses": 0, "sellingGeneralAndAdministrativeExpenses": 0, "otherExpenses": 455000000, "operatingExpenses": 3468000000, "costAndExpenses": 25039000000, "interestIncome": 0, "interestExpense": 1065000000, "depreciationAndAmortization": 3868000000, "ebitda": 6693000000, "ebitdaratio": 0.2440118123, "operatingIncome": 3096000000, "operatingIncomeRatio": 0.1128732364, "totalOtherIncomeExpensesNet": 1161000000, "incomeBeforeTax": 2486000000, "incomeBeforeTaxRatio": 0.0906340005, "incomeTaxExpense": 666000000, "netIncome": 1623000000, "netIncomeRatio": 0.0591709505, "eps": 1.89, "epsdiluted": 1.88, "weightedAverageShsOut": 860000000, "weightedAverageShsOutDil": 864000000, "link": "https://www.sec.gov/Archives/edgar/data/1109357/000119312515049964/0001193125-15-049964-index.htm", "finalLink": "https://www.sec.gov/Archives/edgar/data/9466/000119312515049964/d858551d10k.htm", "calculatedOtherExpenses": 2762000000, "calculatedOperatingExpenses": 2762000000, "calculatedNetInterest": -1065000000, "calculatedOtherIncome": 455000000, "calculatedIncomeNonControlling": 197000000, "calculatedEbitda": 6964000000}, {"date": "2013-12-31", "symbol": "EXC", "reportedCurrency": "USD", "cik": "0001109357", "fillingDate": "2014-02-14", "acceptedDate": "2014-02-13 19:23:41", "calendarYear": "2013", "period": "FY", "revenue": 24901000000, "costOfRevenue": 18007000000, "grossProfit": 6894000000, "grossProfitRatio": 0.2768563512, "researchAndDevelopmentExpenses": 0, "generalAndAdministrativeExpenses": 0, "sellingAndMarketingExpenses": 0, "sellingGeneralAndAdministrativeExpenses": 0, "otherExpenses": 473000000, "operatingExpenses": 3248000000, "costAndExpenses": 21255000000, "interestIncome": 0, "interestExpense": 1356000000, "depreciationAndAmortization": 3779000000, "ebitda": 7908000000, "ebitdaratio": 0.3175776073, "operatingIncome": 3656000000, "operatingIncomeRatio": 0.1468214128, "totalOtherIncomeExpensesNet": 483000000, "incomeBeforeTax": 2773000000, "incomeBeforeTaxRatio": 0.1113609895, "incomeTaxExpense": 1044000000, "netIncome": 1719000000, "netIncomeRatio": 0.0690333722, "eps": 2.01, "epsdiluted": 2, "weightedAverageShsOut": 856000000, "weightedAverageShsOutDil": 860000000, "link": "https://www.sec.gov/Archives/edgar/data/1109357/000119312514051838/0001193125-14-051838-index.htm", "finalLink": "https://www.sec.gov/Archives/edgar/data/9466/000119312514051838/d666092d10k.htm", "calculatedOtherExpenses": 3238000000, "calculatedOperatingExpenses": 3238000000, "calculatedNetInterest": -1356000000, "calculatedOtherIncome": 473000000, "calculatedIncomeNonControlling": 10000000, "calculatedEbitda": 7435000000}, {"date": "2012-12-31", "symbol": "EXC", "reportedCurrency": "USD", "cik": "0001109357", "fillingDate": "2013-02-22", "acceptedDate": "2013-02-21 18:53:50", "calendarYear": "2012", "period": "FY", "revenue": 23489000000, "costOfRevenue": 18118000000, "grossProfit": 5371000000, "grossProfitRatio": 0.2286602239, "researchAndDevelopmentExpenses": 0, "generalAndAdministrativeExpenses": 0, "sellingAndMarketingExpenses": 0, "sellingGeneralAndAdministrativeExpenses": 0, "otherExpenses": 346000000, "operatingExpenses": 2900000000, "costAndExpenses": 21018000000, "interestIncome": 0, "interestExpense": 928000000, "depreciationAndAmortization": 4073000000, "ebitda": 6799000000, "ebitdaratio": 0.2894546383, "operatingIncome": 2380000000, "operatingIncomeRatio": 0.101324024, "totalOtherIncomeExpensesNet": 255000000, "incomeBeforeTax": 1798000000, "incomeBeforeTaxRatio": 0.0765464686, "incomeTaxExpense": 627000000, "netIncome": 1160000000, "netIncomeRatio": 0.0493848184, "eps": 1.42, "epsdiluted": 1.42, "weightedAverageShsOut": 816000000, "weightedAverageShsOutDil": 819000000, "link": "https://www.sec.gov/Archives/edgar/data/1109357/000119312513069749/0001193125-13-069749-index.htm", "finalLink": "https://www.sec.gov/Archives/edgar/data/9466/000119312513069749/d474199d10k.htm", "calculatedOtherExpenses": 2991000000, "calculatedOperatingExpenses": 2991000000, "calculatedNetInterest": -928000000, "calculatedOtherIncome": 346000000, "calculatedIncomeNonControlling": 11000000, "calculatedEbitda": 6453000000}, {"date": "2011-12-31", "symbol": "EXC", "reportedCurrency": "USD", "cik": "0001109357", "fillingDate": "2012-02-09", "acceptedDate": "2012-02-09 15:21:51", "calendarYear": "2011", "period": "FY", "revenue": 19184000000, "costOfRevenue": 7388000000, "grossProfit": 11796000000, "grossProfitRatio": 0.6148874062, "researchAndDevelopmentExpenses": 0, "generalAndAdministrativeExpenses": 0, "sellingAndMarketingExpenses": 0, "sellingGeneralAndAdministrativeExpenses": 0, "otherExpenses": 7316000000, "operatingExpenses": 7316000000, "costAndExpenses": 14704000000, "interestIncome": 0, "interestExpense": 726000000, "depreciationAndAmortization": 2304000000, "ebitda": 6783000000, "ebitdaratio": 0.3535758966, "operatingIncome": 4480000000, "operatingIncomeRatio": 0.2335279399, "totalOtherIncomeExpensesNet": 198000000, "incomeBeforeTax": 3952000000, "incomeBeforeTaxRatio": 0.2060050042, "incomeTaxExpense": 1457000000, "netIncome": 2495000000, "netIncomeRatio": 0.1300562969, "eps": 3.76, "epsdiluted": 3.75, "weightedAverageShsOut": 663000000, "weightedAverageShsOutDil": 665000000, "link": "https://www.sec.gov/Archives/edgar/data/1109357/000119312512049043/0001193125-12-049043-index.htm", "finalLink": "https://www.sec.gov/Archives/edgar/data/22606/000119312512049043/d283520d10k.htm", "calculatedOtherExpenses": 7316000000, "calculatedOperatingExpenses": 7316000000, "calculatedNetInterest": -726000000, "calculatedOtherIncome": 198000000, "calculatedIncomeNonControlling": 0, "calculatedEbitda": 6784000000}, {"date": "2010-12-31", "symbol": "EXC", "reportedCurrency": "USD", "cik": "0001109357", "fillingDate": "2011-02-10", "acceptedDate": "2011-02-10 15:36:39", "calendarYear": "2010", "period": "FY", "revenue": 18644000000, "costOfRevenue": 6435000000, "grossProfit": 12209000000, "grossProfitRatio": 0.6548487449, "researchAndDevelopmentExpenses": 0, "generalAndAdministrativeExpenses": 0, "sellingAndMarketingExpenses": 0, "sellingGeneralAndAdministrativeExpenses": 0, "otherExpenses": 7483000000, "operatingExpenses": 7483000000, "costAndExpenses": 13918000000, "interestIncome": 0, "interestExpense": 817000000, "depreciationAndAmortization": 2075000000, "ebitda": 6489000000, "ebitdaratio": 0.3480476293, "operatingIncome": 4726000000, "operatingIncomeRatio": 0.2534863763, "totalOtherIncomeExpensesNet": 312000000, "incomeBeforeTax": 4221000000, "incomeBeforeTaxRatio": 0.2263999142, "incomeTaxExpense": 1658000000, "netIncome": 2563000000, "netIncomeRatio": 0.1374704999, "eps": 3.88, "epsdiluted": 3.87, "weightedAverageShsOut": 661000000, "weightedAverageShsOutDil": 663000000, "link": "https://www.sec.gov/Archives/edgar/data/1109357/000119312511030543/0001193125-11-030543-index.htm", "finalLink": "https://www.sec.gov/Archives/edgar/data/22606/000119312511030543/d10k.htm", "calculatedOtherExpenses": 7483000000, "calculatedOperatingExpenses": 7483000000, "calculatedNetInterest": -817000000, "calculatedOtherIncome": 312000000, "calculatedIncomeNonControlling": 0, "calculatedEbitda": 6801000000}, {"date": "2009-12-31", "symbol": "EXC", "reportedCurrency": "USD", "cik": "0001109357", "fillingDate": "2010-02-05", "acceptedDate": "2010-02-05 15:16:34", "calendarYear": "2009", "period": "FY", "revenue": 17318000000, "costOfRevenue": 5281000000, "grossProfit": 12037000000, "grossProfitRatio": 0.695057166, "researchAndDevelopmentExpenses": 0, "generalAndAdministrativeExpenses": 0, "sellingAndMarketingExpenses": 0, "sellingGeneralAndAdministrativeExpenses": 0, "otherExpenses": 7287000000, "operatingExpenses": 7287000000, "costAndExpenses": 12568000000, "interestIncome": 0, "interestExpense": 731000000, "depreciationAndAmortization": 2601000000, "ebitda": 7324000000, "ebitdaratio": 0.4229125765, "operatingIncome": 4750000000, "operatingIncomeRatio": 0.2742810948, "totalOtherIncomeExpensesNet": 399000000, "incomeBeforeTax": 4418000000, "incomeBeforeTaxRatio": 0.2551102899, "incomeTaxExpense": 1712000000, "netIncome": 2707000000, "netIncomeRatio": 0.1563113524, "eps": 4.1, "epsdiluted": 4.09, "weightedAverageShsOut": 659000000, "weightedAverageShsOutDil": 662000000, "link": "https://www.sec.gov/Archives/edgar/data/1109357/000119312510023280/0001193125-10-023280-index.htm", "finalLink": "https://www.sec.gov/Archives/edgar/data/22606/000119312510023280/d10k.htm", "calculatedOtherExpenses": 7287000000, "calculatedOperatingExpenses": 7287000000, "calculatedNetInterest": -731000000, "calculatedOtherIncome": 399000000, "calculatedIncomeNonControlling": -1000000, "calculatedEbitda": 7351000000}, {"date": "2008-12-31", "symbol": "EXC", "reportedCurrency": "USD", "cik": "0001109357", "fillingDate": "2009-02-06", "acceptedDate": "2009-02-06 16:12:02", "calendarYear": "2008", "period": "FY", "revenue": 18859000000, "costOfRevenue": 6582000000, "grossProfit": 12277000000, "grossProfitRatio": 0.6509889178, "researchAndDevelopmentExpenses": 0, "generalAndAdministrativeExpenses": 0, "sellingAndMarketingExpenses": 0, "sellingGeneralAndAdministrativeExpenses": 0, "otherExpenses": 6978000000, "operatingExpenses": 6978000000, "costAndExpenses": 13560000000, "interestIncome": 0, "interestExpense": 832000000, "depreciationAndAmortization": 2308000000, "ebitda": 7581000000, "ebitdaratio": 0.401983138, "operatingIncome": 5299000000, "operatingIncomeRatio": 0.2809799035, "totalOtherIncomeExpensesNet": -433000000, "incomeBeforeTax": 4034000000, "incomeBeforeTaxRatio": 0.2139031762, "incomeTaxExpense": 1317000000, "netIncome": 2737000000, "netIncomeRatio": 0.1451296463, "eps": 4.16, "epsdiluted": 4.13, "weightedAverageShsOut": 658000000, "weightedAverageShsOutDil": 662000000, "link": "https://www.sec.gov/Archives/edgar/data/1109357/000119312509021261/0001193125-09-021261-index.htm", "finalLink": "https://www.sec.gov/Archives/edgar/data/22606/000119312509021261/d10k.htm", "calculatedOtherExpenses": 6978000000, "calculatedOperatingExpenses": 6978000000, "calculatedNetInterest": -832000000, "calculatedOtherIncome": -433000000, "calculatedIncomeNonControlling": -20000000, "calculatedEbitda": 7607000000}, {"date": "2007-12-31", "symbol": "EXC", "reportedCurrency": "USD", "cik": "0001109357", "fillingDate": "2008-02-07", "acceptedDate": "2008-02-07 06:27:55", "calendarYear": "2007", "period": "FY", "revenue": 18916000000, "costOfRevenue": 7642000000, "grossProfit": 11274000000, "grossProfitRatio": 0.5960033834, "researchAndDevelopmentExpenses": 0, "generalAndAdministrativeExpenses": 0, "sellingAndMarketingExpenses": 0, "sellingGeneralAndAdministrativeExpenses": 0, "otherExpenses": 6998000000, "operatingExpenses": 6998000000, "costAndExpenses": 14640000000, "interestIncome": 0, "interestExpense": -647000000, "depreciationAndAmortization": 2183000000, "ebitda": 5796000000, "ebitdaratio": 0.3064072743, "operatingIncome": 4276000000, "operatingIncomeRatio": 0.2260520195, "totalOtherIncomeExpensesNet": 663000000, "incomeBeforeTax": 4172000000, "incomeBeforeTaxRatio": 0.2205540283, "incomeTaxExpense": 1446000000, "netIncome": 2736000000, "netIncomeRatio": 0.1446394587, "eps": 4.08, "epsdiluted": 4.05, "weightedAverageShsOut": 670000000, "weightedAverageShsOutDil": 676000000, "link": "https://www.sec.gov/Archives/edgar/data/1109357/000119312508022265/0001193125-08-022265-index.htm", "finalLink": "https://www.sec.gov/Archives/edgar/data/22606/000119312508022265/d10k.htm", "calculatedOtherExpenses": 6998000000, "calculatedOperatingExpenses": 6998000000, "calculatedNetInterest": 647000000, "calculatedOtherIncome": -751000000, "calculatedIncomeNonControlling": -10000000, "calculatedEbitda": 6459000000}, {"date": "2006-12-31", "symbol": "EXC", "reportedCurrency": "USD", "cik": "0001109357", "fillingDate": "2007-02-13", "acceptedDate": "2007-02-13 16:57:54", "calendarYear": "2006", "period": "FY", "revenue": 15655000000, "costOfRevenue": 5232000000, "grossProfit": 10423000000, "grossProfitRatio": 0.6657936761, "researchAndDevelopmentExpenses": 0, "generalAndAdministrativeExpenses": 0, "sellingAndMarketingExpenses": 0, "sellingGeneralAndAdministrativeExpenses": 0, "otherExpenses": 6817000000, "operatingExpenses": 6817000000, "costAndExpenses": 12049000000, "interestIncome": 0, "interestExpense": -616000000, "depreciationAndAmortization": 2132000000, "ebitda": 5689000000, "ebitdaratio": 0.3633982753, "operatingIncome": 3606000000, "operatingIncomeRatio": 0.2303417439, "totalOtherIncomeExpensesNet": 49000000, "incomeBeforeTax": 2796000000, "incomeBeforeTaxRatio": 0.1786010859, "incomeTaxExpense": 1206000000, "netIncome": 1592000000, "netIncomeRatio": 0.1016927499, "eps": 2.37, "epsdiluted": 2.35, "weightedAverageShsOut": 671729958, "weightedAverageShsOutDil": 677446809, "link": "https://www.sec.gov/Archives/edgar/data/1109357/000119312507029587/0001193125-07-029587-index.htm", "finalLink": "https://www.sec.gov/Archives/edgar/data/22606/000119312507029587/d10k.htm", "calculatedOtherExpenses": 6817000000, "calculatedOperatingExpenses": 6817000000, "calculatedNetInterest": 616000000, "calculatedOtherIncome": -1426000000, "calculatedIncomeNonControlling": -2000000, "calculatedEbitda": 5738000000}, {"date": "2005-12-31", "symbol": "EXC", "reportedCurrency": "USD", "cik": "0001109357", "fillingDate": "2006-02-15", "acceptedDate": "2006-02-15 16:22:53", "calendarYear": "2005", "period": "FY", "revenue": 15357000000, "costOfRevenue": 5646000000, "grossProfit": 9711000000, "grossProfitRatio": 0.6323500684, "researchAndDevelopmentExpenses": 0, "generalAndAdministrativeExpenses": 0, "sellingAndMarketingExpenses": 0, "sellingGeneralAndAdministrativeExpenses": 0, "otherExpenses": 6987000000, "operatingExpenses": 6987000000, "costAndExpenses": 12633000000, "interestIncome": 0, "interestExpense": -513000000, "depreciationAndAmortization": 1967000000, "ebitda": 4691000000, "ebitdaratio": 0.3054633066, "operatingIncome": 2724000000, "operatingIncomeRatio": 0.1773783942, "totalOtherIncomeExpensesNet": -829000000, "incomeBeforeTax": 1895000000, "incomeBeforeTaxRatio": 0.1233964967, "incomeTaxExpense": 944000000, "netIncome": 923000000, "netIncomeRatio": 0.0601028847, "eps": 1.38, "epsdiluted": 1.36, "weightedAverageShsOut": 668840580, "weightedAverageShsOutDil": 678676471, "link": "https://www.sec.gov/Archives/edgar/data/1109357/000119312506032686/0001193125-06-032686-index.htm", "finalLink": "https://www.sec.gov/Archives/edgar/data/22606/000119312506032686/d10k.htm", "calculatedOtherExpenses": 6987000000, "calculatedOperatingExpenses": 6987000000, "calculatedNetInterest": 513000000, "calculatedOtherIncome": -1342000000, "calculatedIncomeNonControlling": 28000000, "calculatedEbitda": 4691000000}, {"date": "2004-12-31", "symbol": "EXC", "reportedCurrency": "USD", "cik": "0001109357", "fillingDate": "2005-02-23", "acceptedDate": "2005-02-23 16:24:27", "calendarYear": "2004", "period": "FY", "revenue": 14515000000, "costOfRevenue": 5082000000, "grossProfit": 9433000000, "grossProfitRatio": 0.6498794351, "researchAndDevelopmentExpenses": 0, "generalAndAdministrativeExpenses": 0, "sellingAndMarketingExpenses": 0, "sellingGeneralAndAdministrativeExpenses": 0, "otherExpenses": 6000000000, "operatingExpenses": 6000000000, "costAndExpenses": 11082000000, "interestIncome": 0, "interestExpense": -548000000, "depreciationAndAmortization": 1933000000, "ebitda": 5382000000, "ebitdaratio": 0.3707888391, "operatingIncome": 3433000000, "operatingIncomeRatio": 0.2365139511, "totalOtherIncomeExpensesNet": -16000000, "incomeBeforeTax": 2533000000, "incomeBeforeTaxRatio": 0.1745091285, "incomeTaxExpense": 692000000, "netIncome": 1864000000, "netIncomeRatio": 0.128418877, "eps": 2.82, "epsdiluted": 2.78, "weightedAverageShsOut": 660992908, "weightedAverageShsOutDil": 670503597, "link": "https://www.sec.gov/Archives/edgar/data/1109357/000119312505035141/0001193125-05-035141-index.htm", "finalLink": "https://www.sec.gov/Archives/edgar/data/22606/000119312505035141/d10k.htm", "calculatedOtherExpenses": 6000000000, "calculatedOperatingExpenses": 6000000000, "calculatedNetInterest": 548000000, "calculatedOtherIncome": -1448000000, "calculatedIncomeNonControlling": -23000000, "calculatedEbitda": 5366000000}, {"date": "2003-12-31", "symbol": "EXC", "reportedCurrency": "USD", "cik": "0001109357", "fillingDate": "2004-02-20", "acceptedDate": "2004-02-20 15:28:14", "calendarYear": "2003", "period": "FY", "revenue": 15812000000, "costOfRevenue": 6375000000, "grossProfit": 9437000000, "grossProfitRatio": 0.5968251961, "researchAndDevelopmentExpenses": 0, "generalAndAdministrativeExpenses": 0, "sellingAndMarketingExpenses": 0, "sellingGeneralAndAdministrativeExpenses": 0, "otherExpenses": 7239000000, "operatingExpenses": 7239000000, "costAndExpenses": 13614000000, "interestIncome": 0, "interestExpense": -75000000, "depreciationAndAmortization": 1718000000, "ebitda": 4070000000, "ebitdaratio": 0.2573994435, "operatingIncome": 2198000000, "operatingIncomeRatio": 0.1390083481, "totalOtherIncomeExpensesNet": -154000000, "incomeBeforeTax": 1124000000, "incomeBeforeTaxRatio": 0.0710852517, "incomeTaxExpense": 331000000, "netIncome": 905000000, "netIncomeRatio": 0.0572350114, "eps": 1.38, "epsdiluted": 1.38, "weightedAverageShsOut": 650000000, "weightedAverageShsOutDil": 657000000, "link": "https://www.sec.gov/Archives/edgar/data/1109357/000119312504027301/0001193125-04-027301-index.htm", "finalLink": "https://www.sec.gov/Archives/edgar/data/22606/000119312504027301/d10k.htm", "calculatedOtherExpenses": 7239000000, "calculatedOperatingExpenses": 7239000000, "calculatedNetInterest": 75000000, "calculatedOtherIncome": -1149000000, "calculatedIncomeNonControlling": -112000000, "calculatedEbitda": 3916000000}, {"date": "2002-12-31", "symbol": "EXC", "reportedCurrency": "USD", "cik": "0001109357", "fillingDate": "2003-03-21", "acceptedDate": "2003-03-21 17:21:20", "calendarYear": "2002", "period": "FY", "revenue": 14955000000, "costOfRevenue": 5262000000, "grossProfit": 9693000000, "grossProfitRatio": 0.6481444333, "researchAndDevelopmentExpenses": 0, "generalAndAdministrativeExpenses": 0, "sellingAndMarketingExpenses": 0, "sellingGeneralAndAdministrativeExpenses": 0, "otherExpenses": 6394000000, "operatingExpenses": 6394000000, "costAndExpenses": 11656000000, "interestIncome": 0, "interestExpense": -370000000, "depreciationAndAmortization": 1701000000, "ebitda": 4620000000, "ebitdaratio": 0.3089267803, "operatingIncome": 3299000000, "operatingIncomeRatio": 0.2205951187, "totalOtherIncomeExpensesNet": 380000000, "incomeBeforeTax": 2668000000, "incomeBeforeTaxRatio": 0.1784018723, "incomeTaxExpense": 998000000, "netIncome": 1440000000, "netIncomeRatio": 0.0962888666, "eps": 2.23, "epsdiluted": 2.22, "weightedAverageShsOut": 644000000, "weightedAverageShsOutDil": 649000000, "link": "https://www.sec.gov/Archives/edgar/data/1109357/000104746903009677/0001047469-03-009677-index.htm", "finalLink": "https://www.sec.gov/Archives/edgar/data/22606/000104746903009677/a2105664z10-k.htm", "calculatedOtherExpenses": 6394000000, "calculatedOperatingExpenses": 6394000000, "calculatedNetInterest": 370000000, "calculatedOtherIncome": -1001000000, "calculatedIncomeNonControlling": 230000000, "calculatedEbitda": 5000000000}, {"date": "2001-12-31", "symbol": "EXC", "reportedCurrency": "USD", "cik": "0001109357", "fillingDate": "2002-04-01", "acceptedDate": "2002-04-01 00:00:00", "calendarYear": "2001", "period": "FY", "revenue": 15140000000, "costOfRevenue": 5313000000, "grossProfit": 9827000000, "grossProfitRatio": 0.6490752972, "researchAndDevelopmentExpenses": 0, "generalAndAdministrativeExpenses": 0, "sellingAndMarketingExpenses": 0, "sellingGeneralAndAdministrativeExpenses": 0, "otherExpenses": 6465000000, "operatingExpenses": 6465000000, "costAndExpenses": 11778000000, "interestIncome": 0, "interestExpense": 0, "depreciationAndAmortization": 1834000000, "ebitda": 5073000000, "ebitdaratio": 0.3350726552, "operatingIncome": 3362000000, "operatingIncomeRatio": 0.2220607662, "totalOtherIncomeExpensesNet": 123000000, "incomeBeforeTax": 2347000000, "incomeBeforeTaxRatio": 0.1550198151, "incomeTaxExpense": 931000000, "netIncome": 1428000000, "netIncomeRatio": 0.094319683, "eps": 2.22, "epsdiluted": 2.21, "weightedAverageShsOut": 640000000, "weightedAverageShsOutDil": 645000000, "link": "https://www.sec.gov/Archives/edgar/data/1109357/000095013702001929/0000950137-02-001929-index.htm", "finalLink": "https://www.sec.gov/Archives/edgar/data/22606/000095013702001929/c68219e10-k.txt", "calculatedOtherExpenses": 6465000000, "calculatedOperatingExpenses": 6465000000, "calculatedNetInterest": 0, "calculatedOtherIncome": -1015000000, "calculatedIncomeNonControlling": -12000000, "calculatedEbitda": 5196000000}, {"date": "2000-12-31", "symbol": "EXC", "reportedCurrency": "USD", "cik": "0001109357", "fillingDate": "2001-04-02", "acceptedDate": "2001-04-02 00:00:00", "calendarYear": "2000", "period": "FY", "revenue": 7499000000, "costOfRevenue": 2606000000, "grossProfit": 4893000000, "grossProfitRatio": 0.6524869983, "researchAndDevelopmentExpenses": 0, "generalAndAdministrativeExpenses": 0, "sellingAndMarketingExpenses": 0, "sellingGeneralAndAdministrativeExpenses": 0, "otherExpenses": 3366000000, "operatingExpenses": 3366000000, "costAndExpenses": 5972000000, "interestIncome": 0, "interestExpense": 0, "depreciationAndAmortization": 607000000, "ebitda": 2122000000, "ebitdaratio": 0.2829710628, "operatingIncome": 1527000000, "operatingIncomeRatio": 0.2036271503, "totalOtherIncomeExpensesNet": 12000000, "incomeBeforeTax": 907000000, "incomeBeforeTaxRatio": 0.1209494599, "incomeTaxExpense": 341000000, "netIncome": 586000000, "netIncomeRatio": 0.0781437525, "eps": 0.92, "epsdiluted": 0.92, "weightedAverageShsOut": 350000000, "weightedAverageShsOutDil": 408000000, "link": "https://www.sec.gov/Archives/edgar/data/1109357/000095015901000191/0000950159-01-000191-index.htm", "finalLink": "https://www.sec.gov/Archives/edgar/data/22606/000095015901000191/0000950159-01-000191-0001.txt", "calculatedOtherExpenses": 3366000000, "calculatedOperatingExpenses": 3366000000, "calculatedNetInterest": 0, "calculatedOtherIncome": -620000000, "calculatedIncomeNonControlling": -20000000, "calculatedEbitda": 2134000000}, {"date": "1999-12-31", "symbol": "EXC", "reportedCurrency": "USD", "cik": "0001109357", "fillingDate": "1999-12-31", "acceptedDate": "1999-12-30 19:00:00", "calendarYear": "1999", "period": "FY", "revenue": 5436800000, "costOfRevenue": 2145200000, "grossProfit": 3291600000, "grossProfitRatio": 0.6054296645, "researchAndDevelopmentExpenses": 0, "generalAndAdministrativeExpenses": 0, "sellingAndMarketingExpenses": 0, "sellingGeneralAndAdministrativeExpenses": 0, "otherExpenses": 1882400000, "operatingExpenses": 1882400000, "costAndExpenses": 4027600000, "interestIncome": 0, "interestExpense": 0, "depreciationAndAmortization": 363000000, "ebitda": 1772200000, "ebitdaratio": 0.3259638022, "operatingIncome": 1409200000, "operatingIncomeRatio": 0.2591965862, "totalOtherIncomeExpensesNet": -19300000, "incomeBeforeTax": 977000000, "incomeBeforeTaxRatio": 0.1797012949, "incomeTaxExpense": 358000000, "netIncome": 582400000, "netIncomeRatio": 0.1071218364, "eps": 1.46, "epsdiluted": 1.45, "weightedAverageShsOut": 392000000, "weightedAverageShsOutDil": 392000000, "link": "", "finalLink": "", "calculatedOtherExpenses": 1882400000, "calculatedOperatingExpenses": 1882400000, "calculatedNetInterest": 0, "calculatedOtherIncome": -432200000, "calculatedIncomeNonControlling": 36600000, "calculatedEbitda": 1772200000}, {"date": "1998-12-31", "symbol": "EXC", "reportedCurrency": "USD", "cik": "0001109357", "fillingDate": "1998-12-31", "acceptedDate": "1998-12-30 19:00:00", "calendarYear": "1998", "period": "FY", "revenue": 5210400000, "costOfRevenue": 1751800000, "grossProfit": 3458600000, "grossProfitRatio": 0.663787809, "researchAndDevelopmentExpenses": 0, "generalAndAdministrativeExpenses": 0, "sellingAndMarketingExpenses": 0, "sellingGeneralAndAdministrativeExpenses": 0, "otherExpenses": 2175400000, "operatingExpenses": 2175400000, "costAndExpenses": 3927200000, "interestIncome": 0, "interestExpense": 0, "depreciationAndAmortization": 819900000, "ebitda": 2103100000, "ebitdaratio": 0.4036350376, "operatingIncome": 1283200000, "operatingIncomeRatio": 0.2462766774, "totalOtherIncomeExpensesNet": -73300000, "incomeBeforeTax": 852100000, "incomeBeforeTaxRatio": 0.163538308, "incomeTaxExpense": 319700000, "netIncome": 512700000, "netIncomeRatio": 0.0983993551, "eps": 1.12, "epsdiluted": 1.12, "weightedAverageShsOut": 434821429, "weightedAverageShsOutDil": 436771300, "link": "", "finalLink": "", "calculatedOtherExpenses": 2175400000, "calculatedOperatingExpenses": 2175400000, "calculatedNetInterest": 0, "calculatedOtherIncome": -431100000, "calculatedIncomeNonControlling": 19700000, "calculatedEbitda": 2103100000}, {"date": "1997-12-31", "symbol": "EXC", "reportedCurrency": "USD", "cik": "0001109357", "fillingDate": "1997-12-31", "acceptedDate": "1997-12-30 19:00:00", "calendarYear": "1997", "period": "FY", "revenue": 4617900000, "costOfRevenue": 1290200000, "grossProfit": 3327700000, "grossProfitRatio": 0.7206089348, "researchAndDevelopmentExpenses": 0, "generalAndAdministrativeExpenses": 0, "sellingAndMarketingExpenses": 0, "sellingGeneralAndAdministrativeExpenses": 0, "otherExpenses": 2252300000, "operatingExpenses": 2252300000, "costAndExpenses": 3542500000, "interestIncome": 0, "interestExpense": 0, "depreciationAndAmortization": 769400000, "ebitda": 1844800000, "ebitdaratio": 0.3994889452, "operatingIncome": 1075400000, "operatingIncomeRatio": 0.2328764157, "totalOtherIncomeExpensesNet": -66000000, "incomeBeforeTax": 629400000, "incomeBeforeTaxRatio": 0.1362957188, "incomeTaxExpense": 292800000, "netIncome": -1497100000, "netIncomeRatio": -0.3241949804, "eps": -3.36, "epsdiluted": -3.36, "weightedAverageShsOut": 445264706, "weightedAverageShsOutDil": 445264706, "link": "", "finalLink": "", "calculatedOtherExpenses": 2252300000, "calculatedOperatingExpenses": 2252300000, "calculatedNetInterest": 0, "calculatedOtherIncome": -446000000, "calculatedIncomeNonControlling": 1833700000, "calculatedEbitda": 1844800000}, {"date": "1996-12-31", "symbol": "EXC", "reportedCurrency": "USD", "cik": "0001109357", "fillingDate": "1996-12-31", "acceptedDate": "1996-12-30 19:00:00", "calendarYear": "1996", "period": "FY", "revenue": 4283600000, "costOfRevenue": 972400000, "grossProfit": 3311200000, "grossProfitRatio": 0.7729946774, "researchAndDevelopmentExpenses": 0, "generalAndAdministrativeExpenses": 0, "sellingAndMarketingExpenses": 0, "sellingGeneralAndAdministrativeExpenses": 0, "otherExpenses": 2062700000, "operatingExpenses": 2062700000, "costAndExpenses": 3035100000, "interestIncome": 0, "interestExpense": 0, "depreciationAndAmortization": 568400000, "ebitda": 1816900000, "ebitdaratio": 0.4241525819, "operatingIncome": 1248500000, "operatingIncomeRatio": 0.2914604538, "totalOtherIncomeExpensesNet": -2000000, "incomeBeforeTax": 857300000, "incomeBeforeTaxRatio": 0.2001354001, "incomeTaxExpense": 340100000, "netIncome": 517200000, "netIncomeRatio": 0.1207395649, "eps": 1.12, "epsdiluted": 1.12, "weightedAverageShsOut": 445714286, "weightedAverageShsOutDil": 445714286, "link": "", "finalLink": "", "calculatedOtherExpenses": 2062700000, "calculatedOperatingExpenses": 2062700000, "calculatedNetInterest": 0, "calculatedOtherIncome": -391200000, "calculatedIncomeNonControlling": 0, "calculatedEbitda": 1816900000}, {"date": "1995-12-31", "symbol": "EXC", "reportedCurrency": "USD", "cik": "0001109357", "fillingDate": "1995-12-31", "acceptedDate": "1995-12-30 19:00:00", "calendarYear": "1995", "period": "FY", "revenue": 4186100000, "costOfRevenue": 762800000, "grossProfit": 3423300000, "grossProfitRatio": 0.8177778839, "researchAndDevelopmentExpenses": 0, "generalAndAdministrativeExpenses": 0, "sellingAndMarketingExpenses": 0, "sellingGeneralAndAdministrativeExpenses": 0, "otherExpenses": 1963900000, "operatingExpenses": 1963900000, "costAndExpenses": 2726700000, "interestIncome": 0, "interestExpense": 0, "depreciationAndAmortization": 531700000, "ebitda": 1991100000, "ebitdaratio": 0.475645589, "operatingIncome": 1459400000, "operatingIncomeRatio": 0.3486299897, "totalOtherIncomeExpensesNet": -400000, "incomeBeforeTax": 1041400000, "incomeBeforeTaxRatio": 0.2487757101, "incomeTaxExpense": 431700000, "netIncome": 609700000, "netIncomeRatio": 0.1456486945, "eps": 1.32, "epsdiluted": 1.32, "weightedAverageShsOut": 444318182, "weightedAverageShsOutDil": 444318182, "link": "", "finalLink": "", "calculatedOtherExpenses": 1963900000, "calculatedOperatingExpenses": 1963900000, "calculatedNetInterest": 0, "calculatedOtherIncome": -418000000, "calculatedIncomeNonControlling": 0, "calculatedEbitda": 1991100000}, {"date": "1994-12-31", "symbol": "EXC", "reportedCurrency": "USD", "cik": "0001109357", "fillingDate": "1994-12-31", "acceptedDate": "1994-12-30 19:00:00", "calendarYear": "1994", "period": "FY", "revenue": 4040600000, "costOfRevenue": 703600000, "grossProfit": 3337000000, "grossProfitRatio": 0.8258674454, "researchAndDevelopmentExpenses": 0, "generalAndAdministrativeExpenses": 0, "sellingAndMarketingExpenses": 0, "sellingGeneralAndAdministrativeExpenses": 0, "otherExpenses": 2273500000, "operatingExpenses": 2273500000, "costAndExpenses": 2977100000, "interestIncome": 0, "interestExpense": 0, "depreciationAndAmortization": 494600000, "ebitda": 1558100000, "ebitdaratio": 0.3856110479, "operatingIncome": 1063500000, "operatingIncomeRatio": 0.2632034846, "totalOtherIncomeExpensesNet": 23100000, "incomeBeforeTax": 676000000, "incomeBeforeTaxRatio": 0.1673018859, "incomeTaxExpense": 249300000, "netIncome": 426700000, "netIncomeRatio": 0.1056031282, "eps": 0.88, "epsdiluted": 0.88, "weightedAverageShsOut": 442500000, "weightedAverageShsOutDil": 442500000, "link": "", "finalLink": "", "calculatedOtherExpenses": 2273500000, "calculatedOperatingExpenses": 2273500000, "calculatedNetInterest": 0, "calculatedOtherIncome": -387500000, "calculatedIncomeNonControlling": 0, "calculatedEbitda": 1558100000}, {"date": "1993-12-31", "symbol": "EXC", "reportedCurrency": "USD", "cik": "0001109357", "fillingDate": "1993-12-31", "acceptedDate": "1993-12-30 19:00:00", "calendarYear": "1993", "period": "FY", "revenue": 3988100000, "costOfRevenue": 0, "grossProfit": 3988100000, "grossProfitRatio": 1, "researchAndDevelopmentExpenses": 0, "generalAndAdministrativeExpenses": 0, "sellingAndMarketingExpenses": 0, "sellingGeneralAndAdministrativeExpenses": 0, "otherExpenses": 0, "operatingExpenses": 0, "costAndExpenses": 0, "interestIncome": 0, "interestExpense": 0, "depreciationAndAmortization": 0, "ebitda": 3988100000, "ebitdaratio": 1, "operatingIncome": 3988100000, "operatingIncomeRatio": 1, "totalOtherIncomeExpensesNet": 0, "incomeBeforeTax": 0, "incomeBeforeTaxRatio": 0, "incomeTaxExpense": -590600000, "netIncome": 590600000, "netIncomeRatio": 0.1480905694, "eps": 1.23, "epsdiluted": 1.23, "weightedAverageShsOut": 442040816, "weightedAverageShsOutDil": 442040816, "link": "", "finalLink": "", "calculatedOtherExpenses": 0, "calculatedOperatingExpenses": 0, "calculatedNetInterest": 0, "calculatedOtherIncome": -3988100000, "calculatedIncomeNonControlling": 0, "calculatedEbitda": 3988100000}, {"date": "1992-12-31", "symbol": "EXC", "reportedCurrency": "USD", "cik": "0001109357", "fillingDate": "1992-12-31", "acceptedDate": "1992-12-30 19:00:00", "calendarYear": "1992", "period": "FY", "revenue": 3962500000, "costOfRevenue": 0, "grossProfit": 3962500000, "grossProfitRatio": 1, "researchAndDevelopmentExpenses": 0, "generalAndAdministrativeExpenses": 0, "sellingAndMarketingExpenses": 0, "sellingGeneralAndAdministrativeExpenses": 0, "otherExpenses": 0, "operatingExpenses": 0, "costAndExpenses": 0, "interestIncome": 0, "interestExpense": 0, "depreciationAndAmortization": 0, "ebitda": 3962500000, "ebitdaratio": 1, "operatingIncome": 3962500000, "operatingIncomeRatio": 1, "totalOtherIncomeExpensesNet": 0, "incomeBeforeTax": 0, "incomeBeforeTaxRatio": 0, "incomeTaxExpense": -478900000, "netIncome": 478900000, "netIncomeRatio": 0.1208580442, "eps": 0.95, "epsdiluted": 0.95, "weightedAverageShsOut": 440210526, "weightedAverageShsOutDil": 440210526, "link": "", "finalLink": "", "calculatedOtherExpenses": 0, "calculatedOperatingExpenses": 0, "calculatedNetInterest": 0, "calculatedOtherIncome": -3962500000, "calculatedIncomeNonControlling": 0, "calculatedEbitda": 3962500000}, {"date": "1991-12-31", "symbol": "EXC", "reportedCurrency": "USD", "cik": "0001109357", "fillingDate": "1991-12-31", "acceptedDate": "1991-12-30 19:00:00", "calendarYear": "1991", "period": "FY", "revenue": 3975800000, "costOfRevenue": 0, "grossProfit": 3975800000, "grossProfitRatio": 1, "researchAndDevelopmentExpenses": 0, "generalAndAdministrativeExpenses": 0, "sellingAndMarketingExpenses": 0, "sellingGeneralAndAdministrativeExpenses": 0, "otherExpenses": 0, "operatingExpenses": 0, "costAndExpenses": 0, "interestIncome": 0, "interestExpense": 0, "depreciationAndAmortization": 0, "ebitda": 3975800000, "ebitdaratio": 1, "operatingIncome": 3975800000, "operatingIncomeRatio": 1, "totalOtherIncomeExpensesNet": 0, "incomeBeforeTax": 0, "incomeBeforeTaxRatio": 0, "incomeTaxExpense": -534700000, "netIncome": 534700000, "netIncomeRatio": 0.1344886564, "eps": 1.08, "epsdiluted": 1.08, "weightedAverageShsOut": 435906977, "weightedAverageShsOutDil": 435906977, "link": "", "finalLink": "", "calculatedOtherExpenses": 0, "calculatedOperatingExpenses": 0, "calculatedNetInterest": 0, "calculatedOtherIncome": -3975800000, "calculatedIncomeNonControlling": 0, "calculatedEbitda": 3975800000}, {"date": "1990-12-31", "symbol": "EXC", "reportedCurrency": "USD", "cik": "0001109357", "fillingDate": "1990-12-31", "acceptedDate": "1990-12-30 19:00:00", "calendarYear": "1990", "period": "FY", "revenue": 3705200000, "costOfRevenue": 0, "grossProfit": 3705200000, "grossProfitRatio": 1, "researchAndDevelopmentExpenses": 0, "generalAndAdministrativeExpenses": 0, "sellingAndMarketingExpenses": 0, "sellingGeneralAndAdministrativeExpenses": 0, "otherExpenses": 0, "operatingExpenses": 0, "costAndExpenses": 0, "interestIncome": 0, "interestExpense": 0, "depreciationAndAmortization": 0, "ebitda": 3705200000, "ebitdaratio": 1, "operatingIncome": 3705200000, "operatingIncomeRatio": 1, "totalOtherIncomeExpensesNet": 0, "incomeBeforeTax": 0, "incomeBeforeTaxRatio": 0, "incomeTaxExpense": -105800000, "netIncome": 105800000, "netIncomeRatio": 0.028554464, "eps": 0.035, "epsdiluted": 0.035, "weightedAverageShsOut": 442857143, "weightedAverageShsOutDil": 442857143, "link": "", "finalLink": "", "calculatedOtherExpenses": 0, "calculatedOperatingExpenses": 0, "calculatedNetInterest": 0, "calculatedOtherIncome": -3705200000, "calculatedIncomeNonControlling": 0, "calculatedEbitda": 3705200000}, {"date": "1989-12-31", "symbol": "EXC", "reportedCurrency": "USD", "cik": "0001109357", "fillingDate": "1989-12-31", "acceptedDate": "1989-12-30 19:00:00", "calendarYear": "1989", "period": "FY", "revenue": 3405600000, "costOfRevenue": 0, "grossProfit": 3405600000, "grossProfitRatio": 1, "researchAndDevelopmentExpenses": 0, "generalAndAdministrativeExpenses": 0, "sellingAndMarketingExpenses": 0, "sellingGeneralAndAdministrativeExpenses": 0, "otherExpenses": 0, "operatingExpenses": 0, "costAndExpenses": 0, "interestIncome": 0, "interestExpense": 0, "depreciationAndAmortization": 0, "ebitda": 3405600000, "ebitdaratio": 1, "operatingIncome": 3405600000, "operatingIncomeRatio": 1, "totalOtherIncomeExpensesNet": 0, "incomeBeforeTax": 0, "incomeBeforeTaxRatio": 0, "incomeTaxExpense": -590400000, "netIncome": 590400000, "netIncomeRatio": 0.1733615222, "eps": 1.18, "epsdiluted": 1.18, "weightedAverageShsOut": 418644068, "weightedAverageShsOutDil": 418644068, "link": "", "finalLink": "", "calculatedOtherExpenses": 0, "calculatedOperatingExpenses": 0, "calculatedNetInterest": 0, "calculatedOtherIncome": -3405600000, "calculatedIncomeNonControlling": 0, "calculatedEbitda": 3405600000}, {"date": "1988-12-31", "symbol": "EXC", "reportedCurrency": "USD", "cik": "0001109357", "fillingDate": "1988-12-31", "acceptedDate": "1988-12-30 19:00:00", "calendarYear": "1988", "period": "FY", "revenue": 3228700000, "costOfRevenue": 0, "grossProfit": 3228700000, "grossProfitRatio": 1, "researchAndDevelopmentExpenses": 0, "generalAndAdministrativeExpenses": 0, "sellingAndMarketingExpenses": 0, "sellingGeneralAndAdministrativeExpenses": 0, "otherExpenses": 0, "operatingExpenses": 0, "costAndExpenses": 0, "interestIncome": 0, "interestExpense": 0, "depreciationAndAmortization": 0, "ebitda": 3228700000, "ebitdaratio": 1, "operatingIncome": 3228700000, "operatingIncomeRatio": 1, "totalOtherIncomeExpensesNet": 0, "incomeBeforeTax": 0, "incomeBeforeTaxRatio": 0, "incomeTaxExpense": -566000000, "netIncome": 566000000, "netIncomeRatio": 0.1753027534, "eps": 1.17, "epsdiluted": 1.17, "weightedAverageShsOut": 402403433, "weightedAverageShsOutDil": 402403433, "link": "", "finalLink": "", "calculatedOtherExpenses": 0, "calculatedOperatingExpenses": 0, "calculatedNetInterest": 0, "calculatedOtherIncome": -3228700000, "calculatedIncomeNonControlling": 0, "calculatedEbitda": 3228700000}, {"date": "1987-12-31", "symbol": "EXC", "reportedCurrency": "USD", "cik": "0001109357", "fillingDate": "1987-12-31", "acceptedDate": "1987-12-30 19:00:00", "calendarYear": "1987", "period": "FY", "revenue": 3181500000, "costOfRevenue": 0, "grossProfit": 3181500000, "grossProfitRatio": 1, "researchAndDevelopmentExpenses": 0, "generalAndAdministrativeExpenses": 0, "sellingAndMarketingExpenses": 0, "sellingGeneralAndAdministrativeExpenses": 0, "otherExpenses": 0, "operatingExpenses": 0, "costAndExpenses": 0, "interestIncome": 0, "interestExpense": 0, "depreciationAndAmortization": 0, "ebitda": 3181500000, "ebitdaratio": 1, "operatingIncome": 3181500000, "operatingIncomeRatio": 1, "totalOtherIncomeExpensesNet": 0, "incomeBeforeTax": 0, "incomeBeforeTaxRatio": 0, "incomeTaxExpense": -542400000, "netIncome": 542400000, "netIncomeRatio": 0.17048562, "eps": 1.17, "epsdiluted": 1.17, "weightedAverageShsOut": 384721030, "weightedAverageShsOutDil": 384721030, "link": "", "finalLink": "", "calculatedOtherExpenses": 0, "calculatedOperatingExpenses": 0, "calculatedNetInterest": 0, "calculatedOtherIncome": -3181500000, "calculatedIncomeNonControlling": 0, "calculatedEbitda": 3181500000}, {"date": "1986-12-31", "symbol": "EXC", "reportedCurrency": "USD", "cik": "0001109357", "fillingDate": "1986-12-31", "acceptedDate": "1986-12-30 19:00:00", "calendarYear": "1986", "period": "FY", "revenue": 3090900000, "costOfRevenue": 0, "grossProfit": 3090900000, "grossProfitRatio": 1, "researchAndDevelopmentExpenses": 0, "generalAndAdministrativeExpenses": 0, "sellingAndMarketingExpenses": 0, "sellingGeneralAndAdministrativeExpenses": 0, "otherExpenses": 0, "operatingExpenses": 0, "costAndExpenses": 0, "interestIncome": 0, "interestExpense": 0, "depreciationAndAmortization": 0, "ebitda": 3090900000, "ebitdaratio": 1, "operatingIncome": 3090900000, "operatingIncomeRatio": 1, "totalOtherIncomeExpensesNet": 0, "incomeBeforeTax": 0, "incomeBeforeTaxRatio": 0, "incomeTaxExpense": -566400000, "netIncome": 566400000, "netIncomeRatio": 0.1832475978, "eps": 1.3, "epsdiluted": 1.3, "weightedAverageShsOut": 365384615, "weightedAverageShsOutDil": 365384615, "link": "", "finalLink": "", "calculatedOtherExpenses": 0, "calculatedOperatingExpenses": 0, "calculatedNetInterest": 0, "calculatedOtherIncome": -3090900000, "calculatedIncomeNonControlling": 0, "calculatedEbitda": 3090900000}, {"date": "1985-12-31", "symbol": "EXC", "reportedCurrency": "USD", "cik": "0001109357", "fillingDate": "1985-12-31", "acceptedDate": "1985-12-30 19:00:00", "calendarYear": "1985", "period": "FY", "revenue": 3013700000, "costOfRevenue": 0, "grossProfit": 3013700000, "grossProfitRatio": 1, "researchAndDevelopmentExpenses": 0, "generalAndAdministrativeExpenses": 0, "sellingAndMarketingExpenses": 0, "sellingGeneralAndAdministrativeExpenses": 0, "otherExpenses": 0, "operatingExpenses": 0, "costAndExpenses": 0, "interestIncome": 0, "interestExpense": 0, "depreciationAndAmortization": 0, "ebitda": 3013700000, "ebitdaratio": 1, "operatingIncome": 3013700000, "operatingIncomeRatio": 1, "totalOtherIncomeExpensesNet": 0, "incomeBeforeTax": 0, "incomeBeforeTaxRatio": 0, "incomeTaxExpense": -525300000, "netIncome": 525300000, "netIncomeRatio": 0.1743040117, "eps": 1.28, "epsdiluted": 1.28, "weightedAverageShsOut": 339609375, "weightedAverageShsOutDil": 339609375, "link": "", "finalLink": "", "calculatedOtherExpenses": 0, "calculatedOperatingExpenses": 0, "calculatedNetInterest": 0, "calculatedOtherIncome": -3013700000, "calculatedIncomeNonControlling": 0, "calculatedEbitda": 3013700000}]}