{"originalCurrency": "USD", "convertedCurrency": "USD", "report": [{"date": "2023-12-31", "symbol": "EXLS", "reportedCurrency": "USD", "cik": "0001297989", "fillingDate": "2024-02-29", "acceptedDate": "2024-02-29 14:37:54", "calendarYear": "2023", "period": "FY", "revenue": 1630668000, "costOfRevenue": 1068002000, "grossProfit": 562666000, "grossProfitRatio": 0.345052457, "researchAndDevelopmentExpenses": 9282000, "generalAndAdministrativeExpenses": 198294000, "sellingAndMarketingExpenses": 120227000, "sellingGeneralAndAdministrativeExpenses": 318027000, "otherExpenses": -306000, "operatingExpenses": 318027000, "costAndExpenses": 1386029000, "interestIncome": 8026999, "interestExpense": 13882000, "depreciationAndAmortization": 53897000, "ebitda": 298536000, "ebitdaratio": 0.1830758928, "operatingIncome": 244639000, "operatingIncomeRatio": 0.1500237939, "totalOtherIncomeExpensesNet": -6698000, "incomeBeforeTax": 237941000, "incomeBeforeTaxRatio": 0.1459162748, "incomeTaxExpense": 53536000, "netIncome": 184558000, "netIncomeRatio": 0.1131793842, "eps": 1.11, "epsdiluted": 1.1, "weightedAverageShsOut": 166341213, "weightedAverageShsOutDil": 168161371, "link": "https://www.sec.gov/Archives/edgar/data/1297989/000129798924000003/0001297989-24-000003-index.htm", "finalLink": "https://www.sec.gov/Archives/edgar/data/1297989/000129798924000003/exls-20231231.htm", "calculatedOtherExpenses": -9282000, "calculatedOperatingExpenses": 318027000, "calculatedNetInterest": -5855001, "calculatedOtherIncome": -842999, "calculatedIncomeNonControlling": -153000, "calculatedEbitda": 298536000}, {"date": "2022-12-31", "symbol": "EXLS", "reportedCurrency": "USD", "cik": "0001297989", "fillingDate": "2023-02-23", "acceptedDate": "2023-02-23 16:35:08", "calendarYear": "2022", "period": "FY", "revenue": 1412044000, "costOfRevenue": 896595000, "grossProfit": 515449000, "grossProfitRatio": 0.3650374917, "researchAndDevelopmentExpenses": 5958000, "generalAndAdministrativeExpenses": 169016000, "sellingAndMarketingExpenses": 97989000, "sellingGeneralAndAdministrativeExpenses": 267005000, "otherExpenses": 56282000, "operatingExpenses": 323287000, "costAndExpenses": 1219882000, "interestIncome": 5229000, "interestExpense": 8252000, "depreciationAndAmortization": 56272000, "ebitda": 248434000, "ebitdaratio": 0.1759392767, "operatingIncome": 192162000, "operatingIncomeRatio": 0.1360878273, "totalOtherIncomeExpensesNet": -2063000, "incomeBeforeTax": 190099000, "incomeBeforeTaxRatio": 0.1346268247, "incomeTaxExpense": 47565000, "netIncome": 142968000, "netIncomeRatio": 0.1012489696, "eps": 0.86, "epsdiluted": 0.85, "weightedAverageShsOut": 166651585, "weightedAverageShsOutDil": 169169290, "link": "https://www.sec.gov/Archives/edgar/data/1297989/000129798923000001/0001297989-23-000001-index.htm", "finalLink": "https://www.sec.gov/Archives/edgar/data/1297989/000129798923000001/exls-20221231.htm", "calculatedOtherExpenses": 50324000, "calculatedOperatingExpenses": 323287000, "calculatedNetInterest": -3023000, "calculatedOtherIncome": 960000, "calculatedIncomeNonControlling": -434000, "calculatedEbitda": 248434000}, {"date": "2021-12-31", "symbol": "EXLS", "reportedCurrency": "USD", "cik": "0001297989", "fillingDate": "2022-02-24", "acceptedDate": "2022-02-24 17:31:42", "calendarYear": "2021", "period": "FY", "revenue": 1122293000, "costOfRevenue": 690934000, "grossProfit": 431359000, "grossProfitRatio": 0.3843550659, "researchAndDevelopmentExpenses": 4253000, "generalAndAdministrativeExpenses": 142040000, "sellingAndMarketingExpenses": 84306000, "sellingGeneralAndAdministrativeExpenses": 226346000, "otherExpenses": 49132000, "operatingExpenses": 275478000, "costAndExpenses": 966412000, "interestIncome": 2726000, "interestExpense": 7561000, "depreciationAndAmortization": 43060000, "ebitda": 198941000, "ebitdaratio": 0.1772629786, "operatingIncome": 155881000, "operatingIncomeRatio": 0.1388951014, "totalOtherIncomeExpensesNet": -9320000, "incomeBeforeTax": 146561000, "incomeBeforeTaxRatio": 0.1305906746, "incomeTaxExpense": 31850000, "netIncome": 114758000, "netIncomeRatio": 0.1022531549, "eps": 0.68, "epsdiluted": 0.67, "weightedAverageShsOut": 167746375, "weightedAverageShsOutDil": 171222390, "link": "https://www.sec.gov/Archives/edgar/data/1297989/000129798922000004/0001297989-22-000004-index.htm", "finalLink": "https://www.sec.gov/Archives/edgar/data/1297989/000129798922000004/exls-20211231.htm", "calculatedOtherExpenses": 44879000, "calculatedOperatingExpenses": 275478000, "calculatedNetInterest": -4835000, "calculatedOtherIncome": -4485000, "calculatedIncomeNonControlling": -47000, "calculatedEbitda": 198941000}, {"date": "2020-12-31", "symbol": "EXLS", "reportedCurrency": "USD", "cik": "0001297989", "fillingDate": "2021-02-25", "acceptedDate": "2021-02-25 16:43:31", "calendarYear": "2020", "period": "FY", "revenue": 958434000, "costOfRevenue": 623936000, "grossProfit": 334498000, "grossProfitRatio": 0.3490047306, "researchAndDevelopmentExpenses": 4894000, "generalAndAdministrativeExpenses": 113891000, "sellingAndMarketingExpenses": 60123000, "sellingGeneralAndAdministrativeExpenses": 174014000, "otherExpenses": 50462000, "operatingExpenses": 224476000, "costAndExpenses": 848412000, "interestIncome": 2595000, "interestExpense": 11190000, "depreciationAndAmortization": 62527000, "ebitda": 172549000, "ebitdaratio": 0.1800322192, "operatingIncome": 110022000, "operatingIncomeRatio": 0.1147935069, "totalOtherIncomeExpensesNet": 5307000, "incomeBeforeTax": 115329000, "incomeBeforeTaxRatio": 0.1203306644, "incomeTaxExpense": 25626000, "netIncome": 89476000, "netIncomeRatio": 0.0933564544, "eps": 0.52, "epsdiluted": 0.52, "weightedAverageShsOut": 171366940, "weightedAverageShsOutDil": 172775820, "link": "https://www.sec.gov/Archives/edgar/data/1297989/000129798921000004/0001297989-21-000004-index.htm", "finalLink": "https://www.sec.gov/Archives/edgar/data/1297989/000129798921000004/exls-20201231.htm", "calculatedOtherExpenses": 45568000, "calculatedOperatingExpenses": 224476000, "calculatedNetInterest": -8595000, "calculatedOtherIncome": 13902000, "calculatedIncomeNonControlling": 227000, "calculatedEbitda": 172549000}, {"date": "2019-12-31", "symbol": "EXLS", "reportedCurrency": "USD", "cik": "0001297989", "fillingDate": "2020-02-27", "acceptedDate": "2020-02-27 16:47:39", "calendarYear": "2019", "period": "FY", "revenue": 991346000, "costOfRevenue": 655490000, "grossProfit": 335856000, "grossProfitRatio": 0.3387878702, "researchAndDevelopmentExpenses": 2745000, "generalAndAdministrativeExpenses": 126909000, "sellingAndMarketingExpenses": 71842000, "sellingGeneralAndAdministrativeExpenses": 198751000, "otherExpenses": 51981000, "operatingExpenses": 250732000, "costAndExpenses": 906222000, "interestIncome": 2399000, "interestExpense": 13612000, "depreciationAndAmortization": 77159000, "ebitda": 153612000, "ebitdaratio": 0.1549529629, "operatingIncome": 76453000, "operatingIncomeRatio": 0.0771203999, "totalOtherIncomeExpensesNet": 6647000, "incomeBeforeTax": 83100000, "incomeBeforeTaxRatio": 0.0838254252, "incomeTaxExpense": 15172000, "netIncome": 67659000, "netIncomeRatio": 0.0682496323, "eps": 0.39, "epsdiluted": 0.39, "weightedAverageShsOut": 171750750, "weightedAverageShsOutDil": 173663415, "link": "https://www.sec.gov/Archives/edgar/data/1297989/000129798920000003/0001297989-20-000003-index.htm", "finalLink": "https://www.sec.gov/Archives/edgar/data/1297989/000129798920000003/exls-12312019x10k.htm", "calculatedOtherExpenses": 57907000, "calculatedOperatingExpenses": 259403000, "calculatedNetInterest": -11213000, "calculatedOtherIncome": 17860000, "calculatedIncomeNonControlling": 269000, "calculatedEbitda": 153612000}, {"date": "2018-12-31", "symbol": "EXLS", "reportedCurrency": "USD", "cik": "0001297989", "fillingDate": "2019-02-28", "acceptedDate": "2019-02-28 16:44:06", "calendarYear": "2018", "period": "FY", "revenue": 883112000, "costOfRevenue": 584855000, "grossProfit": 298257000, "grossProfitRatio": 0.3377340586, "researchAndDevelopmentExpenses": 1417000, "generalAndAdministrativeExpenses": 116202000, "sellingAndMarketingExpenses": 63612000, "sellingGeneralAndAdministrativeExpenses": 179814000, "otherExpenses": 12989000, "operatingExpenses": 228380000, "costAndExpenses": 813235000, "interestIncome": 1873000, "interestExpense": 7227000, "depreciationAndAmortization": 48566000, "ebitda": 131432000, "ebitdaratio": 0.1488282347, "operatingIncome": 49821000, "operatingIncomeRatio": 0.0564152678, "totalOtherIncomeExpensesNet": -2280000, "incomeBeforeTax": 60370000, "incomeBeforeTaxRatio": 0.0683605251, "incomeTaxExpense": 3397000, "netIncome": 56726000, "netIncomeRatio": 0.0642342081, "eps": 0.33, "epsdiluted": 0.32, "weightedAverageShsOut": 172255040, "weightedAverageShsOutDil": 175154920, "link": "https://www.sec.gov/Archives/edgar/data/1297989/000129798919000002/0001297989-19-000002-index.htm", "finalLink": "https://www.sec.gov/Archives/edgar/data/1297989/000129798919000002/exls-12312018x10k.htm", "calculatedOtherExpenses": 67205000, "calculatedOperatingExpenses": 248436000, "calculatedNetInterest": -5354000, "calculatedOtherIncome": 15903000, "calculatedIncomeNonControlling": 247000, "calculatedEbitda": 98387000}, {"date": "2017-12-31", "symbol": "EXLS", "reportedCurrency": "USD", "cik": "0001297989", "fillingDate": "2018-02-27", "acceptedDate": "2018-02-27 16:48:08", "calendarYear": "2017", "period": "FY", "revenue": 762310000, "costOfRevenue": 495586000, "grossProfit": 266724000, "grossProfitRatio": 0.3498891527, "researchAndDevelopmentExpenses": 640000, "generalAndAdministrativeExpenses": 102567000, "sellingAndMarketingExpenses": 53383000, "sellingGeneralAndAdministrativeExpenses": 155950000, "otherExpenses": 11859000, "operatingExpenses": 194499000, "costAndExpenses": 690085000, "interestIncome": 1625000, "interestExpense": 1889000, "depreciationAndAmortization": 38549000, "ebitda": 122633000, "ebitdaratio": 0.1608702496, "operatingIncome": 72225000, "operatingIncomeRatio": 0.09474492, "totalOtherIncomeExpensesNet": 14698000, "incomeBeforeTax": 85034000, "incomeBeforeTaxRatio": 0.1115477955, "incomeTaxExpense": 36146000, "netIncome": 48888000, "netIncomeRatio": 0.0641313901, "eps": 0.29, "epsdiluted": 0.28, "weightedAverageShsOut": 175551050, "weightedAverageShsOutDil": 175856115, "link": "https://www.sec.gov/Archives/edgar/data/1297989/000129798918000002/0001297989-18-000002-index.htm", "finalLink": "https://www.sec.gov/Archives/edgar/data/1297989/000129798918000002/exls-123117x10k.htm", "calculatedOtherExpenses": 37909000, "calculatedOperatingExpenses": 194499000, "calculatedNetInterest": -264000, "calculatedOtherIncome": 13073000, "calculatedIncomeNonControlling": 0, "calculatedEbitda": 110774000}, {"date": "2016-12-31", "symbol": "EXLS", "reportedCurrency": "USD", "cik": "0001297989", "fillingDate": "2017-03-15", "acceptedDate": "2017-03-15 17:22:28", "calendarYear": "2016", "period": "FY", "revenue": 685988000, "costOfRevenue": 447956000, "grossProfit": 238032000, "grossProfitRatio": 0.3469914926, "researchAndDevelopmentExpenses": 336000, "generalAndAdministrativeExpenses": 88648000, "sellingAndMarketingExpenses": 50582000, "sellingGeneralAndAdministrativeExpenses": 139230000, "otherExpenses": 15408000, "operatingExpenses": 173810000, "costAndExpenses": 621766000, "interestIncome": 1673000, "interestExpense": 1343000, "depreciationAndAmortization": 34580000, "ebitda": 114210000, "ebitdaratio": 0.1664897928, "operatingIncome": 64222000, "operatingIncomeRatio": 0.0936197135, "totalOtherIncomeExpensesNet": 21005000, "incomeBeforeTax": 83884000, "incomeBeforeTaxRatio": 0.1222820224, "incomeTaxExpense": 22151000, "netIncome": 61733000, "netIncomeRatio": 0.0899913701, "eps": 0.37, "epsdiluted": 0.36, "weightedAverageShsOut": 172439029, "weightedAverageShsOutDil": 172816595, "link": "https://www.sec.gov/Archives/edgar/data/1297989/000129798917000002/0001297989-17-000002-index.htm", "finalLink": "https://www.sec.gov/Archives/edgar/data/1297989/000129798917000002/exls-123116x10k.htm", "calculatedOtherExpenses": 34244000, "calculatedOperatingExpenses": 173810000, "calculatedNetInterest": 330000, "calculatedOtherIncome": 19332000, "calculatedIncomeNonControlling": 0, "calculatedEbitda": 98802000}, {"date": "2015-12-31", "symbol": "EXLS", "reportedCurrency": "USD", "cik": "0001297989", "fillingDate": "2016-02-26", "acceptedDate": "2016-02-26 16:38:05", "calendarYear": "2015", "period": "FY", "revenue": 628492000, "costOfRevenue": 402917000, "grossProfit": 225575000, "grossProfitRatio": 0.3589146719, "researchAndDevelopmentExpenses": 0, "generalAndAdministrativeExpenses": 77293000, "sellingAndMarketingExpenses": 49474000, "sellingGeneralAndAdministrativeExpenses": 126767000, "otherExpenses": 5689000, "operatingExpenses": 158232000, "costAndExpenses": 561149000, "interestIncome": 6806000, "interestExpense": 1338000, "depreciationAndAmortization": 31465000, "ebitda": 96064000, "ebitdaratio": 0.1528484054, "operatingIncome": 67343000, "operatingIncomeRatio": 0.1071501308, "totalOtherIncomeExpensesNet": 8433000, "incomeBeforeTax": 75776000, "incomeBeforeTaxRatio": 0.1205679627, "incomeTaxExpense": 24211000, "netIncome": 51565000, "netIncomeRatio": 0.0820455949, "eps": 0.31, "epsdiluted": 0.3, "weightedAverageShsOut": 170745598, "weightedAverageShsOutDil": 170891700, "link": "https://www.sec.gov/Archives/edgar/data/1297989/000162828016011841/0001628280-16-011841-index.htm", "finalLink": "https://www.sec.gov/Archives/edgar/data/1297989/000162828016011841/exls-123115x10k.htm", "calculatedOtherExpenses": 31465000, "calculatedOperatingExpenses": 158232000, "calculatedNetInterest": 5468000, "calculatedOtherIncome": 2965000, "calculatedIncomeNonControlling": 0, "calculatedEbitda": 98808000}, {"date": "2014-12-31", "symbol": "EXLS", "reportedCurrency": "USD", "cik": "0001297989", "fillingDate": "2015-02-27", "acceptedDate": "2015-02-27 16:04:34", "calendarYear": "2014", "period": "FY", "revenue": 499278000, "costOfRevenue": 332535000, "grossProfit": 166743000, "grossProfitRatio": 0.3339682502, "researchAndDevelopmentExpenses": 0, "generalAndAdministrativeExpenses": 65381000, "sellingAndMarketingExpenses": 39294000, "sellingGeneralAndAdministrativeExpenses": 104675000, "otherExpenses": 28028000, "operatingExpenses": 132703000, "costAndExpenses": 465238000, "interestIncome": 3603000, "interestExpense": 0, "depreciationAndAmortization": 28028000, "ebitda": 62073000, "ebitdaratio": 0.1243255261, "operatingIncome": 34040000, "operatingIncomeRatio": 0.0681784497, "totalOtherIncomeExpensesNet": -5000, "incomeBeforeTax": 37638000, "incomeBeforeTaxRatio": 0.0753848557, "incomeTaxExpense": 5193000, "netIncome": 32445000, "netIncomeRatio": 0.0649838367, "eps": 0.2, "epsdiluted": 0.19, "weightedAverageShsOut": 168182965, "weightedAverageShsOutDil": 168985255, "link": "https://www.sec.gov/Archives/edgar/data/1297989/000119312515069666/0001193125-15-069666-index.htm", "finalLink": "https://www.sec.gov/Archives/edgar/data/1297989/000119312515069666/d845158d10k.htm", "calculatedOtherExpenses": 28028000, "calculatedOperatingExpenses": 132703000, "calculatedNetInterest": 3603000, "calculatedOtherIncome": -5000, "calculatedIncomeNonControlling": 0, "calculatedEbitda": 62068000}, {"date": "2013-12-31", "symbol": "EXLS", "reportedCurrency": "USD", "cik": "0001297989", "fillingDate": "2014-03-03", "acceptedDate": "2014-03-03 17:14:38", "calendarYear": "2013", "period": "FY", "revenue": 478452000, "costOfRevenue": 290942000, "grossProfit": 187510000, "grossProfitRatio": 0.3919097423, "researchAndDevelopmentExpenses": 0, "generalAndAdministrativeExpenses": 58797000, "sellingAndMarketingExpenses": 36376000, "sellingGeneralAndAdministrativeExpenses": 95173000, "otherExpenses": 24917000, "operatingExpenses": 120090000, "costAndExpenses": 411032000, "interestIncome": 2547000, "interestExpense": 0, "depreciationAndAmortization": 24917000, "ebitda": 97327000, "ebitdaratio": 0.2034206148, "operatingIncome": 67420000, "operatingIncomeRatio": 0.140912777, "totalOtherIncomeExpensesNet": -4990000, "incomeBeforeTax": 64977000, "incomeBeforeTaxRatio": 0.1358067267, "incomeTaxExpense": 16880000, "netIncome": 48097000, "netIncomeRatio": 0.1005262806, "eps": 0.29, "epsdiluted": 0.28, "weightedAverageShsOut": 169214690, "weightedAverageShsOutDil": 169355633, "link": "https://www.sec.gov/Archives/edgar/data/1297989/000119312514080551/0001193125-14-080551-index.htm", "finalLink": "https://www.sec.gov/Archives/edgar/data/1297989/000119312514080551/d652259d10k.htm", "calculatedOtherExpenses": 24917000, "calculatedOperatingExpenses": 120090000, "calculatedNetInterest": 2547000, "calculatedOtherIncome": -4990000, "calculatedIncomeNonControlling": 0, "calculatedEbitda": 92337000}, {"date": "2012-12-31", "symbol": "EXLS", "reportedCurrency": "USD", "cik": "0001297989", "fillingDate": "2013-03-07", "acceptedDate": "2013-03-07 17:14:01", "calendarYear": "2012", "period": "FY", "revenue": 442930000, "costOfRevenue": 271876000, "grossProfit": 171054000, "grossProfitRatio": 0.3861874337, "researchAndDevelopmentExpenses": 0, "generalAndAdministrativeExpenses": 57192000, "sellingAndMarketingExpenses": 31007000, "sellingGeneralAndAdministrativeExpenses": 88199000, "otherExpenses": 25623000, "operatingExpenses": 113822000, "costAndExpenses": 385698000, "interestIncome": 1997000, "interestExpense": 0, "depreciationAndAmortization": 25623000, "ebitda": 85364000, "ebitdaratio": 0.1927257129, "operatingIncome": 57232000, "operatingIncomeRatio": 0.1292122909, "totalOtherIncomeExpensesNet": -2509000, "incomeBeforeTax": 56720000, "incomeBeforeTaxRatio": 0.128056352, "incomeTaxExpense": 14884000, "netIncome": 41836000, "netIncomeRatio": 0.0944528481, "eps": 0.26, "epsdiluted": 0.25, "weightedAverageShsOut": 165855525, "weightedAverageShsOutDil": 166016531, "link": "https://www.sec.gov/Archives/edgar/data/1297989/000119312513096263/0001193125-13-096263-index.htm", "finalLink": "https://www.sec.gov/Archives/edgar/data/1297989/000119312513096263/d445095d10k.htm", "calculatedOtherExpenses": 25623000, "calculatedOperatingExpenses": 113822000, "calculatedNetInterest": 1997000, "calculatedOtherIncome": -2509000, "calculatedIncomeNonControlling": 0, "calculatedEbitda": 82855000}, {"date": "2011-12-31", "symbol": "EXLS", "reportedCurrency": "USD", "cik": "0001297989", "fillingDate": "2012-03-06", "acceptedDate": "2012-03-06 16:42:38", "calendarYear": "2011", "period": "FY", "revenue": 360541000, "costOfRevenue": 219987000, "grossProfit": 140554000, "grossProfitRatio": 0.389841932, "researchAndDevelopmentExpenses": 0, "generalAndAdministrativeExpenses": 50660000, "sellingAndMarketingExpenses": 25582000, "sellingGeneralAndAdministrativeExpenses": 76242000, "otherExpenses": 22994000, "operatingExpenses": 99236000, "costAndExpenses": 319223000, "interestIncome": 0, "interestExpense": 0, "depreciationAndAmortization": 22994000, "ebitda": 60939000, "ebitdaratio": 0.169020999, "operatingIncome": 41318000, "operatingIncomeRatio": 0.1146000039, "totalOtherIncomeExpensesNet": 3373000, "incomeBeforeTax": 46648000, "incomeBeforeTaxRatio": 0.1293833434, "incomeTaxExpense": 11868000, "netIncome": 34780000, "netIncomeRatio": 0.0964661439, "eps": 1.15, "epsdiluted": 1.1, "weightedAverageShsOut": 30264805, "weightedAverageShsOutDil": 31546144, "link": "https://www.sec.gov/Archives/edgar/data/1297989/000119312512099147/0001193125-12-099147-index.htm", "finalLink": "https://www.sec.gov/Archives/edgar/data/1297989/000119312512099147/d268905d10k.htm", "calculatedOtherExpenses": 22994000, "calculatedOperatingExpenses": 99236000, "calculatedNetInterest": 0, "calculatedOtherIncome": 5330000, "calculatedIncomeNonControlling": 0, "calculatedEbitda": 64312000}, {"date": "2010-12-31", "symbol": "EXLS", "reportedCurrency": "USD", "cik": "0001297989", "fillingDate": "2011-03-16", "acceptedDate": "2011-03-16 16:08:53", "calendarYear": "2010", "period": "FY", "revenue": 252753000, "costOfRevenue": 151285000, "grossProfit": 101468000, "grossProfitRatio": 0.4014512192, "researchAndDevelopmentExpenses": 0, "generalAndAdministrativeExpenses": 40278000, "sellingAndMarketingExpenses": 18832000, "sellingGeneralAndAdministrativeExpenses": 59110000, "otherExpenses": 15835000, "operatingExpenses": 74945000, "costAndExpenses": 226230000, "interestIncome": 0, "interestExpense": 0, "depreciationAndAmortization": 15835000, "ebitda": 38159000, "ebitdaratio": 0.15097348, "operatingIncome": 26523000, "operatingIncomeRatio": 0.1049364399, "totalOtherIncomeExpensesNet": 4199000, "incomeBeforeTax": 32089000, "incomeBeforeTaxRatio": 0.1269579392, "incomeTaxExpense": 5497000, "netIncome": 26592000, "netIncomeRatio": 0.1052094337, "eps": 0.91, "epsdiluted": 0.88, "weightedAverageShsOut": 29281364, "weightedAverageShsOutDil": 30388520, "link": "https://www.sec.gov/Archives/edgar/data/1297989/000119312511068676/0001193125-11-068676-index.htm", "finalLink": "https://www.sec.gov/Archives/edgar/data/1297989/000119312511068676/d10k.htm", "calculatedOtherExpenses": 15835000, "calculatedOperatingExpenses": 74945000, "calculatedNetInterest": 0, "calculatedOtherIncome": 5566000, "calculatedIncomeNonControlling": 0, "calculatedEbitda": 42358000}, {"date": "2009-12-31", "symbol": "EXLS", "reportedCurrency": "USD", "cik": "0001297989", "fillingDate": "2010-03-16", "acceptedDate": "2010-03-16 16:30:43", "calendarYear": "2009", "period": "FY", "revenue": 190995000, "costOfRevenue": 109389000, "grossProfit": 81606000, "grossProfitRatio": 0.4272677295, "researchAndDevelopmentExpenses": 0, "generalAndAdministrativeExpenses": 31850000, "sellingAndMarketingExpenses": 13950000, "sellingGeneralAndAdministrativeExpenses": 45800000, "otherExpenses": 11405000, "operatingExpenses": 57205000, "costAndExpenses": 166594000, "interestIncome": 1023000, "interestExpense": 0, "depreciationAndAmortization": 11405000, "ebitda": 41735000, "ebitdaratio": 0.2185135737, "operatingIncome": 24401000, "operatingIncomeRatio": 0.1277572711, "totalOtherIncomeExpensesNet": -5929000, "incomeBeforeTax": 19495000, "incomeBeforeTaxRatio": 0.1020707348, "incomeTaxExpense": 3703000, "netIncome": 15653000, "netIncomeRatio": 0.081955025, "eps": 0.54, "epsdiluted": 0.53, "weightedAverageShsOut": 28963770, "weightedAverageShsOutDil": 29417910, "link": "https://www.sec.gov/Archives/edgar/data/1297989/000119312510058425/0001193125-10-058425-index.htm", "finalLink": "https://www.sec.gov/Archives/edgar/data/1297989/000119312510058425/d10k.htm", "calculatedOtherExpenses": 11405000, "calculatedOperatingExpenses": 57205000, "calculatedNetInterest": 1023000, "calculatedOtherIncome": -5929000, "calculatedIncomeNonControlling": 139000, "calculatedEbitda": 35806000}, {"date": "2008-12-31", "symbol": "EXLS", "reportedCurrency": "USD", "cik": "0001297989", "fillingDate": "2009-03-16", "acceptedDate": "2009-03-16 16:31:17", "calendarYear": "2008", "period": "FY", "revenue": 181713763, "costOfRevenue": 112436276, "grossProfit": 69277487, "grossProfitRatio": 0.3812451289, "researchAndDevelopmentExpenses": 0, "generalAndAdministrativeExpenses": 42456970, "sellingAndMarketingExpenses": 11344267000000, "sellingGeneralAndAdministrativeExpenses": 42456970, "otherExpenses": 11155933, "operatingExpenses": 53612903, "costAndExpenses": 166049179, "interestIncome": 3478741, "interestExpense": 70708, "depreciationAndAmortization": 16434211, "ebitda": 41374520, "ebitdaratio": 0.2276906235, "operatingIncome": 15664584, "operatingIncomeRatio": 0.0862047197, "totalOtherIncomeExpensesNet": -9275725, "incomeBeforeTax": 9796892, "incomeBeforeTaxRatio": 0.0539138689, "incomeTaxExpense": -1339741, "netIncome": 14407667, "netIncomeRatio": 0.0792877037, "eps": 0.5, "epsdiluted": 0.49, "weightedAverageShsOut": 28811040, "weightedAverageShsOutDil": 29212045, "link": "https://www.sec.gov/Archives/edgar/data/1297989/000119312509055465/0001193125-09-055465-index.htm", "finalLink": "https://www.sec.gov/Archives/edgar/data/1297989/000119312509055465/d10k.htm", "calculatedOtherExpenses": 11155933, "calculatedOperatingExpenses": 53612903, "calculatedNetInterest": 3408033, "calculatedOtherIncome": -9275725, "calculatedIncomeNonControlling": -3271034, "calculatedEbitda": 32098795}, {"date": "2007-12-31", "symbol": "EXLS", "reportedCurrency": "USD", "cik": "0001297989", "fillingDate": "2008-03-17", "acceptedDate": "2008-03-17 16:46:52", "calendarYear": "2007", "period": "FY", "revenue": 179889856, "costOfRevenue": 113720195, "grossProfit": 66169661, "grossProfitRatio": 0.3678343097, "researchAndDevelopmentExpenses": 0, "generalAndAdministrativeExpenses": 38449753, "sellingAndMarketingExpenses": 9171240000000, "sellingGeneralAndAdministrativeExpenses": 38449753, "otherExpenses": 10491763, "operatingExpenses": 48941516, "costAndExpenses": 162661711, "interestIncome": 4306068, "interestExpense": 55570, "depreciationAndAmortization": 14798435, "ebitda": 24352472, "ebitdaratio": 0.1353743482, "operatingIncome": 17228145, "operatingIncomeRatio": 0.0957705197, "totalOtherIncomeExpensesNet": 7674108, "incomeBeforeTax": 29152751, "incomeBeforeTaxRatio": 0.1620588934, "incomeTaxExpense": 2109165, "netIncome": 27043586, "netIncomeRatio": 0.1503341356, "eps": 0.95, "epsdiluted": 0.93, "weightedAverageShsOut": 28480033, "weightedAverageShsOutDil": 29191199, "link": "https://www.sec.gov/Archives/edgar/data/1297989/000119312508058929/0001193125-08-058929-index.htm", "finalLink": "https://www.sec.gov/Archives/edgar/data/1297989/000119312508058929/d10k.htm", "calculatedOtherExpenses": 10491763, "calculatedOperatingExpenses": 48941516, "calculatedNetInterest": 4250498, "calculatedOtherIncome": 7674108, "calculatedIncomeNonControlling": 0, "calculatedEbitda": 32026580}, {"date": "2006-12-31", "symbol": "EXLS", "reportedCurrency": "USD", "cik": "0001297989", "fillingDate": "2007-03-30", "acceptedDate": "2007-03-30 17:22:40", "calendarYear": "2006", "period": "FY", "revenue": 121768530, "costOfRevenue": 73837337, "grossProfit": 47931193, "grossProfitRatio": 0.3936254548, "researchAndDevelopmentExpenses": 0, "generalAndAdministrativeExpenses": 23919984, "sellingAndMarketingExpenses": 4739892000000, "sellingGeneralAndAdministrativeExpenses": 23919984, "otherExpenses": 8939689, "operatingExpenses": 32859673, "costAndExpenses": 106697010, "interestIncome": 1909173, "interestExpense": 579704, "depreciationAndAmortization": 11026455, "ebitda": 26386094, "ebitdaratio": 0.216690585, "operatingIncome": 15071520, "operatingIncomeRatio": 0.123771881, "totalOtherIncomeExpensesNet": -288119, "incomeBeforeTax": 16112870, "incomeBeforeTaxRatio": 0.1323237621, "incomeTaxExpense": 2055074, "netIncome": 14057796, "netIncomeRatio": 0.1154468728, "eps": 0.59, "epsdiluted": 0.58, "weightedAverageShsOut": 22863539, "weightedAverageShsOutDil": 23033266, "link": "https://www.sec.gov/Archives/edgar/data/1297989/000119312507070775/0001193125-07-070775-index.htm", "finalLink": "https://www.sec.gov/Archives/edgar/data/1297989/000119312507070775/d10k.htm", "calculatedOtherExpenses": 8939689, "calculatedOperatingExpenses": 32859673, "calculatedNetInterest": 1329469, "calculatedOtherIncome": -288119, "calculatedIncomeNonControlling": 0, "calculatedEbitda": 26097975}, {"date": "2005-12-31", "symbol": "EXLS", "reportedCurrency": "USD", "cik": "0001297989", "fillingDate": "2005-12-31", "acceptedDate": "2005-12-30 19:00:00", "calendarYear": "2005", "period": "FY", "revenue": 73953792, "costOfRevenue": 47597523, "grossProfit": 26356269, "grossProfitRatio": 0.3563883377, "researchAndDevelopmentExpenses": 0, "generalAndAdministrativeExpenses": 0, "sellingAndMarketingExpenses": 0, "sellingGeneralAndAdministrativeExpenses": 14885259, "otherExpenses": 5888975, "operatingExpenses": 20774234, "costAndExpenses": 68371757, "interestIncome": 693538, "interestExpense": 805519, "depreciationAndAmortization": 6202111, "ebitda": 10841660, "ebitdaratio": 0.146600461, "operatingIncome": 5582035, "operatingIncomeRatio": 0.0754800376, "totalOtherIncomeExpensesNet": 942486, "incomeBeforeTax": 7059548, "incomeBeforeTaxRatio": 0.0954589049, "incomeTaxExpense": -647008, "netIncome": 7059548, "netIncomeRatio": 0.0954589049, "eps": 0.32, "epsdiluted": 0.32, "weightedAverageShsOut": 21174548, "weightedAverageShsOutDil": 21591028, "link": "", "finalLink": "", "calculatedOtherExpenses": 5888975, "calculatedOperatingExpenses": 20774234, "calculatedNetInterest": -111981, "calculatedOtherIncome": 1589494, "calculatedIncomeNonControlling": 647008, "calculatedEbitda": 11784146}, {"date": "2004-12-31", "symbol": "EXLS", "reportedCurrency": "USD", "cik": "0001297989", "fillingDate": "2004-12-31", "acceptedDate": "2004-12-30 19:00:00", "calendarYear": "2004", "period": "FY", "revenue": 60466646, "costOfRevenue": 38716017, "grossProfit": 21750629, "grossProfitRatio": 0.3597128407, "researchAndDevelopmentExpenses": 0, "generalAndAdministrativeExpenses": 0, "sellingAndMarketingExpenses": 0, "sellingGeneralAndAdministrativeExpenses": 12541426, "otherExpenses": 3909098, "operatingExpenses": 16450524, "costAndExpenses": 55166541, "interestIncome": 258583, "interestExpense": 931003, "depreciationAndAmortization": 4644271, "ebitda": 9170181, "ebitdaratio": 0.151656849, "operatingIncome": 5300105, "operatingIncomeRatio": 0.0876533651, "totalOtherIncomeExpensesNet": 774195, "incomeBeforeTax": 5401880, "incomeBeforeTaxRatio": 0.0893365245, "incomeTaxExpense": 21584, "netIncome": 5380296, "netIncomeRatio": 0.0889795673, "eps": 0.26, "epsdiluted": 0.26, "weightedAverageShsOut": 20518332, "weightedAverageShsOutDil": 21017252, "link": "", "finalLink": "", "calculatedOtherExpenses": 3909098, "calculatedOperatingExpenses": 16450524, "calculatedNetInterest": -672420, "calculatedOtherIncome": 774195, "calculatedIncomeNonControlling": 0, "calculatedEbitda": 9944376}, {"date": "2003-12-31", "symbol": "EXLS", "reportedCurrency": "USD", "cik": "0001297989", "fillingDate": "2003-12-31", "acceptedDate": "2003-12-30 19:00:00", "calendarYear": "2003", "period": "FY", "revenue": 27771359, "costOfRevenue": 0, "grossProfit": 27771359, "grossProfitRatio": 1, "researchAndDevelopmentExpenses": 0, "generalAndAdministrativeExpenses": 0, "sellingAndMarketingExpenses": 0, "sellingGeneralAndAdministrativeExpenses": 0, "otherExpenses": 0, "operatingExpenses": 0, "costAndExpenses": 0, "interestIncome": 0, "interestExpense": 0, "depreciationAndAmortization": 0, "ebitda": 27771359, "ebitdaratio": 1, "operatingIncome": 27771359, "operatingIncomeRatio": 1, "totalOtherIncomeExpensesNet": 0, "incomeBeforeTax": 0, "incomeBeforeTaxRatio": 0, "incomeTaxExpense": 757310, "netIncome": -757310, "netIncomeRatio": -0.0272694613, "eps": -0.0774, "epsdiluted": -0.0774, "weightedAverageShsOut": 9784420, "weightedAverageShsOutDil": 9784420, "link": "", "finalLink": "", "calculatedOtherExpenses": 0, "calculatedOperatingExpenses": 0, "calculatedNetInterest": 0, "calculatedOtherIncome": -27771359, "calculatedIncomeNonControlling": 0, "calculatedEbitda": 27771359}, {"date": "2002-12-31", "symbol": "EXLS", "reportedCurrency": "USD", "cik": "0001297989", "fillingDate": "2002-12-31", "acceptedDate": "2002-12-30 19:00:00", "calendarYear": "2002", "period": "FY", "revenue": 27100000, "costOfRevenue": 13000000, "grossProfit": 14100000, "grossProfitRatio": 0.520295203, "researchAndDevelopmentExpenses": 0, "generalAndAdministrativeExpenses": 0, "sellingAndMarketingExpenses": 0, "sellingGeneralAndAdministrativeExpenses": 12400000, "otherExpenses": 4000000, "operatingExpenses": 16400000, "costAndExpenses": 29400000, "interestIncome": 0, "interestExpense": 0, "depreciationAndAmortization": 0, "ebitda": -2300000, "ebitdaratio": -0.0848708487, "operatingIncome": -2300000, "operatingIncomeRatio": -0.0848708487, "totalOtherIncomeExpensesNet": -45800000, "incomeBeforeTax": -48100000, "incomeBeforeTaxRatio": -1.7749077491, "incomeTaxExpense": -4900000, "netIncome": -43200000, "netIncomeRatio": -1.594095941, "eps": -2.26, "epsdiluted": -2.26, "weightedAverageShsOut": 19110924, "weightedAverageShsOutDil": 19110924, "link": "", "finalLink": "", "calculatedOtherExpenses": 4000000, "calculatedOperatingExpenses": 16400000, "calculatedNetInterest": 0, "calculatedOtherIncome": -45800000, "calculatedIncomeNonControlling": 0, "calculatedEbitda": -2300000}, {"date": "2001-12-31", "symbol": "EXLS", "reportedCurrency": "USD", "cik": "0001297989", "fillingDate": "2001-12-31", "acceptedDate": "2001-12-30 19:00:00", "calendarYear": "2001", "period": "FY", "revenue": 11900000, "costOfRevenue": 6800000, "grossProfit": 5100000, "grossProfitRatio": 0.4285714286, "researchAndDevelopmentExpenses": 0, "generalAndAdministrativeExpenses": 0, "sellingAndMarketingExpenses": 0, "sellingGeneralAndAdministrativeExpenses": 5200000, "otherExpenses": 1400000, "operatingExpenses": 6600000, "costAndExpenses": 13400000, "interestIncome": 0, "interestExpense": 0, "depreciationAndAmortization": 1400000, "ebitda": -200000, "ebitdaratio": -0.0168067227, "operatingIncome": -1500000, "operatingIncomeRatio": -0.1260504202, "totalOtherIncomeExpensesNet": -100000, "incomeBeforeTax": -1600000, "incomeBeforeTaxRatio": -0.1344537815, "incomeTaxExpense": -100000, "netIncome": -1600000, "netIncomeRatio": -0.1344537815, "eps": -0.17, "epsdiluted": -0.17, "weightedAverageShsOut": 9555462, "weightedAverageShsOutDil": 9555462, "link": "", "finalLink": "", "calculatedOtherExpenses": 1400000, "calculatedOperatingExpenses": 6600000, "calculatedNetInterest": 0, "calculatedOtherIncome": -100000, "calculatedIncomeNonControlling": 100000, "calculatedEbitda": -100000}]}