{"originalCurrency": "USD", "convertedCurrency": "USD", "report": [{"date": "2023-03-31", "symbol": "EXP", "reportedCurrency": "USD", "cik": "0000918646", "fillingDate": "2023-05-19", "acceptedDate": "2023-05-19 16:50:33", "calendarYear": "2022", "period": "FY", "revenue": 2148069000, "costOfRevenue": 1508803000, "grossProfit": 639266000, "grossProfitRatio": 0.2976003099, "researchAndDevelopmentExpenses": 0, "generalAndAdministrativeExpenses": 53630000, "sellingAndMarketingExpenses": 0, "sellingGeneralAndAdministrativeExpenses": 53630000, "otherExpenses": 2654000, "operatingExpenses": 53630000, "costAndExpenses": 1562433000, "interestIncome": 421000, "interestExpense": 35171000, "depreciationAndAmortization": 138554000, "ebitda": 623764000, "ebitdaratio": 0.2903835957, "operatingIncome": 485210000, "operatingIncomeRatio": 0.2258819433, "totalOtherIncomeExpensesNet": 103383000, "incomeBeforeTax": 588593000, "incomeBeforeTaxRatio": 0.2740102855, "incomeTaxExpense": 127053000, "netIncome": 461540000, "netIncomeRatio": 0.2148627442, "eps": 12.54, "epsdiluted": 12.46, "weightedAverageShsOut": 36798354, "weightedAverageShsOutDil": 37052942, "link": "https://www.sec.gov/Archives/edgar/data/918646/000095017023023282/0000950170-23-023282-index.htm", "finalLink": "https://www.sec.gov/Archives/edgar/data/918646/000095017023023282/exp-20230331.htm", "calculatedOtherExpenses": 100426000, "calculatedOperatingExpenses": 154056000, "calculatedNetInterest": -34750000, "calculatedOtherIncome": 138133000, "calculatedIncomeNonControlling": 0, "calculatedEbitda": 623764000}, {"date": "2022-03-31", "symbol": "EXP", "reportedCurrency": "USD", "cik": "0000918646", "fillingDate": "2022-05-20", "acceptedDate": "2022-05-20 16:32:51", "calendarYear": "2021", "period": "FY", "revenue": 1861522000, "costOfRevenue": 1341908000, "grossProfit": 519614000, "grossProfitRatio": 0.279133956, "researchAndDevelopmentExpenses": 0, "generalAndAdministrativeExpenses": 46801000, "sellingAndMarketingExpenses": 0, "sellingGeneralAndAdministrativeExpenses": 46801000, "otherExpenses": 9073000, "operatingExpenses": 46801000, "costAndExpenses": 1388709000, "interestIncome": 39000, "interestExpense": 30912000, "depreciationAndAmortization": 128811000, "ebitda": 643224000, "ebitdaratio": 0.3455366093, "operatingIncome": 514413000, "operatingIncomeRatio": 0.2763400057, "totalOtherIncomeExpensesNet": -39319000, "incomeBeforeTax": 475094000, "incomeBeforeTaxRatio": 0.255218042, "incomeTaxExpense": 100847000, "netIncome": 374247000, "netIncomeRatio": 0.2010435547, "eps": 9.23, "epsdiluted": 9.14, "weightedAverageShsOut": 40547048, "weightedAverageShsOutDil": 40929712, "link": "https://www.sec.gov/Archives/edgar/data/918646/000095017022010413/0000950170-22-010413-index.htm", "finalLink": "https://www.sec.gov/Archives/edgar/data/918646/000095017022010413/exp-20220331.htm", "calculatedOtherExpenses": -41600000, "calculatedOperatingExpenses": 5201000, "calculatedNetInterest": -30873000, "calculatedOtherIncome": -8446000, "calculatedIncomeNonControlling": 0, "calculatedEbitda": 643224000}, {"date": "2021-03-31", "symbol": "EXP", "reportedCurrency": "USD", "cik": "0000918646", "fillingDate": "2021-05-21", "acceptedDate": "2021-05-21 17:16:20", "calendarYear": "2020", "period": "FY", "revenue": 1622642000, "costOfRevenue": 1214287000, "grossProfit": 408355000, "grossProfitRatio": 0.2516605635, "researchAndDevelopmentExpenses": 0, "generalAndAdministrativeExpenses": 49511000, "sellingAndMarketingExpenses": 0, "sellingGeneralAndAdministrativeExpenses": 49511000, "otherExpenses": 20274000, "operatingExpenses": 49511000, "costAndExpenses": 1263798000, "interestIncome": 66000, "interestExpense": 44420000, "depreciationAndAmortization": 129087000, "ebitda": 416559000, "ebitdaratio": 0.2567165154, "operatingIncome": 287472000, "operatingIncomeRatio": 0.1771629232, "totalOtherIncomeExpensesNet": 136640000, "incomeBeforeTax": 424112000, "incomeBeforeTaxRatio": 0.2613712698, "incomeTaxExpense": 89946000, "netIncome": 339444000, "netIncomeRatio": 0.2091921693, "eps": 7.95, "epsdiluted": 7.89, "weightedAverageShsOut": 41543067, "weightedAverageShsOutDil": 41826709, "link": "https://www.sec.gov/Archives/edgar/data/918646/000156459021029341/0001564590-21-029341-index.htm", "finalLink": "https://www.sec.gov/Archives/edgar/data/918646/000156459021029341/exp-10k_20210331.htm", "calculatedOtherExpenses": 71372000, "calculatedOperatingExpenses": 120883000, "calculatedNetInterest": -44354000, "calculatedOtherIncome": 180994000, "calculatedIncomeNonControlling": -5278000, "calculatedEbitda": 416559000}, {"date": "2020-03-31", "symbol": "EXP", "reportedCurrency": "USD", "cik": "0000918646", "fillingDate": "2020-05-22", "acceptedDate": "2020-05-22 16:58:15", "calendarYear": "2019", "period": "FY", "revenue": 1450814000, "costOfRevenue": 1119552000, "grossProfit": 331262000, "grossProfitRatio": 0.2283283729, "researchAndDevelopmentExpenses": 0, "generalAndAdministrativeExpenses": 65410000, "sellingAndMarketingExpenses": 0, "sellingGeneralAndAdministrativeExpenses": 65410000, "otherExpenses": -25000, "operatingExpenses": 65410000, "costAndExpenses": 1184962000, "interestIncome": 34000, "interestExpense": 38421000, "depreciationAndAmortization": 113518000, "ebitda": 308412000, "ebitdaratio": 0.2125785938, "operatingIncome": 194894000, "operatingIncomeRatio": 0.1343342427, "totalOtherIncomeExpensesNet": -149170000, "incomeBeforeTax": 45724000, "incomeBeforeTaxRatio": 0.0315161006, "incomeTaxExpense": -25170000, "netIncome": 70894000, "netIncomeRatio": 0.048864982, "eps": 1.69, "epsdiluted": 1.68, "weightedAverageShsOut": 42021892, "weightedAverageShsOutDil": 42285343, "link": "https://www.sec.gov/Archives/edgar/data/918646/000156459020026773/0001564590-20-026773-index.htm", "finalLink": "https://www.sec.gov/Archives/edgar/data/918646/000156459020026773/exp-10k_20200331.htm", "calculatedOtherExpenses": 70958000, "calculatedOperatingExpenses": 136368000, "calculatedNetInterest": -38387000, "calculatedOtherIncome": -110783000, "calculatedIncomeNonControlling": 0, "calculatedEbitda": 308412000}, {"date": "2019-03-31", "symbol": "EXP", "reportedCurrency": "USD", "cik": "0000918646", "fillingDate": "2019-05-23", "acceptedDate": "2019-05-23 16:59:58", "calendarYear": "2018", "period": "FY", "revenue": 1393241000, "costOfRevenue": 1066673000, "grossProfit": 326568000, "grossProfitRatio": 0.2343944802, "researchAndDevelopmentExpenses": 0, "generalAndAdministrativeExpenses": 37371000, "sellingAndMarketingExpenses": 0, "sellingGeneralAndAdministrativeExpenses": 37371000, "otherExpenses": 2412000, "operatingExpenses": 37371000, "costAndExpenses": 1104044000, "interestIncome": 123000, "interestExpense": 28374000, "depreciationAndAmortization": 122535000, "ebitda": 330174000, "ebitdaratio": 0.23698269, "operatingIncome": 289197000, "operatingIncomeRatio": 0.2075714108, "totalOtherIncomeExpensesNet": -181088000, "incomeBeforeTax": 79735000, "incomeBeforeTaxRatio": 0.0572298691, "incomeTaxExpense": 10875000, "netIncome": 68860000, "netIncomeRatio": 0.0494243279, "eps": 1.48, "epsdiluted": 1.47, "weightedAverageShsOut": 46620894, "weightedAverageShsOutDil": 46932380, "link": "https://www.sec.gov/Archives/edgar/data/918646/000156459019020349/0001564590-19-020349-index.htm", "finalLink": "https://www.sec.gov/Archives/edgar/data/918646/000156459019020349/exp-10k_20190331.htm", "calculatedOtherExpenses": 0, "calculatedOperatingExpenses": 37371000, "calculatedNetInterest": -28251000, "calculatedOtherIncome": -181211000, "calculatedIncomeNonControlling": 0, "calculatedEbitda": 411732000}, {"date": "2018-03-31", "symbol": "EXP", "reportedCurrency": "USD", "cik": "0000918646", "fillingDate": "2018-05-23", "acceptedDate": "2018-05-23 16:58:40", "calendarYear": "2017", "period": "FY", "revenue": 1386520000, "costOfRevenue": 1047764000, "grossProfit": 338756000, "grossProfitRatio": 0.244321034, "researchAndDevelopmentExpenses": 0, "generalAndAdministrativeExpenses": 41205000, "sellingAndMarketingExpenses": 0, "sellingGeneralAndAdministrativeExpenses": 41205000, "otherExpenses": 3728000, "operatingExpenses": 41205000, "costAndExpenses": 1088969000, "interestIncome": 14000, "interestExpense": 27638000, "depreciationAndAmortization": 114015000, "ebitda": 344698000, "ebitdaratio": 0.2486065834, "operatingIncome": 297551000, "operatingIncomeRatio": 0.2146027464, "totalOtherIncomeExpensesNet": 2049000, "incomeBeforeTax": 271962000, "incomeBeforeTaxRatio": 0.1961471886, "incomeTaxExpense": 15330000, "netIncome": 256632000, "netIncomeRatio": 0.1850907308, "eps": 5.33, "epsdiluted": 5.28, "weightedAverageShsOut": 48141226, "weightedAverageShsOutDil": 48645986, "link": "https://www.sec.gov/Archives/edgar/data/918646/000156459018014244/0001564590-18-014244-index.htm", "finalLink": "https://www.sec.gov/Archives/edgar/data/918646/000156459018014244/exp-10k_20180331.htm", "calculatedOtherExpenses": 0, "calculatedOperatingExpenses": 41205000, "calculatedNetInterest": -27624000, "calculatedOtherIncome": 2035000, "calculatedIncomeNonControlling": 0, "calculatedEbitda": 411566000}, {"date": "2017-03-31", "symbol": "EXP", "reportedCurrency": "USD", "cik": "0000918646", "fillingDate": "2017-05-24", "acceptedDate": "2017-05-24 17:02:21", "calendarYear": "2016", "period": "FY", "revenue": 1211220000, "costOfRevenue": 899175000, "grossProfit": 312045000, "grossProfitRatio": 0.2576286719, "researchAndDevelopmentExpenses": 0, "generalAndAdministrativeExpenses": 33940000, "sellingAndMarketingExpenses": 0, "sellingGeneralAndAdministrativeExpenses": 33940000, "otherExpenses": -2139000, "operatingExpenses": 31801000, "costAndExpenses": 930976000, "interestIncome": 40000, "interestExpense": 22631000, "depreciationAndAmortization": 91791000, "ebitda": 322630000, "ebitdaratio": 0.2663677945, "operatingIncome": 280244000, "operatingIncomeRatio": 0.2313733261, "totalOtherIncomeExpensesNet": 36906000, "incomeBeforeTax": 294519000, "incomeBeforeTaxRatio": 0.2431589637, "incomeTaxExpense": 96300000, "netIncome": 198219000, "netIncomeRatio": 0.1636523505, "eps": 4.14, "epsdiluted": 4.1, "weightedAverageShsOut": 47931518, "weightedAverageShsOutDil": 48361286, "link": "https://www.sec.gov/Archives/edgar/data/918646/000156459017011625/0001564590-17-011625-index.htm", "finalLink": "https://www.sec.gov/Archives/edgar/data/918646/000156459017011625/exp-10k_20170331.htm", "calculatedOtherExpenses": -2139000, "calculatedOperatingExpenses": 31801000, "calculatedNetInterest": -22591000, "calculatedOtherIncome": 36866000, "calculatedIncomeNonControlling": 0, "calculatedEbitda": 372035000}, {"date": "2016-03-31", "symbol": "EXP", "reportedCurrency": "USD", "cik": "0000918646", "fillingDate": "2016-05-25", "acceptedDate": "2016-05-25 17:02:00", "calendarYear": "2015", "period": "FY", "revenue": 1143492000, "costOfRevenue": 911875000, "grossProfit": 231617000, "grossProfitRatio": 0.2025523572, "researchAndDevelopmentExpenses": 0, "generalAndAdministrativeExpenses": 37193000, "sellingAndMarketingExpenses": 0, "sellingGeneralAndAdministrativeExpenses": 37193000, "otherExpenses": -2328000, "operatingExpenses": 34865000, "costAndExpenses": 946740000, "interestIncome": 6000, "interestExpense": 16583000, "depreciationAndAmortization": 97105000, "ebitda": 235835000, "ebitdaratio": 0.2062410581, "operatingIncome": 196752000, "operatingIncomeRatio": 0.1720624193, "totalOtherIncomeExpensesNet": 39083000, "incomeBeforeTax": 219252000, "incomeBeforeTaxRatio": 0.191738989, "incomeTaxExpense": 66660000, "netIncome": 152592000, "netIncomeRatio": 0.1334438719, "eps": 3.08, "epsdiluted": 3.05, "weightedAverageShsOut": 49471157, "weightedAverageShsOutDil": 50070829, "link": "https://www.sec.gov/Archives/edgar/data/918646/000156459016019955/0001564590-16-019955-index.htm", "finalLink": "https://www.sec.gov/Archives/edgar/data/918646/000156459016019955/exp-10k_20160331.htm", "calculatedOtherExpenses": -2328000, "calculatedOperatingExpenses": 34865000, "calculatedNetInterest": -16577000, "calculatedOtherIncome": 39077000, "calculatedIncomeNonControlling": 0, "calculatedEbitda": 293857000}, {"date": "2015-03-31", "symbol": "EXP", "reportedCurrency": "USD", "cik": "0000918646", "fillingDate": "2015-05-22", "acceptedDate": "2015-05-22 17:06:05", "calendarYear": "2014", "period": "FY", "revenue": 1066368000, "costOfRevenue": 812235000, "grossProfit": 254133000, "grossProfitRatio": 0.2383164161, "researchAndDevelopmentExpenses": 0, "generalAndAdministrativeExpenses": 30751000, "sellingAndMarketingExpenses": 0, "sellingGeneralAndAdministrativeExpenses": 30751000, "otherExpenses": -3201000, "operatingExpenses": 27550000, "costAndExpenses": 839785000, "interestIncome": 3853000, "interestExpense": 11743000, "depreciationAndAmortization": 76299000, "ebitda": 271550000, "ebitdaratio": 0.2546494268, "operatingIncome": 226583000, "operatingIncomeRatio": 0.2124810572, "totalOtherIncomeExpensesNet": 38087000, "incomeBeforeTax": 252927000, "incomeBeforeTaxRatio": 0.2371854744, "incomeTaxExpense": 66074000, "netIncome": 186853000, "netIncomeRatio": 0.1752237502, "eps": 3.77, "epsdiluted": 3.71, "weightedAverageShsOut": 49604249, "weightedAverageShsOutDil": 50372243, "link": "https://www.sec.gov/Archives/edgar/data/918646/000156459015004591/0001564590-15-004591-index.htm", "finalLink": "https://www.sec.gov/Archives/edgar/data/918646/000156459015004591/exp-10k_20150331.htm", "calculatedOtherExpenses": -3201000, "calculatedOperatingExpenses": 27550000, "calculatedNetInterest": -7890000, "calculatedOtherIncome": 34234000, "calculatedIncomeNonControlling": 0, "calculatedEbitda": 302882000}, {"date": "2014-03-31", "symbol": "EXP", "reportedCurrency": "USD", "cik": "0000918646", "fillingDate": "2014-05-23", "acceptedDate": "2014-05-23 16:39:04", "calendarYear": "2013", "period": "FY", "revenue": 898396000, "costOfRevenue": 712937000, "grossProfit": 185459000, "grossProfitRatio": 0.2064334659, "researchAndDevelopmentExpenses": 0, "generalAndAdministrativeExpenses": 24552000, "sellingAndMarketingExpenses": 0, "sellingGeneralAndAdministrativeExpenses": 24552000, "otherExpenses": -1368000, "operatingExpenses": 23184000, "costAndExpenses": 736121000, "interestIncome": 5000, "interestExpense": 18282000, "depreciationAndAmortization": 70021000, "ebitda": 200086000, "ebitdaratio": 0.2227147049, "operatingIncome": 162275000, "operatingIncomeRatio": 0.1806274739, "totalOtherIncomeExpensesNet": 37811000, "incomeBeforeTax": 181804000, "incomeBeforeTaxRatio": 0.202365104, "incomeTaxExpense": 57561000, "netIncome": 124243000, "netIncomeRatio": 0.1382942489, "eps": 2.53, "epsdiluted": 2.49, "weightedAverageShsOut": 49090750, "weightedAverageShsOutDil": 49939165, "link": "https://www.sec.gov/Archives/edgar/data/918646/000119312514211568/0001193125-14-211568-index.htm", "finalLink": "https://www.sec.gov/Archives/edgar/data/918646/000119312514211568/d693461d10k.htm", "calculatedOtherExpenses": -1368000, "calculatedOperatingExpenses": 23184000, "calculatedNetInterest": -18277000, "calculatedOtherIncome": 37806000, "calculatedIncomeNonControlling": 0, "calculatedEbitda": 232296000}, {"date": "2013-03-31", "symbol": "EXP", "reportedCurrency": "USD", "cik": "0000918646", "fillingDate": "2013-05-24", "acceptedDate": "2013-05-24 16:27:23", "calendarYear": "2012", "period": "FY", "revenue": 642562000, "costOfRevenue": 539317000, "grossProfit": 103245000, "grossProfitRatio": 0.160677102, "researchAndDevelopmentExpenses": 0, "generalAndAdministrativeExpenses": 23918000, "sellingAndMarketingExpenses": 0, "sellingGeneralAndAdministrativeExpenses": 23918000, "otherExpenses": 1232000, "operatingExpenses": 25150000, "costAndExpenses": 564467000, "interestIncome": 53000, "interestExpense": 15823000, "depreciationAndAmortization": 56850000, "ebitda": 110602000, "ebitdaratio": 0.1721265808, "operatingIncome": 78095000, "operatingIncomeRatio": 0.1215369101, "totalOtherIncomeExpensesNet": 21824000, "incomeBeforeTax": 84096000, "incomeBeforeTaxRatio": 0.1308760867, "incomeTaxExpense": 26352000, "netIncome": 57744000, "netIncomeRatio": 0.0898652581, "eps": 1.24, "epsdiluted": 1.22, "weightedAverageShsOut": 46622646, "weightedAverageShsOutDil": 47340450, "link": "https://www.sec.gov/Archives/edgar/data/918646/000119312513235755/0001193125-13-235755-index.htm", "finalLink": "https://www.sec.gov/Archives/edgar/data/918646/000119312513235755/d511909d10k.htm", "calculatedOtherExpenses": 1232000, "calculatedOperatingExpenses": 25150000, "calculatedNetInterest": -15770000, "calculatedOtherIncome": 21771000, "calculatedIncomeNonControlling": 0, "calculatedEbitda": 134945000}, {"date": "2012-03-31", "symbol": "EXP", "reportedCurrency": "USD", "cik": "0000918646", "fillingDate": "2012-05-25", "acceptedDate": "2012-05-25 16:08:15", "calendarYear": "2011", "period": "FY", "revenue": 495023000, "costOfRevenue": 454546000, "grossProfit": 40477000, "grossProfitRatio": 0.0817679179, "researchAndDevelopmentExpenses": 0, "generalAndAdministrativeExpenses": 19617000, "sellingAndMarketingExpenses": 0, "sellingGeneralAndAdministrativeExpenses": 19617000, "otherExpenses": -9117000, "operatingExpenses": 19261000, "costAndExpenses": 473807000, "interestIncome": 6000, "interestExpense": 16621000, "depreciationAndAmortization": 50124000, "ebitda": 40627000, "ebitdaratio": 0.0820709341, "operatingIncome": 21216000, "operatingIncomeRatio": 0.0428586147, "totalOtherIncomeExpensesNet": 17317000, "incomeBeforeTax": 21912000, "incomeBeforeTaxRatio": 0.0442646099, "incomeTaxExpense": 3180000, "netIncome": 18732000, "netIncomeRatio": 0.037840666, "eps": 0.42, "epsdiluted": 0.42, "weightedAverageShsOut": 44224924, "weightedAverageShsOutDil": 44515981, "link": "https://www.sec.gov/Archives/edgar/data/918646/000119312512249223/0001193125-12-249223-index.htm", "finalLink": "https://www.sec.gov/Archives/edgar/data/918646/000119312512249223/d312666d10k.htm", "calculatedOtherExpenses": -356000, "calculatedOperatingExpenses": 19261000, "calculatedNetInterest": -16615000, "calculatedOtherIncome": 17311000, "calculatedIncomeNonControlling": 0, "calculatedEbitda": 71340000}, {"date": "2011-03-31", "symbol": "EXP", "reportedCurrency": "USD", "cik": "0000918646", "fillingDate": "2011-05-26", "acceptedDate": "2011-05-26 16:57:15", "calendarYear": "2010", "period": "FY", "revenue": 462180000, "costOfRevenue": 426603000, "grossProfit": 35577000, "grossProfitRatio": 0.0769765027, "researchAndDevelopmentExpenses": 0, "generalAndAdministrativeExpenses": 16667000, "sellingAndMarketingExpenses": 0, "sellingGeneralAndAdministrativeExpenses": 16667000, "otherExpenses": 0, "operatingExpenses": 16667000, "costAndExpenses": 443270000, "interestIncome": 7000, "interestExpense": 16520000, "depreciationAndAmortization": 49212000, "ebitda": 67376000, "ebitdaratio": 0.1457787009, "operatingIncome": 18910000, "operatingIncomeRatio": 0.0409147951, "totalOtherIncomeExpensesNet": -9861000, "incomeBeforeTax": 16762000, "incomeBeforeTaxRatio": 0.0362672552, "incomeTaxExpense": 1913000, "netIncome": 14849000, "netIncomeRatio": 0.0321281752, "eps": 0.34, "epsdiluted": 0.34, "weightedAverageShsOut": 43891817, "weightedAverageShsOutDil": 44251276, "link": "https://www.sec.gov/Archives/edgar/data/918646/000119312511151814/0001193125-11-151814-index.htm", "finalLink": "https://www.sec.gov/Archives/edgar/data/918646/000119312511151814/d10k.htm", "calculatedOtherExpenses": 0, "calculatedOperatingExpenses": 16667000, "calculatedNetInterest": -16513000, "calculatedOtherIncome": 14365000, "calculatedIncomeNonControlling": 0, "calculatedEbitda": 68122000}, {"date": "2010-03-31", "symbol": "EXP", "reportedCurrency": "USD", "cik": "0000918646", "fillingDate": "2010-05-28", "acceptedDate": "2010-05-28 08:18:41", "calendarYear": "2009", "period": "FY", "revenue": 467905000, "costOfRevenue": 418580000, "grossProfit": 49325000, "grossProfitRatio": 0.1054166978, "researchAndDevelopmentExpenses": 0, "generalAndAdministrativeExpenses": 15886000, "sellingAndMarketingExpenses": 0, "sellingGeneralAndAdministrativeExpenses": 15886000, "otherExpenses": 0, "operatingExpenses": 15886000, "costAndExpenses": 15886000, "interestIncome": 41000, "interestExpense": 21155000, "depreciationAndAmortization": 50781000, "ebitda": 452019000, "ebitdaratio": 0.9660486637, "operatingIncome": 33439000, "operatingIncomeRatio": 0.0714653616, "totalOtherIncomeExpensesNet": 26972000, "incomeBeforeTax": 39297000, "incomeBeforeTaxRatio": 0.083984997, "incomeTaxExpense": 10347000, "netIncome": 28950000, "netIncomeRatio": 0.0618715338, "eps": 0.66, "epsdiluted": 0.66, "weightedAverageShsOut": 43684942, "weightedAverageShsOutDil": 44038401, "link": "https://www.sec.gov/Archives/edgar/data/918646/000095013010000595/0000950130-10-000595-index.htm", "finalLink": "https://www.sec.gov/Archives/edgar/data/918646/000095013010000595/d10k.htm", "calculatedOtherExpenses": 0, "calculatedOperatingExpenses": 15886000, "calculatedNetInterest": -21114000, "calculatedOtherIncome": 26972000, "calculatedIncomeNonControlling": 0, "calculatedEbitda": 84220000}, {"date": "2009-03-31", "symbol": "EXP", "reportedCurrency": "USD", "cik": "0000918646", "fillingDate": "2009-05-27", "acceptedDate": "2009-05-27 17:18:06", "calendarYear": "2008", "period": "FY", "revenue": 602182000, "costOfRevenue": 526604000, "grossProfit": 75578000, "grossProfitRatio": 0.1255069065, "researchAndDevelopmentExpenses": 0, "generalAndAdministrativeExpenses": 16901000, "sellingAndMarketingExpenses": 0, "sellingGeneralAndAdministrativeExpenses": 16901000, "otherExpenses": 0, "operatingExpenses": 16901000, "costAndExpenses": 543505000, "interestIncome": 447000, "interestExpense": 28473000, "depreciationAndAmortization": 51232000, "ebitda": 141888000, "ebitdaratio": 0.2356231173, "operatingIncome": 58677000, "operatingIncomeRatio": 0.0974406409, "totalOtherIncomeExpensesNet": 3506000, "incomeBeforeTax": 62183000, "incomeBeforeTaxRatio": 0.1032628009, "incomeTaxExpense": 20419000, "netIncome": 41764000, "netIncomeRatio": 0.0693544477, "eps": 0.96, "epsdiluted": 0.95, "weightedAverageShsOut": 43486728, "weightedAverageShsOutDil": 43879416, "link": "https://www.sec.gov/Archives/edgar/data/918646/000119312509119438/0001193125-09-119438-index.htm", "finalLink": "https://www.sec.gov/Archives/edgar/data/918646/000119312509119438/d10k.htm", "calculatedOtherExpenses": 0, "calculatedOperatingExpenses": 16901000, "calculatedNetInterest": -28026000, "calculatedOtherIncome": 31532000, "calculatedIncomeNonControlling": 0, "calculatedEbitda": 109909000}, {"date": "2008-03-31", "symbol": "EXP", "reportedCurrency": "USD", "cik": "0000918646", "fillingDate": "2008-05-29", "acceptedDate": "2008-05-29 17:21:08", "calendarYear": "2007", "period": "FY", "revenue": 749553000, "costOfRevenue": 599321000, "grossProfit": 150232000, "grossProfitRatio": 0.2004287889, "researchAndDevelopmentExpenses": 0, "generalAndAdministrativeExpenses": 18756000, "sellingAndMarketingExpenses": 0, "sellingGeneralAndAdministrativeExpenses": 18756000, "otherExpenses": 0, "operatingExpenses": 18756000, "costAndExpenses": 618077000, "interestIncome": 0, "interestExpense": 21074000, "depreciationAndAmortization": 44850000, "ebitda": 176786000, "ebitdaratio": 0.2358552364, "operatingIncome": 131476000, "operatingIncomeRatio": 0.1754058752, "totalOtherIncomeExpensesNet": 33522000, "incomeBeforeTax": 144384000, "incomeBeforeTaxRatio": 0.1926268056, "incomeTaxExpense": 46616000, "netIncome": 97768000, "netIncomeRatio": 0.1304350726, "eps": 2.15, "epsdiluted": 2.12, "weightedAverageShsOut": 45557094, "weightedAverageShsOutDil": 46145219, "link": "https://www.sec.gov/Archives/edgar/data/918646/000095013408010460/0000950134-08-010460-index.htm", "finalLink": "https://www.sec.gov/Archives/edgar/data/918646/000095013408010460/d57209e10vk.htm", "calculatedOtherExpenses": 0, "calculatedOperatingExpenses": 18756000, "calculatedNetInterest": -21074000, "calculatedOtherIncome": 33982000, "calculatedIncomeNonControlling": 0, "calculatedEbitda": 176326000}, {"date": "2007-03-31", "symbol": "EXP", "reportedCurrency": "USD", "cik": "0000918646", "fillingDate": "2007-05-29", "acceptedDate": "2007-05-29 16:51:13", "calendarYear": "2006", "period": "FY", "revenue": 922401000, "costOfRevenue": 625105000, "grossProfit": 297296000, "grossProfitRatio": 0.3223066757, "researchAndDevelopmentExpenses": 0, "generalAndAdministrativeExpenses": 20344000, "sellingAndMarketingExpenses": 0, "sellingGeneralAndAdministrativeExpenses": 20344000, "otherExpenses": 0, "operatingExpenses": 20344000, "costAndExpenses": 645449000, "interestIncome": 0, "interestExpense": 5429000, "depreciationAndAmortization": 40040000, "ebitda": 316992000, "ebitdaratio": 0.3436596448, "operatingIncome": 276952000, "operatingIncomeRatio": 0.3002511923, "totalOtherIncomeExpensesNet": 32765000, "incomeBeforeTax": 304288000, "incomeBeforeTaxRatio": 0.329886893, "incomeTaxExpense": 101624000, "netIncome": 202664000, "netIncomeRatio": 0.2197135519, "eps": 4.13, "epsdiluted": 4.07, "weightedAverageShsOut": 49071186, "weightedAverageShsOutDil": 49794595, "link": "https://www.sec.gov/Archives/edgar/data/918646/000095013407012499/0000950134-07-012499-index.htm", "finalLink": "https://www.sec.gov/Archives/edgar/data/918646/000095013407012499/d47008e10vk.htm", "calculatedOtherExpenses": 0, "calculatedOperatingExpenses": 20344000, "calculatedNetInterest": -5429000, "calculatedOtherIncome": 32765000, "calculatedIncomeNonControlling": 0, "calculatedEbitda": 316992000}, {"date": "2006-03-31", "symbol": "EXP", "reportedCurrency": "USD", "cik": "0000918646", "fillingDate": "2006-06-02", "acceptedDate": "2006-06-02 15:29:42", "calendarYear": "2005", "period": "FY", "revenue": 859702000, "costOfRevenue": 622102000, "grossProfit": 237600000, "grossProfitRatio": 0.2763748369, "researchAndDevelopmentExpenses": 0, "generalAndAdministrativeExpenses": 16370000, "sellingAndMarketingExpenses": 0, "sellingGeneralAndAdministrativeExpenses": 16370000, "otherExpenses": 0, "operatingExpenses": 16370000, "costAndExpenses": 638472000, "interestIncome": 0, "interestExpense": 6341000, "depreciationAndAmortization": 38599000, "ebitda": 260569000, "ebitdaratio": 0.3030922343, "operatingIncome": 221230000, "operatingIncomeRatio": 0.257333355, "totalOtherIncomeExpensesNet": 26177000, "incomeBeforeTax": 241066000, "incomeBeforeTaxRatio": 0.2804064664, "incomeTaxExpense": 80082000, "netIncome": 160984000, "netIncomeRatio": 0.1872555839, "eps": 3.06, "epsdiluted": 3.02, "weightedAverageShsOut": 52609150, "weightedAverageShsOutDil": 53305960, "link": "https://www.sec.gov/Archives/edgar/data/918646/000095013406010995/0000950134-06-010995-index.htm", "finalLink": "https://www.sec.gov/Archives/edgar/data/918646/000095013406010995/d36609e10vk.htm", "calculatedOtherExpenses": 0, "calculatedOperatingExpenses": 16370000, "calculatedNetInterest": -6341000, "calculatedOtherIncome": 26177000, "calculatedIncomeNonControlling": 0, "calculatedEbitda": 259829000}, {"date": "2005-03-31", "symbol": "EXP", "reportedCurrency": "USD", "cik": "0000918646", "fillingDate": "2005-06-10", "acceptedDate": "2005-06-10 17:21:09", "calendarYear": "2004", "period": "FY", "revenue": 616541000, "costOfRevenue": 470889000, "grossProfit": 145652000, "grossProfitRatio": 0.2362405744, "researchAndDevelopmentExpenses": 0, "generalAndAdministrativeExpenses": 10280000, "sellingAndMarketingExpenses": 0, "sellingGeneralAndAdministrativeExpenses": 10280000, "otherExpenses": 0, "operatingExpenses": 10280000, "costAndExpenses": 481169000, "interestIncome": 0, "interestExpense": 3290000, "depreciationAndAmortization": 34496000, "ebitda": 170782000, "ebitdaratio": 0.2770002319, "operatingIncome": 135372000, "operatingIncomeRatio": 0.2195669063, "totalOtherIncomeExpensesNet": 26007000, "incomeBeforeTax": 158089000, "incomeBeforeTaxRatio": 0.2564127933, "incomeTaxExpense": 51402000, "netIncome": 106687000, "netIncomeRatio": 0.1730412089, "eps": 1.93, "epsdiluted": 1.91, "weightedAverageShsOut": 55278238, "weightedAverageShsOutDil": 55857068, "link": "https://www.sec.gov/Archives/edgar/data/918646/000095013405011814/0000950134-05-011814-index.htm", "finalLink": "https://www.sec.gov/Archives/edgar/data/918646/000095013405011814/d26158e10vk.htm", "calculatedOtherExpenses": 0, "calculatedOperatingExpenses": 10280000, "calculatedNetInterest": -3290000, "calculatedOtherIncome": 26007000, "calculatedIncomeNonControlling": 0, "calculatedEbitda": 169868000}, {"date": "2004-03-31", "symbol": "EXP", "reportedCurrency": "USD", "cik": "0000918646", "fillingDate": "2004-06-14", "acceptedDate": "2004-06-14 15:01:31", "calendarYear": "2003", "period": "FY", "revenue": 502622000, "costOfRevenue": 411324000, "grossProfit": 91298000, "grossProfitRatio": 0.1816434617, "researchAndDevelopmentExpenses": 0, "generalAndAdministrativeExpenses": 9272000, "sellingAndMarketingExpenses": 0, "sellingGeneralAndAdministrativeExpenses": 9272000, "otherExpenses": 0, "operatingExpenses": 9272000, "costAndExpenses": 420596000, "interestIncome": 0, "interestExpense": 3814000, "depreciationAndAmortization": 33022000, "ebitda": 115048000, "ebitdaratio": 0.2288956711, "operatingIncome": 82026000, "operatingIncomeRatio": 0.1631961991, "totalOtherIncomeExpensesNet": 23911000, "incomeBeforeTax": 102123000, "incomeBeforeTaxRatio": 0.2031805213, "incomeTaxExpense": 35222000, "netIncome": 66901000, "netIncomeRatio": 0.1331040026, "eps": 1.2, "epsdiluted": 1.19, "weightedAverageShsOut": 55750833, "weightedAverageShsOutDil": 56219328, "link": "https://www.sec.gov/Archives/edgar/data/918646/000095013404008774/0000950134-04-008774-index.htm", "finalLink": "https://www.sec.gov/Archives/edgar/data/918646/000095013404008774/d15917e10vk.htm", "calculatedOtherExpenses": 0, "calculatedOperatingExpenses": 9272000, "calculatedNetInterest": -3814000, "calculatedOtherIncome": 23911000, "calculatedIncomeNonControlling": 0, "calculatedEbitda": 115048000}, {"date": "2003-03-31", "symbol": "EXP", "reportedCurrency": "USD", "cik": "0000918646", "fillingDate": "2003-06-23", "acceptedDate": "2003-06-23 17:18:39", "calendarYear": "2002", "period": "FY", "revenue": 501257000, "costOfRevenue": 399400000, "grossProfit": 101857000, "grossProfitRatio": 0.2032031473, "researchAndDevelopmentExpenses": 0, "generalAndAdministrativeExpenses": 0, "sellingAndMarketingExpenses": 0, "sellingGeneralAndAdministrativeExpenses": 5654000, "otherExpenses": 0, "operatingExpenses": 5654000, "costAndExpenses": 405054000, "interestIncome": 0, "interestExpense": 0, "depreciationAndAmortization": 36791000, "ebitda": 132994000, "ebitdaratio": 0.265320983, "operatingIncome": 96203000, "operatingIncomeRatio": 0.1919235043, "totalOtherIncomeExpensesNet": -9590000, "incomeBeforeTax": 86613000, "incomeBeforeTaxRatio": 0.1727916019, "incomeTaxExpense": 29007000, "netIncome": 57606000, "netIncomeRatio": 0.1149230834, "eps": 1.04, "epsdiluted": 1.04, "weightedAverageShsOut": 55213419, "weightedAverageShsOutDil": 55568489, "link": "https://www.sec.gov/Archives/edgar/data/918646/000095013403009402/0000950134-03-009402-index.htm", "finalLink": "https://www.sec.gov/Archives/edgar/data/918646/000095013403009402/d06728e10vk.htm", "calculatedOtherExpenses": 0, "calculatedOperatingExpenses": 5654000, "calculatedNetInterest": 0, "calculatedOtherIncome": -9590000, "calculatedIncomeNonControlling": 0, "calculatedEbitda": 132994000}, {"date": "2002-03-31", "symbol": "EXP", "reportedCurrency": "USD", "cik": "0000918646", "fillingDate": "2002-06-24", "acceptedDate": "2002-06-24 17:10:09", "calendarYear": "2001", "period": "FY", "revenue": 471083000, "costOfRevenue": 392244000, "grossProfit": 78839000, "grossProfitRatio": 0.1673569201, "researchAndDevelopmentExpenses": 0, "generalAndAdministrativeExpenses": 5486000, "sellingAndMarketingExpenses": 0, "sellingGeneralAndAdministrativeExpenses": 5486000, "otherExpenses": 0, "operatingExpenses": 5486000, "costAndExpenses": 397730000, "interestIncome": 0, "interestExpense": 0, "depreciationAndAmortization": 35808000, "ebitda": 109161000, "ebitdaratio": 0.2317234967, "operatingIncome": 73353000, "operatingIncomeRatio": 0.1557114139, "totalOtherIncomeExpensesNet": -13654000, "incomeBeforeTax": 59699000, "incomeBeforeTaxRatio": 0.1267271373, "incomeTaxExpense": 19993000, "netIncome": 39706000, "netIncomeRatio": 0.0842866331, "eps": 0.72, "epsdiluted": 0.72, "weightedAverageShsOut": 55046985, "weightedAverageShsOutDil": 55147222, "link": "https://www.sec.gov/Archives/edgar/data/918646/000095013402007554/0000950134-02-007554-index.htm", "finalLink": "https://www.sec.gov/Archives/edgar/data/918646/000095013402007554/d97649e10vk.htm", "calculatedOtherExpenses": 0, "calculatedOperatingExpenses": 5486000, "calculatedNetInterest": 0, "calculatedOtherIncome": -13654000, "calculatedIncomeNonControlling": 0, "calculatedEbitda": 109161000}, {"date": "2001-03-31", "symbol": "EXP", "reportedCurrency": "USD", "cik": "0000918646", "fillingDate": "2001-06-27", "acceptedDate": "2001-06-27 00:00:00", "calendarYear": "2000", "period": "FY", "revenue": 441127000, "costOfRevenue": 316950000, "grossProfit": 124177000, "grossProfitRatio": 0.2814994321, "researchAndDevelopmentExpenses": 0, "generalAndAdministrativeExpenses": 4691000, "sellingAndMarketingExpenses": 0, "sellingGeneralAndAdministrativeExpenses": 4691000, "otherExpenses": 24871000, "operatingExpenses": 29562000, "costAndExpenses": 346512000, "interestIncome": 0, "interestExpense": 0, "depreciationAndAmortization": 24871000, "ebitda": 119766000, "ebitdaratio": 0.2715000442, "operatingIncome": 94615000, "operatingIncomeRatio": 0.2144847176, "totalOtherIncomeExpensesNet": -280000, "incomeBeforeTax": 92263000, "incomeBeforeTaxRatio": 0.2091529197, "incomeTaxExpense": 32834000, "netIncome": 59429000, "netIncomeRatio": 0.13472084, "eps": 1.08, "epsdiluted": 1.07, "weightedAverageShsOut": 55285641, "weightedAverageShsOutDil": 55368634, "link": "https://www.sec.gov/Archives/edgar/data/918646/000095013401503553/0000950134-01-503553-index.htm", "finalLink": "https://www.sec.gov/Archives/edgar/data/918646/000095013401503553/d88409e10-k405.htm", "calculatedOtherExpenses": 24871000, "calculatedOperatingExpenses": 29562000, "calculatedNetInterest": 0, "calculatedOtherIncome": -2352000, "calculatedIncomeNonControlling": 0, "calculatedEbitda": 119486000}, {"date": "2000-03-31", "symbol": "EXP", "reportedCurrency": "USD", "cik": "0000918646", "fillingDate": "2000-06-21", "acceptedDate": "2000-06-21 00:00:00", "calendarYear": "1999", "period": "FY", "revenue": 418695000, "costOfRevenue": 228983000, "grossProfit": 189712000, "grossProfitRatio": 0.4531030941, "researchAndDevelopmentExpenses": 0, "generalAndAdministrativeExpenses": 4683000, "sellingAndMarketingExpenses": 0, "sellingGeneralAndAdministrativeExpenses": 4683000, "otherExpenses": 18589000, "operatingExpenses": 23272000, "costAndExpenses": 252255000, "interestIncome": 0, "interestExpense": 0, "depreciationAndAmortization": 18589000, "ebitda": 185029000, "ebitdaratio": 0.4419183415, "operatingIncome": 166440000, "operatingIncomeRatio": 0.3975208684, "totalOtherIncomeExpensesNet": 3737000, "incomeBeforeTax": 170177000, "incomeBeforeTaxRatio": 0.4064462198, "incomeTaxExpense": 61945000, "netIncome": 108232000, "netIncomeRatio": 0.2584984296, "eps": 1.89, "epsdiluted": 1.88, "weightedAverageShsOut": 57366784, "weightedAverageShsOutDil": 57672469, "link": "https://www.sec.gov/Archives/edgar/data/918646/000095013400005170/0000950134-00-005170-index.htm", "finalLink": "https://www.sec.gov/Archives/edgar/data/918646/000095013400005170/0000950134-00-005170-0001.txt", "calculatedOtherExpenses": 18589000, "calculatedOperatingExpenses": 23272000, "calculatedNetInterest": 0, "calculatedOtherIncome": 3737000, "calculatedIncomeNonControlling": 0, "calculatedEbitda": 185029000}, {"date": "1999-03-31", "symbol": "EXP", "reportedCurrency": "USD", "cik": "0000918646", "fillingDate": "1999-06-18", "acceptedDate": "1999-06-18 00:00:00", "calendarYear": "1998", "period": "FY", "revenue": 336100000, "costOfRevenue": 197400000, "grossProfit": 138700000, "grossProfitRatio": 0.4126747992, "researchAndDevelopmentExpenses": 0, "generalAndAdministrativeExpenses": 4400000, "sellingAndMarketingExpenses": 0, "sellingGeneralAndAdministrativeExpenses": 4400000, "otherExpenses": 16200000, "operatingExpenses": 20600000, "costAndExpenses": 218000000, "interestIncome": 0, "interestExpense": 0, "depreciationAndAmortization": 16200000, "ebitda": 131300000, "ebitdaratio": 0.3906575424, "operatingIncome": 118100000, "operatingIncomeRatio": 0.3513835168, "totalOtherIncomeExpensesNet": 3000000, "incomeBeforeTax": 121100000, "incomeBeforeTaxRatio": 0.3603094317, "incomeTaxExpense": 43800000, "netIncome": 77300000, "netIncomeRatio": 0.2299910741, "eps": 1.24, "epsdiluted": 1.24, "weightedAverageShsOut": 62171582, "weightedAverageShsOutDil": 62506739, "link": "https://www.sec.gov/Archives/edgar/data/918646/000095013499005580/0000950134-99-005580-index.html", "finalLink": "https://www.sec.gov/Archives/edgar/data/918646/000095013499005580/", "calculatedOtherExpenses": 16200000, "calculatedOperatingExpenses": 20600000, "calculatedNetInterest": 0, "calculatedOtherIncome": 3000000, "calculatedIncomeNonControlling": 0, "calculatedEbitda": 134300000}, {"date": "1998-03-31", "symbol": "EXP", "reportedCurrency": "USD", "cik": "0000918646", "fillingDate": "1998-06-22", "acceptedDate": "1998-06-22 00:00:00", "calendarYear": "1997", "period": "FY", "revenue": 297300000, "costOfRevenue": 191000000, "grossProfit": 106300000, "grossProfitRatio": 0.357551295, "researchAndDevelopmentExpenses": 0, "generalAndAdministrativeExpenses": 3800000, "sellingAndMarketingExpenses": 0, "sellingGeneralAndAdministrativeExpenses": 3800000, "otherExpenses": 15900000, "operatingExpenses": 19700000, "costAndExpenses": 210700000, "interestIncome": 0, "interestExpense": 0, "depreciationAndAmortization": 15900000, "ebitda": 100700000, "ebitdaratio": 0.3387151026, "operatingIncome": 86600000, "operatingIncomeRatio": 0.291288261, "totalOtherIncomeExpensesNet": 1800000, "incomeBeforeTax": 88300000, "incomeBeforeTaxRatio": 0.2970063909, "incomeTaxExpense": 31800000, "netIncome": 56500000, "netIncomeRatio": 0.1900437269, "eps": 0.86, "epsdiluted": 0.85, "weightedAverageShsOut": 65697674, "weightedAverageShsOutDil": 66210938, "link": "https://www.sec.gov/Archives/edgar/data/918646/000095013498005409/0000950134-98-005409-index.html", "finalLink": "https://www.sec.gov/Archives/edgar/data/918646/", "calculatedOtherExpenses": 15900000, "calculatedOperatingExpenses": 19700000, "calculatedNetInterest": 0, "calculatedOtherIncome": 1700000, "calculatedIncomeNonControlling": 0, "calculatedEbitda": 102500000}, {"date": "1997-03-31", "symbol": "EXP", "reportedCurrency": "USD", "cik": "0000918646", "fillingDate": "1997-06-27", "acceptedDate": "1997-06-27 00:00:00", "calendarYear": "1996", "period": "FY", "revenue": 239400000, "costOfRevenue": 158700000, "grossProfit": 80700000, "grossProfitRatio": 0.3370927318, "researchAndDevelopmentExpenses": 0, "generalAndAdministrativeExpenses": 3900000, "sellingAndMarketingExpenses": 0, "sellingGeneralAndAdministrativeExpenses": 3900000, "otherExpenses": 13800000, "operatingExpenses": 17700000, "costAndExpenses": 176400000, "interestIncome": 0, "interestExpense": 0, "depreciationAndAmortization": 13800000, "ebitda": 75400000, "ebitdaratio": 0.3149540518, "operatingIncome": 63000000, "operatingIncomeRatio": 0.2631578947, "totalOtherIncomeExpensesNet": 1400000, "incomeBeforeTax": 64400000, "incomeBeforeTaxRatio": 0.269005848, "incomeTaxExpense": 22600000, "netIncome": 41800000, "netIncomeRatio": 0.1746031746, "eps": 0.63, "epsdiluted": 0.63, "weightedAverageShsOut": 66349206, "weightedAverageShsOutDil": 66495066, "link": "https://www.sec.gov/Archives/edgar/data/918646/000095013497004973/0000950134-97-004973-index.html", "finalLink": "https://www.sec.gov/Archives/edgar/data/918646/", "calculatedOtherExpenses": 13800000, "calculatedOperatingExpenses": 17700000, "calculatedNetInterest": 0, "calculatedOtherIncome": 1400000, "calculatedIncomeNonControlling": 0, "calculatedEbitda": 76800000}, {"date": "1996-03-31", "symbol": "EXP", "reportedCurrency": "USD", "cik": "0000918646", "fillingDate": "1996-03-31", "acceptedDate": "1996-03-30 19:00:00", "calendarYear": "1995", "period": "FY", "revenue": 222600000, "costOfRevenue": 153200000, "grossProfit": 69400000, "grossProfitRatio": 0.311769991, "researchAndDevelopmentExpenses": 0, "generalAndAdministrativeExpenses": 0, "sellingAndMarketingExpenses": 0, "sellingGeneralAndAdministrativeExpenses": 2500000, "otherExpenses": 13800000, "operatingExpenses": 16300000, "costAndExpenses": 169500000, "interestIncome": 0, "interestExpense": 0, "depreciationAndAmortization": 13800000, "ebitda": 66900000, "ebitdaratio": 0.3005390836, "operatingIncome": 53100000, "operatingIncomeRatio": 0.2385444744, "totalOtherIncomeExpensesNet": -800000, "incomeBeforeTax": 52300000, "incomeBeforeTaxRatio": 0.234950584, "incomeTaxExpense": 18400000, "netIncome": 33900000, "netIncomeRatio": 0.1522911051, "eps": 0.49, "epsdiluted": 0.49, "weightedAverageShsOut": 68785001, "weightedAverageShsOutDil": 69252926, "link": "", "finalLink": "", "calculatedOtherExpenses": 13800000, "calculatedOperatingExpenses": 16300000, "calculatedNetInterest": 0, "calculatedOtherIncome": -800000, "calculatedIncomeNonControlling": 0, "calculatedEbitda": 66900000}, {"date": "1995-03-31", "symbol": "EXP", "reportedCurrency": "USD", "cik": "0000918646", "fillingDate": "1995-03-31", "acceptedDate": "1995-03-30 19:00:00", "calendarYear": "1994", "period": "FY", "revenue": 194300000, "costOfRevenue": 142300000, "grossProfit": 52000000, "grossProfitRatio": 0.2676273803, "researchAndDevelopmentExpenses": 0, "generalAndAdministrativeExpenses": 0, "sellingAndMarketingExpenses": 0, "sellingGeneralAndAdministrativeExpenses": 2300000, "otherExpenses": 14600000, "operatingExpenses": 16900000, "costAndExpenses": 159200000, "interestIncome": 0, "interestExpense": 0, "depreciationAndAmortization": 14600000, "ebitda": 49700000, "ebitdaratio": 0.2557900154, "operatingIncome": 35100000, "operatingIncomeRatio": 0.1806484817, "totalOtherIncomeExpensesNet": -1300000, "incomeBeforeTax": 33800000, "incomeBeforeTaxRatio": 0.1739577972, "incomeTaxExpense": 12000000, "netIncome": 21800000, "netIncomeRatio": 0.1121976325, "eps": 0.32, "epsdiluted": 0.32, "weightedAverageShsOut": 68911016, "weightedAverageShsOutDil": 68911016, "link": "", "finalLink": "", "calculatedOtherExpenses": 14600000, "calculatedOperatingExpenses": 16900000, "calculatedNetInterest": 0, "calculatedOtherIncome": -1300000, "calculatedIncomeNonControlling": 0, "calculatedEbitda": 49700000}, {"date": "1994-03-31", "symbol": "EXP", "reportedCurrency": "USD", "cik": "0000918646", "fillingDate": "1994-03-31", "acceptedDate": "1994-03-30 19:00:00", "calendarYear": "1993", "period": "FY", "revenue": 166800000, "costOfRevenue": 133600000, "grossProfit": 33200000, "grossProfitRatio": 0.1990407674, "researchAndDevelopmentExpenses": 0, "generalAndAdministrativeExpenses": 0, "sellingAndMarketingExpenses": 0, "sellingGeneralAndAdministrativeExpenses": 1800000, "otherExpenses": 14500000, "operatingExpenses": 16300000, "costAndExpenses": 149900000, "interestIncome": 0, "interestExpense": 0, "depreciationAndAmortization": 14500000, "ebitda": 31400000, "ebitdaratio": 0.1882494005, "operatingIncome": 16900000, "operatingIncomeRatio": 0.1013189448, "totalOtherIncomeExpensesNet": -400000, "incomeBeforeTax": 16500000, "incomeBeforeTaxRatio": 0.0989208633, "incomeTaxExpense": 6300000, "netIncome": 10200000, "netIncomeRatio": 0.0611510791, "eps": 0.14, "epsdiluted": 0.14, "weightedAverageShsOut": 71234025, "weightedAverageShsOutDil": 71234025, "link": "", "finalLink": "", "calculatedOtherExpenses": 14500000, "calculatedOperatingExpenses": 16300000, "calculatedNetInterest": 0, "calculatedOtherIncome": -400000, "calculatedIncomeNonControlling": 0, "calculatedEbitda": 31400000}]}