{"originalCurrency": "USD", "convertedCurrency": "USD", "report": [{"date": "2023-12-31", "symbol": "EXPD", "reportedCurrency": "USD", "cik": "0000746515", "fillingDate": "2024-02-23", "acceptedDate": "2024-02-23 16:18:45", "calendarYear": "2023", "period": "FY", "revenue": 9300110000, "costOfRevenue": 7822276000, "grossProfit": 1477834000, "grossProfitRatio": 0.1589050022, "researchAndDevelopmentExpenses": 0, "generalAndAdministrativeExpenses": 509988000, "sellingAndMarketingExpenses": 27913000, "sellingGeneralAndAdministrativeExpenses": 537901000, "otherExpenses": 9444000, "operatingExpenses": 537901000, "costAndExpenses": 8360177000, "interestIncome": 70451000, "interestExpense": 4800000, "depreciationAndAmortization": 67760000, "ebitda": 1007693000, "ebitdaratio": 0.1083528044, "operatingIncome": 939933000, "operatingIncomeRatio": 0.1010668691, "totalOtherIncomeExpensesNet": 75095000, "incomeBeforeTax": 1015028000, "incomeBeforeTaxRatio": 0.1091415048, "incomeTaxExpense": 263249000, "netIncome": 752883000, "netIncomeRatio": 0.0809542038, "eps": 5.05, "epsdiluted": 5.01, "weightedAverageShsOut": 149141000, "weightedAverageShsOutDil": 150186000, "link": "https://www.sec.gov/Archives/edgar/data/746515/000095017024019394/0000950170-24-019394-index.htm", "finalLink": "https://www.sec.gov/Archives/edgar/data/746515/000095017024019394/expd-20231231.htm", "calculatedOtherExpenses": 0, "calculatedOperatingExpenses": 537901000, "calculatedNetInterest": 65651000, "calculatedOtherIncome": 9444000, "calculatedIncomeNonControlling": -1104000, "calculatedEbitda": 1007693000}, {"date": "2022-12-31", "symbol": "EXPD", "reportedCurrency": "USD", "cik": "0000746515", "fillingDate": "2023-03-01", "acceptedDate": "2023-03-01 12:48:18", "calendarYear": "2022", "period": "FY", "revenue": 17071284000, "costOfRevenue": 14900154000, "grossProfit": 2171130000, "grossProfitRatio": 0.1271802402, "researchAndDevelopmentExpenses": 0, "generalAndAdministrativeExpenses": 0, "sellingAndMarketingExpenses": 24293000, "sellingGeneralAndAdministrativeExpenses": 24293000, "otherExpenses": 322466000, "operatingExpenses": 346759000, "costAndExpenses": 15246913000, "interestIncome": 25554000, "interestExpense": 23277000, "depreciationAndAmortization": 92135000, "ebitda": 1916506000, "ebitdaratio": 0.1122649005, "operatingIncome": 1824371000, "operatingIncomeRatio": 0.1068678255, "totalOtherIncomeExpensesNet": 11520000, "incomeBeforeTax": 1835891000, "incomeBeforeTaxRatio": 0.107542643, "incomeTaxExpense": 475286000, "netIncome": 1357399000, "netIncomeRatio": 0.0795135855, "eps": 8.33, "epsdiluted": 8.26, "weightedAverageShsOut": 163010000, "weightedAverageShsOutDil": 164427000, "link": "https://www.sec.gov/Archives/edgar/data/746515/000095017023005412/0000950170-23-005412-index.htm", "finalLink": "https://www.sec.gov/Archives/edgar/data/746515/000095017023005412/expd-20221231.htm", "calculatedOtherExpenses": 322466000, "calculatedOperatingExpenses": 346759000, "calculatedNetInterest": 2277000, "calculatedOtherIncome": 9243000, "calculatedIncomeNonControlling": 3206000, "calculatedEbitda": 1916506000}, {"date": "2021-12-31", "symbol": "EXPD", "reportedCurrency": "USD", "cik": "0000746515", "fillingDate": "2022-03-15", "acceptedDate": "2022-03-15 16:10:21", "calendarYear": "2021", "period": "FY", "revenue": 16523517000, "costOfRevenue": 14358105000, "grossProfit": 2165412000, "grossProfitRatio": 0.1310503085, "researchAndDevelopmentExpenses": 0, "generalAndAdministrativeExpenses": 0, "sellingAndMarketingExpenses": 16026000, "sellingGeneralAndAdministrativeExpenses": 16026000, "otherExpenses": 240060000, "operatingExpenses": 256086000, "costAndExpenses": 14614191000, "interestIncome": 8807000, "interestExpense": 411000, "depreciationAndAmortization": 51312000, "ebitda": 1960638000, "ebitdaratio": 0.1186574263, "operatingIncome": 1909326000, "operatingIncomeRatio": 0.1155520341, "totalOtherIncomeExpensesNet": 15290000, "incomeBeforeTax": 1924616000, "incomeBeforeTaxRatio": 0.1164773819, "incomeTaxExpense": 505771000, "netIncome": 1415492000, "netIncomeRatio": 0.0856652975, "eps": 8.37, "epsdiluted": 8.27, "weightedAverageShsOut": 169145000, "weightedAverageShsOutDil": 171250000, "link": "https://www.sec.gov/Archives/edgar/data/746515/000156459022010381/0001564590-22-010381-index.htm", "finalLink": "https://www.sec.gov/Archives/edgar/data/746515/000156459022010381/expd-10k_20211231.htm", "calculatedOtherExpenses": 240060000, "calculatedOperatingExpenses": 256086000, "calculatedNetInterest": 8396000, "calculatedOtherIncome": 6894000, "calculatedIncomeNonControlling": 3353000, "calculatedEbitda": 1960638000}, {"date": "2020-12-31", "symbol": "EXPD", "reportedCurrency": "USD", "cik": "0000746515", "fillingDate": "2021-02-19", "acceptedDate": "2021-02-19 15:37:34", "calendarYear": "2020", "period": "FY", "revenue": 10116481000, "costOfRevenue": 8953716000, "grossProfit": 1162765000, "grossProfitRatio": 0.1149376942, "researchAndDevelopmentExpenses": 0, "generalAndAdministrativeExpenses": 0, "sellingAndMarketingExpenses": 18436000, "sellingGeneralAndAdministrativeExpenses": 18436000, "otherExpenses": 203892000, "operatingExpenses": 222328000, "costAndExpenses": 9176044000, "interestIncome": 10415000, "interestExpense": 219000, "depreciationAndAmortization": 56959000, "ebitda": 997396000, "ebitdaratio": 0.0985911998, "operatingIncome": 940437000, "operatingIncomeRatio": 0.0929608823, "totalOtherIncomeExpensesNet": 16127000, "incomeBeforeTax": 956564000, "incomeBeforeTaxRatio": 0.0945550137, "incomeTaxExpense": 258350000, "netIncome": 696140000, "netIncomeRatio": 0.0688124655, "eps": 4.14, "epsdiluted": 4.07, "weightedAverageShsOut": 168333000, "weightedAverageShsOutDil": 170896000, "link": "https://www.sec.gov/Archives/edgar/data/746515/000156459021006925/0001564590-21-006925-index.htm", "finalLink": "https://www.sec.gov/Archives/edgar/data/746515/000156459021006925/expd-10k_20201231.htm", "calculatedOtherExpenses": 203892000, "calculatedOperatingExpenses": 222328000, "calculatedNetInterest": 10196000, "calculatedOtherIncome": 5931000, "calculatedIncomeNonControlling": 2074000, "calculatedEbitda": 997396000}, {"date": "2019-12-31", "symbol": "EXPD", "reportedCurrency": "USD", "cik": "0000746515", "fillingDate": "2020-02-21", "acceptedDate": "2020-02-21 15:01:31", "calendarYear": "2019", "period": "FY", "revenue": 8175426000, "costOfRevenue": 7178405000, "grossProfit": 997021000, "grossProfitRatio": 0.1219534003, "researchAndDevelopmentExpenses": 0, "generalAndAdministrativeExpenses": 0, "sellingAndMarketingExpenses": 44002000, "sellingGeneralAndAdministrativeExpenses": 44002000, "otherExpenses": 186327000, "operatingExpenses": 230329000, "costAndExpenses": 7408734000, "interestIncome": 22803000, "interestExpense": 0, "depreciationAndAmortization": 50950000, "ebitda": 817642000, "ebitdaratio": 0.1000121584, "operatingIncome": 766692000, "operatingIncomeRatio": 0.0937800672, "totalOtherIncomeExpensesNet": 29102000, "incomeBeforeTax": 795794000, "incomeBeforeTaxRatio": 0.0973397594, "incomeTaxExpense": 203778000, "netIncome": 590395000, "netIncomeRatio": 0.0722158087, "eps": 3.45, "epsdiluted": 3.39, "weightedAverageShsOut": 170899000, "weightedAverageShsOutDil": 174209000, "link": "https://www.sec.gov/Archives/edgar/data/746515/000156459020005719/0001564590-20-005719-index.htm", "finalLink": "https://www.sec.gov/Archives/edgar/data/746515/000156459020005719/expd-10k_20191231.htm", "calculatedOtherExpenses": 186327000, "calculatedOperatingExpenses": 230329000, "calculatedNetInterest": 22803000, "calculatedOtherIncome": 6299000, "calculatedIncomeNonControlling": 1621000, "calculatedEbitda": 817642000}, {"date": "2018-12-31", "symbol": "EXPD", "reportedCurrency": "USD", "cik": "0000746515", "fillingDate": "2019-02-22", "acceptedDate": "2019-02-22 11:48:37", "calendarYear": "2018", "period": "FY", "revenue": 8138365000, "costOfRevenue": 7118083000, "grossProfit": 1020282000, "grossProfitRatio": 0.1253669502, "researchAndDevelopmentExpenses": 0, "generalAndAdministrativeExpenses": 0, "sellingAndMarketingExpenses": 45346000, "sellingGeneralAndAdministrativeExpenses": 45346000, "otherExpenses": 2613000, "operatingExpenses": 223719000, "costAndExpenses": 7341802000, "interestIncome": 19153000, "interestExpense": 19153000, "depreciationAndAmortization": 54019000, "ebitda": 850582000, "ebitdaratio": 0.1045150961, "operatingIncome": 796563000, "operatingIncomeRatio": 0.0978775221, "totalOtherIncomeExpensesNet": 2613000, "incomeBeforeTax": 818329000, "incomeBeforeTaxRatio": 0.1005520151, "incomeTaxExpense": 198539000, "netIncome": 618199000, "netIncomeRatio": 0.0759610806, "eps": 3.55, "epsdiluted": 3.48, "weightedAverageShsOut": 174133000, "weightedAverageShsOutDil": 177833000, "link": "https://www.sec.gov/Archives/edgar/data/746515/000074651519000004/0000746515-19-000004-index.htm", "finalLink": "https://www.sec.gov/Archives/edgar/data/746515/000074651519000004/a201810-k.htm", "calculatedOtherExpenses": 178373000, "calculatedOperatingExpenses": 223719000, "calculatedNetInterest": 0, "calculatedOtherIncome": 21766000, "calculatedIncomeNonControlling": 1591000, "calculatedEbitda": 850582000}, {"date": "2017-12-31", "symbol": "EXPD", "reportedCurrency": "USD", "cik": "0000746515", "fillingDate": "2018-02-23", "acceptedDate": "2018-02-23 10:05:38", "calendarYear": "2017", "period": "FY", "revenue": 6920948000, "costOfRevenue": 6037921000, "grossProfit": 883027000, "grossProfitRatio": 0.127587579, "researchAndDevelopmentExpenses": 0, "generalAndAdministrativeExpenses": 0, "sellingAndMarketingExpenses": 44290000, "sellingGeneralAndAdministrativeExpenses": 44290000, "otherExpenses": 5131000, "operatingExpenses": 182767000, "costAndExpenses": 6220688000, "interestIncome": 13204000, "interestExpense": 13204000, "depreciationAndAmortization": 49310000, "ebitda": 749570000, "ebitdaratio": 0.1083045271, "operatingIncome": 700260000, "operatingIncomeRatio": 0.1011797806, "totalOtherIncomeExpensesNet": 5131000, "incomeBeforeTax": 718595000, "incomeBeforeTaxRatio": 0.1038289841, "incomeTaxExpense": 228212000, "netIncome": 489345000, "netIncomeRatio": 0.0707049092, "eps": 2.73, "epsdiluted": 2.69, "weightedAverageShsOut": 179247000, "weightedAverageShsOutDil": 181666000, "link": "https://www.sec.gov/Archives/edgar/data/746515/000074651518000004/0000746515-18-000004-index.htm", "finalLink": "https://www.sec.gov/Archives/edgar/data/746515/000074651518000004/a201710-k.htm", "calculatedOtherExpenses": 138477000, "calculatedOperatingExpenses": 182767000, "calculatedNetInterest": 0, "calculatedOtherIncome": 18335000, "calculatedIncomeNonControlling": 1038000, "calculatedEbitda": 749570000}, {"date": "2016-12-31", "symbol": "EXPD", "reportedCurrency": "USD", "cik": "0000746515", "fillingDate": "2017-02-23", "acceptedDate": "2017-02-23 16:12:35", "calendarYear": "2016", "period": "FY", "revenue": 6098037000, "costOfRevenue": 5247244000, "grossProfit": 850793000, "grossProfitRatio": 0.13951916, "researchAndDevelopmentExpenses": 0, "generalAndAdministrativeExpenses": 0, "sellingAndMarketingExpenses": 41763000, "sellingGeneralAndAdministrativeExpenses": 41763000, "otherExpenses": 5113000, "operatingExpenses": 180630000, "costAndExpenses": 5427874000, "interestIncome": 11580000, "interestExpense": 11580000, "depreciationAndAmortization": 46796000, "ebitda": 716959000, "ebitdaratio": 0.1175720974, "operatingIncome": 670163000, "operatingIncomeRatio": 0.1098981525, "totalOtherIncomeExpensesNet": 5113000, "incomeBeforeTax": 686856000, "incomeBeforeTaxRatio": 0.1126355908, "incomeTaxExpense": 254323000, "netIncome": 430807000, "netIncomeRatio": 0.0706468327, "eps": 2.38, "epsdiluted": 2.36, "weightedAverageShsOut": 181282000, "weightedAverageShsOutDil": 182704000, "link": "https://www.sec.gov/Archives/edgar/data/746515/000074651517000007/0000746515-17-000007-index.htm", "finalLink": "https://www.sec.gov/Archives/edgar/data/746515/000074651517000007/a201610-k.htm", "calculatedOtherExpenses": 138867000, "calculatedOperatingExpenses": 180630000, "calculatedNetInterest": 0, "calculatedOtherIncome": 16693000, "calculatedIncomeNonControlling": 1726000, "calculatedEbitda": 716959000}, {"date": "2015-12-31", "symbol": "EXPD", "reportedCurrency": "USD", "cik": "0000746515", "fillingDate": "2016-02-25", "acceptedDate": "2016-02-25 12:27:46", "calendarYear": "2015", "period": "FY", "revenue": 6616632000, "costOfRevenue": 5720848000, "grossProfit": 895784000, "grossProfitRatio": 0.1353836816, "researchAndDevelopmentExpenses": 0, "generalAndAdministrativeExpenses": 0, "sellingAndMarketingExpenses": 41990000, "sellingGeneralAndAdministrativeExpenses": 41990000, "otherExpenses": 4784000, "operatingExpenses": 174300000, "costAndExpenses": 5895148000, "interestIncome": 10421000, "interestExpense": 10421000, "depreciationAndAmortization": 46012000, "ebitda": 767496000, "ebitdaratio": 0.1159949654, "operatingIncome": 721484000, "operatingIncomeRatio": 0.1090409743, "totalOtherIncomeExpensesNet": 4784000, "incomeBeforeTax": 736689000, "incomeBeforeTaxRatio": 0.1113389712, "incomeTaxExpense": 277192000, "netIncome": 457223000, "netIncomeRatio": 0.0691020749, "eps": 2.42, "epsdiluted": 2.4, "weightedAverageShsOut": 188941000, "weightedAverageShsOutDil": 190223000, "link": "https://www.sec.gov/Archives/edgar/data/746515/000074651516000053/0000746515-16-000053-index.htm", "finalLink": "https://www.sec.gov/Archives/edgar/data/746515/000074651516000053/a201510-k.htm", "calculatedOtherExpenses": 132310000, "calculatedOperatingExpenses": 174300000, "calculatedNetInterest": 0, "calculatedOtherIncome": 15205000, "calculatedIncomeNonControlling": 2274000, "calculatedEbitda": 767496000}, {"date": "2014-12-31", "symbol": "EXPD", "reportedCurrency": "USD", "cik": "0000746515", "fillingDate": "2015-02-26", "acceptedDate": "2015-02-26 11:51:48", "calendarYear": "2014", "period": "FY", "revenue": 6564721000, "costOfRevenue": 5800725000, "grossProfit": 763996000, "grossProfitRatio": 0.116379051, "researchAndDevelopmentExpenses": 0, "generalAndAdministrativeExpenses": 0, "sellingAndMarketingExpenses": 38125000, "sellingGeneralAndAdministrativeExpenses": 38125000, "otherExpenses": 5468000, "operatingExpenses": 169348000, "costAndExpenses": 5970073000, "interestIncome": 10773000, "interestExpense": 10773000, "depreciationAndAmortization": 49292000, "ebitda": 643940000, "ebitdaratio": 0.0980909927, "operatingIncome": 594648000, "operatingIncomeRatio": 0.090582372, "totalOtherIncomeExpensesNet": 5468000, "incomeBeforeTax": 610889000, "incomeBeforeTaxRatio": 0.0930563538, "incomeTaxExpense": 231429000, "netIncome": 376888000, "netIncomeRatio": 0.0574111223, "eps": 1.92, "epsdiluted": 1.92, "weightedAverageShsOut": 196146676, "weightedAverageShsOutDil": 196768067, "link": "https://www.sec.gov/Archives/edgar/data/746515/000074651515000004/0000746515-15-000004-index.htm", "finalLink": "https://www.sec.gov/Archives/edgar/data/746515/000074651515000004/a201410-k.htm", "calculatedOtherExpenses": 131223000, "calculatedOperatingExpenses": 169348000, "calculatedNetInterest": 0, "calculatedOtherIncome": 16241000, "calculatedIncomeNonControlling": 2572000, "calculatedEbitda": 643940000}, {"date": "2013-12-31", "symbol": "EXPD", "reportedCurrency": "USD", "cik": "0000746515", "fillingDate": "2014-02-27", "acceptedDate": "2014-02-27 16:27:51", "calendarYear": "2013", "period": "FY", "revenue": 6080257000, "costOfRevenue": 5376513000, "grossProfit": 703744000, "grossProfitRatio": 0.115742476, "researchAndDevelopmentExpenses": 0, "generalAndAdministrativeExpenses": 0, "sellingAndMarketingExpenses": 33243000, "sellingGeneralAndAdministrativeExpenses": 33243000, "otherExpenses": 8713000, "operatingExpenses": 151671000, "costAndExpenses": 5528184000, "interestIncome": 11810000, "interestExpense": 11810000, "depreciationAndAmortization": 48071000, "ebitda": 600144000, "ebitdaratio": 0.0987037226, "operatingIncome": 552073000, "operatingIncomeRatio": 0.0907976423, "totalOtherIncomeExpensesNet": 8713000, "incomeBeforeTax": 572596000, "incomeBeforeTaxRatio": 0.094172993, "incomeTaxExpense": 222585000, "netIncome": 348526000, "netIncomeRatio": 0.0573209323, "eps": 1.69, "epsdiluted": 1.68, "weightedAverageShsOut": 205994656, "weightedAverageShsOutDil": 206895473, "link": "https://www.sec.gov/Archives/edgar/data/746515/000074651514000004/0000746515-14-000004-index.htm", "finalLink": "https://www.sec.gov/Archives/edgar/data/746515/000074651514000004/a201310-k.htm", "calculatedOtherExpenses": 118428000, "calculatedOperatingExpenses": 151671000, "calculatedNetInterest": 0, "calculatedOtherIncome": 20523000, "calculatedIncomeNonControlling": 1485000, "calculatedEbitda": 600144000}, {"date": "2012-12-31", "symbol": "EXPD", "reportedCurrency": "USD", "cik": "0000746515", "fillingDate": "2013-02-27", "acceptedDate": "2013-02-27 16:19:24", "calendarYear": "2012", "period": "FY", "revenue": 5980943000, "costOfRevenue": 5279881000, "grossProfit": 701062000, "grossProfitRatio": 0.1172159641, "researchAndDevelopmentExpenses": 0, "generalAndAdministrativeExpenses": 0, "sellingAndMarketingExpenses": 34184000, "sellingGeneralAndAdministrativeExpenses": 34184000, "otherExpenses": 8083000, "operatingExpenses": 170264000, "costAndExpenses": 5450145000, "interestIncome": 12763000, "interestExpense": 1251000, "depreciationAndAmortization": 39940000, "ebitda": 591584000, "ebitdaratio": 0.0989114927, "operatingIncome": 530798000, "operatingIncomeRatio": 0.0887482124, "totalOtherIncomeExpensesNet": 8083000, "incomeBeforeTax": 550393000, "incomeBeforeTaxRatio": 0.0920244517, "incomeTaxExpense": 217424000, "netIncome": 333360000, "netIncomeRatio": 0.0557370301, "eps": 1.58, "epsdiluted": 1.57, "weightedAverageShsOut": 210422945, "weightedAverageShsOutDil": 211935171, "link": "https://www.sec.gov/Archives/edgar/data/746515/000074651513000004/0000746515-13-000004-index.htm", "finalLink": "https://www.sec.gov/Archives/edgar/data/746515/000074651513000004/a201210-k.htm", "calculatedOtherExpenses": 136080000, "calculatedOperatingExpenses": 170264000, "calculatedNetInterest": 11512000, "calculatedOtherIncome": 8083000, "calculatedIncomeNonControlling": -391000, "calculatedEbitda": 570738000}, {"date": "2011-12-31", "symbol": "EXPD", "reportedCurrency": "USD", "cik": "0000746515", "fillingDate": "2012-02-28", "acceptedDate": "2012-02-28 16:08:04", "calendarYear": "2011", "period": "FY", "revenue": 6150498000, "costOfRevenue": 4338686000, "grossProfit": 1811812000, "grossProfitRatio": 0.2945797235, "researchAndDevelopmentExpenses": 0, "generalAndAdministrativeExpenses": 993358000, "sellingAndMarketingExpenses": 38974000, "sellingGeneralAndAdministrativeExpenses": 1032332000, "otherExpenses": 36776000, "operatingExpenses": 1193485000, "costAndExpenses": 5532171000, "interestIncome": 10235000, "interestExpense": 970000, "depreciationAndAmortization": 36776000, "ebitda": 665338000, "ebitdaratio": 0.108176281, "operatingIncome": 618327000, "operatingIncomeRatio": 0.1005328349, "totalOtherIncomeExpensesNet": 10436000, "incomeBeforeTax": 638028000, "incomeBeforeTaxRatio": 0.1037359902, "incomeTaxExpense": 251785000, "netIncome": 385679000, "netIncomeRatio": 0.0627069548, "eps": 1.82, "epsdiluted": 1.79, "weightedAverageShsOut": 212117511, "weightedAverageShsOutDil": 215033580, "link": "https://www.sec.gov/Archives/edgar/data/746515/000074651512000006/0000746515-12-000006-index.htm", "finalLink": "https://www.sec.gov/Archives/edgar/data/746515/000074651512000006/a201110-k.htm", "calculatedOtherExpenses": 161153000, "calculatedOperatingExpenses": 1193485000, "calculatedNetInterest": 9265000, "calculatedOtherIncome": 10436000, "calculatedIncomeNonControlling": 564000, "calculatedEbitda": 655103000}, {"date": "2010-12-31", "symbol": "EXPD", "reportedCurrency": "USD", "cik": "0000746515", "fillingDate": "2011-02-28", "acceptedDate": "2011-02-28 15:39:55", "calendarYear": "2010", "period": "FY", "revenue": 5967573000, "costOfRevenue": 4197578000, "grossProfit": 1769995000, "grossProfitRatio": 0.296602153, "researchAndDevelopmentExpenses": 0, "generalAndAdministrativeExpenses": 894132000, "sellingAndMarketingExpenses": 32055000, "sellingGeneralAndAdministrativeExpenses": 926187000, "otherExpenses": 36900000, "operatingExpenses": 1068347000, "costAndExpenses": 5265925000, "interestIncome": 7002000, "interestExpense": 576000, "depreciationAndAmortization": 36900000, "ebitda": 591132000, "ebitdaratio": 0.0990573555, "operatingIncome": 547230000, "operatingIncomeRatio": 0.0917005959, "totalOtherIncomeExpensesNet": 10412000, "incomeBeforeTax": 564068000, "incomeBeforeTaxRatio": 0.0945221784, "incomeTaxExpense": 219863000, "netIncome": 344172000, "netIncomeRatio": 0.0576736975, "eps": 1.62, "epsdiluted": 1.59, "weightedAverageShsOut": 212283966, "weightedAverageShsOutDil": 216446656, "link": "https://www.sec.gov/Archives/edgar/data/746515/000119312511049764/0001193125-11-049764-index.htm", "finalLink": "https://www.sec.gov/Archives/edgar/data/746515/000119312511049764/d10k.htm", "calculatedOtherExpenses": 296578000, "calculatedOperatingExpenses": 1222765000, "calculatedNetInterest": 6426000, "calculatedOtherIncome": 10412000, "calculatedIncomeNonControlling": 33000, "calculatedEbitda": 584130000}, {"date": "2009-12-31", "symbol": "EXPD", "reportedCurrency": "USD", "cik": "0000746515", "fillingDate": "2010-02-26", "acceptedDate": "2010-02-26 16:26:57", "calendarYear": "2009", "period": "FY", "revenue": 4092283000, "costOfRevenue": 2635173000, "grossProfit": 1457110000, "grossProfitRatio": 0.3560628627, "researchAndDevelopmentExpenses": 0, "generalAndAdministrativeExpenses": 774214000, "sellingAndMarketingExpenses": 26295000, "sellingGeneralAndAdministrativeExpenses": 800509000, "otherExpenses": 122952000, "operatingExpenses": 923461000, "costAndExpenses": 3558634000, "interestIncome": 10177000, "interestExpense": 499000, "depreciationAndAmortization": 40035000, "ebitda": 435213000, "ebitdaratio": 0.106349683, "operatingIncome": 385001000, "operatingIncomeRatio": 0.0940797594, "totalOtherIncomeExpensesNet": 8193000, "incomeBeforeTax": 402872000, "incomeBeforeTaxRatio": 0.0984467594, "incomeTaxExpense": 162475000, "netIncome": 240217000, "netIncomeRatio": 0.058699997, "eps": 1.13, "epsdiluted": 1.11, "weightedAverageShsOut": 212112744, "weightedAverageShsOutDil": 216533240, "link": "https://www.sec.gov/Archives/edgar/data/746515/000119312510042974/0001193125-10-042974-index.htm", "finalLink": "https://www.sec.gov/Archives/edgar/data/746515/000119312510042974/d10k.htm", "calculatedOtherExpenses": 271600000, "calculatedOperatingExpenses": 1072109000, "calculatedNetInterest": 9678000, "calculatedOtherIncome": 8193000, "calculatedIncomeNonControlling": 180000, "calculatedEbitda": 425036000}, {"date": "2008-12-31", "symbol": "EXPD", "reportedCurrency": "USD", "cik": "0000746515", "fillingDate": "2009-02-27", "acceptedDate": "2009-02-27 16:10:02", "calendarYear": "2008", "period": "FY", "revenue": 5633878000, "costOfRevenue": 3953633000, "grossProfit": 1680245000, "grossProfitRatio": 0.2982395075, "researchAndDevelopmentExpenses": 0, "generalAndAdministrativeExpenses": 863846000, "sellingAndMarketingExpenses": 37778000, "sellingGeneralAndAdministrativeExpenses": 863846000, "otherExpenses": 151517000, "operatingExpenses": 5160742000, "costAndExpenses": 5160742000, "interestIncome": 21077000, "interestExpense": 183000, "depreciationAndAmortization": 40003000, "ebitda": 534216000, "ebitdaratio": 0.0948220746, "operatingIncome": 473136000, "operatingIncomeRatio": 0.0839805193, "totalOtherIncomeExpensesNet": 5542000, "incomeBeforeTax": 499572000, "incomeBeforeTaxRatio": 0.0886728467, "incomeTaxExpense": 196593000, "netIncome": 301014000, "netIncomeRatio": 0.053429272, "eps": 1.41, "epsdiluted": 1.37, "weightedAverageShsOut": 212755946, "weightedAverageShsOutDil": 219170003, "link": "https://www.sec.gov/Archives/edgar/data/746515/000119312509040947/0001193125-09-040947-index.htm", "finalLink": "https://www.sec.gov/Archives/edgar/data/746515/000119312509040947/d10k.htm", "calculatedOtherExpenses": 343263000, "calculatedOperatingExpenses": 1207109000, "calculatedNetInterest": 20894000, "calculatedOtherIncome": 5542000, "calculatedIncomeNonControlling": 1965000, "calculatedEbitda": 513139000}, {"date": "2007-12-31", "symbol": "EXPD", "reportedCurrency": "USD", "cik": "0000746515", "fillingDate": "2008-02-29", "acceptedDate": "2008-02-28 17:45:35", "calendarYear": "2007", "period": "FY", "revenue": 5235171000, "costOfRevenue": 3714534000, "grossProfit": 1520637000, "grossProfitRatio": 0.2904655836, "researchAndDevelopmentExpenses": 0, "generalAndAdministrativeExpenses": 791879000, "sellingAndMarketingExpenses": 38735000, "sellingGeneralAndAdministrativeExpenses": 830614000, "otherExpenses": 131271000, "operatingExpenses": 961885000, "costAndExpenses": 4676419000, "interestIncome": 22341000, "interestExpense": 45000, "depreciationAndAmortization": 40786000, "ebitda": 486527000, "ebitdaratio": 0.0929343091, "operatingIncome": 423400000, "operatingIncomeRatio": 0.0808760593, "totalOtherIncomeExpensesNet": 3977000, "incomeBeforeTax": 449673000, "incomeBeforeTaxRatio": 0.0858946155, "incomeTaxExpense": 179815000, "netIncome": 269154000, "netIncomeRatio": 0.0514126473, "eps": 1.26, "epsdiluted": 1.21, "weightedAverageShsOut": 213314761, "weightedAverageShsOutDil": 221799868, "link": "https://www.sec.gov/Archives/edgar/data/746515/000110465908013877/0001104659-08-013877-index.htm", "finalLink": "https://www.sec.gov/Archives/edgar/data/746515/000110465908013877/a08-2452_110k.htm", "calculatedOtherExpenses": 266623000, "calculatedOperatingExpenses": 1097237000, "calculatedNetInterest": 22296000, "calculatedOtherIncome": 3977000, "calculatedIncomeNonControlling": 704000, "calculatedEbitda": 464186000}, {"date": "2006-12-31", "symbol": "EXPD", "reportedCurrency": "USD", "cik": "0000746515", "fillingDate": "2007-03-01", "acceptedDate": "2007-03-01 15:01:40", "calendarYear": "2006", "period": "FY", "revenue": 4625966000, "costOfRevenue": 3289421000, "grossProfit": 1336545000, "grossProfitRatio": 0.288922357, "researchAndDevelopmentExpenses": 0, "generalAndAdministrativeExpenses": 701824000, "sellingAndMarketingExpenses": 35050000, "sellingGeneralAndAdministrativeExpenses": 736874000, "otherExpenses": 117343000, "operatingExpenses": 854217000, "costAndExpenses": 4143638000, "interestIncome": 18020000, "interestExpense": 198000, "depreciationAndAmortization": 36817000, "ebitda": 429953000, "ebitdaratio": 0.0929433982, "operatingIncome": 375116000, "operatingIncomeRatio": 0.0810892255, "totalOtherIncomeExpensesNet": 2726000, "incomeBeforeTax": 395664000, "incomeBeforeTaxRatio": 0.0855311085, "incomeTaxExpense": 160661000, "netIncome": 235094000, "netIncomeRatio": 0.0508205205, "eps": 1.1, "epsdiluted": 1.06, "weightedAverageShsOut": 213454579, "weightedAverageShsOutDil": 222223312, "link": "https://www.sec.gov/Archives/edgar/data/746515/000110465907015464/0001104659-07-015464-index.htm", "finalLink": "https://www.sec.gov/Archives/edgar/data/746515/000110465907015464/a07-5151_110k.htm", "calculatedOtherExpenses": 224555000, "calculatedOperatingExpenses": 961429000, "calculatedNetInterest": 17822000, "calculatedOtherIncome": 2726000, "calculatedIncomeNonControlling": -91000, "calculatedEbitda": 411933000}, {"date": "2005-12-31", "symbol": "EXPD", "reportedCurrency": "USD", "cik": "0000746515", "fillingDate": "2006-03-16", "acceptedDate": "2006-03-16 13:08:49", "calendarYear": "2005", "period": "FY", "revenue": 3901781000, "costOfRevenue": 2494747000, "grossProfit": 1407034000, "grossProfitRatio": 0.3606132687, "researchAndDevelopmentExpenses": 0, "generalAndAdministrativeExpenses": 557730000, "sellingAndMarketingExpenses": 29892000, "sellingGeneralAndAdministrativeExpenses": 587622000, "otherExpenses": 406052000, "operatingExpenses": 993674000, "costAndExpenses": 3488421000, "interestIncome": 11415000, "interestExpense": 313000, "depreciationAndAmortization": 32310000, "ebitda": 348235000, "ebitdaratio": 0.089250268, "operatingIncome": 304510000, "operatingIncomeRatio": 0.0780438472, "totalOtherIncomeExpensesNet": 4542000, "incomeBeforeTax": 320154000, "incomeBeforeTaxRatio": 0.0820532982, "incomeTaxExpense": 94624000, "netIncome": 218634000, "netIncomeRatio": 0.056034411, "eps": 0.89, "epsdiluted": 0.86, "weightedAverageShsOut": 213555102, "weightedAverageShsOutDil": 220230176, "link": "https://www.sec.gov/Archives/edgar/data/746515/000110465906017206/0001104659-06-017206-index.htm", "finalLink": "https://www.sec.gov/Archives/edgar/data/746515/000110465906017206/a06-1907_110k.htm", "calculatedOtherExpenses": 514902000, "calculatedOperatingExpenses": 1102524000, "calculatedNetInterest": 11102000, "calculatedOtherIncome": 4542000, "calculatedIncomeNonControlling": 6896000, "calculatedEbitda": 336820000}, {"date": "2004-12-31", "symbol": "EXPD", "reportedCurrency": "USD", "cik": "0000746515", "fillingDate": "2005-03-16", "acceptedDate": "2005-03-16 16:05:09", "calendarYear": "2004", "period": "FY", "revenue": 3317499000, "costOfRevenue": 2593759000, "grossProfit": 723740000, "grossProfitRatio": 0.2181583175, "researchAndDevelopmentExpenses": 0, "generalAndAdministrativeExpenses": 530984000, "sellingAndMarketingExpenses": 28248000, "sellingGeneralAndAdministrativeExpenses": 559232000, "otherExpenses": 2568842000, "operatingExpenses": 3128074000, "costAndExpenses": 5721833000, "interestIncome": 0, "interestExpense": 0, "depreciationAndAmortization": 26703000, "ebitda": -2380541000, "ebitdaratio": -0.7175709774, "operatingIncome": 241045000, "operatingIncomeRatio": 0.0726586504, "totalOtherIncomeExpensesNet": 2910000, "incomeBeforeTax": 249580000, "incomeBeforeTaxRatio": 0.0752313716, "incomeTaxExpense": 88415000, "netIncome": 156126000, "netIncomeRatio": 0.0470613556, "eps": 0.61, "epsdiluted": 0.59, "weightedAverageShsOut": 212768000, "weightedAverageShsOutDil": 220117000, "link": "https://www.sec.gov/Archives/edgar/data/746515/000110465905011481/0001104659-05-011481-index.htm", "finalLink": "https://www.sec.gov/Archives/edgar/data/746515/000110465905011481/a05-1820_110k.htm", "calculatedOtherExpenses": -76537000, "calculatedOperatingExpenses": 482695000, "calculatedNetInterest": 0, "calculatedOtherIncome": 8535000, "calculatedIncomeNonControlling": 5039000, "calculatedEbitda": 267748000}, {"date": "2003-12-31", "symbol": "EXPD", "reportedCurrency": "USD", "cik": "0000746515", "fillingDate": "2004-03-15", "acceptedDate": "2004-03-15 15:20:14", "calendarYear": "2003", "period": "FY", "revenue": 2624941000, "costOfRevenue": 2038916000, "grossProfit": 586025000, "grossProfitRatio": 0.2232526369, "researchAndDevelopmentExpenses": 0, "generalAndAdministrativeExpenses": 445575000, "sellingAndMarketingExpenses": 23496000, "sellingGeneralAndAdministrativeExpenses": 469071000, "otherExpenses": 2016208000, "operatingExpenses": 2485279000, "costAndExpenses": 4524195000, "interestIncome": 0, "interestExpense": 0, "depreciationAndAmortization": 24392000, "ebitda": -1879406000, "ebitdaratio": -0.715980283, "operatingIncome": 186762000, "operatingIncomeRatio": 0.0711490277, "totalOtherIncomeExpensesNet": 4544000, "incomeBeforeTax": 195642000, "incomeBeforeTaxRatio": 0.0745319609, "incomeTaxExpense": 71142000, "netIncome": 121952000, "netIncomeRatio": 0.046458949, "eps": 0.47, "epsdiluted": 0.46, "weightedAverageShsOut": 209467000, "weightedAverageShsOutDil": 216228000, "link": "https://www.sec.gov/Archives/edgar/data/746515/000110465904007431/0001104659-04-007431-index.htm", "finalLink": "https://www.sec.gov/Archives/edgar/data/746515/000110465904007431/a04-3231_110k.htm", "calculatedOtherExpenses": -69808000, "calculatedOperatingExpenses": 399263000, "calculatedNetInterest": 0, "calculatedOtherIncome": 8880000, "calculatedIncomeNonControlling": 2548000, "calculatedEbitda": 211154000}, {"date": "2002-12-31", "symbol": "EXPD", "reportedCurrency": "USD", "cik": "0000746515", "fillingDate": "2003-03-28", "acceptedDate": "2003-03-27 19:31:11", "calendarYear": "2002", "period": "FY", "revenue": 2296903000, "costOfRevenue": 1764420000, "grossProfit": 532483000, "grossProfitRatio": 0.2318265073, "researchAndDevelopmentExpenses": 0, "generalAndAdministrativeExpenses": 400585000, "sellingAndMarketingExpenses": 19796000, "sellingGeneralAndAdministrativeExpenses": 420381000, "otherExpenses": 1746329000, "operatingExpenses": 2166710000, "costAndExpenses": 3931130000, "interestIncome": 0, "interestExpense": 0, "depreciationAndAmortization": 22725000, "ebitda": -1612362000, "ebitdaratio": -0.7019721773, "operatingIncome": 171009000, "operatingIncomeRatio": 0.0744519904, "totalOtherIncomeExpensesNet": 860000, "incomeBeforeTax": 177990000, "incomeBeforeTaxRatio": 0.0774913002, "incomeTaxExpense": 65461000, "netIncome": 112529000, "netIncomeRatio": 0.0489916205, "eps": 0.45, "epsdiluted": 0.44, "weightedAverageShsOut": 207786000, "weightedAverageShsOutDil": 213417000, "link": "https://www.sec.gov/Archives/edgar/data/746515/000110465903005167/0001104659-03-005167-index.htm", "finalLink": "https://www.sec.gov/Archives/edgar/data/746515/000110465903005167/j8814_10k.htm", "calculatedOtherExpenses": -58907000, "calculatedOperatingExpenses": 361474000, "calculatedNetInterest": 0, "calculatedOtherIncome": 6981000, "calculatedIncomeNonControlling": 0, "calculatedEbitda": 193734000}, {"date": "2001-12-31", "symbol": "EXPD", "reportedCurrency": "USD", "cik": "0000746515", "fillingDate": "2002-04-01", "acceptedDate": "2002-04-01 00:00:00", "calendarYear": "2001", "period": "FY", "revenue": 1652633000, "costOfRevenue": 1173658000, "grossProfit": 478975000, "grossProfitRatio": 0.2898253877, "researchAndDevelopmentExpenses": 0, "generalAndAdministrativeExpenses": 361839000, "sellingAndMarketingExpenses": 20163000, "sellingGeneralAndAdministrativeExpenses": 382002000, "otherExpenses": 1160908000, "operatingExpenses": 1542910000, "costAndExpenses": 2716568000, "interestIncome": 0, "interestExpense": 0, "depreciationAndAmortization": 23544000, "ebitda": -1039988000, "ebitdaratio": -0.6292915608, "operatingIncome": 146017000, "operatingIncomeRatio": 0.0883541597, "totalOtherIncomeExpensesNet": -403000, "incomeBeforeTax": 154294000, "incomeBeforeTaxRatio": 0.0933625312, "incomeTaxExpense": 57051000, "netIncome": 97243000, "netIncomeRatio": 0.0588412551, "eps": 0.47, "epsdiluted": 0.45, "weightedAverageShsOut": 208319008, "weightedAverageShsOutDil": 219482680, "link": "https://www.sec.gov/Archives/edgar/data/746515/000110465902001275/0001104659-02-001275-index.htm", "finalLink": "https://www.sec.gov/Archives/edgar/data/746515/000110465902001275/j3135_10k.htm", "calculatedOtherExpenses": -49044000, "calculatedOperatingExpenses": 332958000, "calculatedNetInterest": 0, "calculatedOtherIncome": 8277000, "calculatedIncomeNonControlling": 0, "calculatedEbitda": 169561000}, {"date": "2000-12-31", "symbol": "EXPD", "reportedCurrency": "USD", "cik": "0000746515", "fillingDate": "2001-04-02", "acceptedDate": "2001-04-02 00:00:00", "calendarYear": "2000", "period": "FY", "revenue": 1695181000, "costOfRevenue": 1253754000, "grossProfit": 441427000, "grossProfitRatio": 0.2604011017, "researchAndDevelopmentExpenses": 0, "generalAndAdministrativeExpenses": 309971000, "sellingAndMarketingExpenses": 20231000, "sellingGeneralAndAdministrativeExpenses": 330202000, "otherExpenses": 1256845000, "operatingExpenses": 1587047000, "costAndExpenses": 2840801000, "interestIncome": 6327000, "interestExpense": -432000, "depreciationAndAmortization": 22481000, "ebitda": -1123068000, "ebitdaratio": -0.6625062456, "operatingIncome": 127524000, "operatingIncomeRatio": 0.0752273651, "totalOtherIncomeExpensesNet": -71000, "incomeBeforeTax": 133348000, "incomeBeforeTaxRatio": 0.0786629864, "incomeTaxExpense": 50313000, "netIncome": 83035000, "netIncomeRatio": 0.04898297, "eps": 0.41, "epsdiluted": 0.38, "weightedAverageShsOut": 204610000, "weightedAverageShsOutDil": 218716000, "link": "https://www.sec.gov/Archives/edgar/data/746515/000091205701506328/0000912057-01-506328-index.htm", "finalLink": "https://www.sec.gov/Archives/edgar/data/746515/000091205701506328/a2042753z10-k.htm", "calculatedOtherExpenses": -16299000, "calculatedOperatingExpenses": 313903000, "calculatedNetInterest": 6759000, "calculatedOtherIncome": -935000, "calculatedIncomeNonControlling": 0, "calculatedEbitda": 150005000}, {"date": "1999-12-31", "symbol": "EXPD", "reportedCurrency": "USD", "cik": "0000746515", "fillingDate": "2000-03-29", "acceptedDate": "2000-03-29 00:00:00", "calendarYear": "1999", "period": "FY", "revenue": 1444575000, "costOfRevenue": 1089817000, "grossProfit": 354758000, "grossProfitRatio": 0.2455794957, "researchAndDevelopmentExpenses": 0, "generalAndAdministrativeExpenses": 258508000, "sellingAndMarketingExpenses": 16896000, "sellingGeneralAndAdministrativeExpenses": 275404000, "otherExpenses": 1093616000, "operatingExpenses": 1369020000, "costAndExpenses": 2458837000, "interestIncome": 0, "interestExpense": 0, "depreciationAndAmortization": 20819000, "ebitda": -993582000, "ebitdaratio": -0.6878022948, "operatingIncome": 93323000, "operatingIncomeRatio": 0.0646023917, "totalOtherIncomeExpensesNet": 139000, "incomeBeforeTax": 94645000, "incomeBeforeTaxRatio": 0.0655175398, "incomeTaxExpense": 35470000, "netIncome": 59175000, "netIncomeRatio": 0.0409636052, "eps": 0.3, "epsdiluted": 0.28, "weightedAverageShsOut": 200548180, "weightedAverageShsOutDil": 215311268, "link": "https://www.sec.gov/Archives/edgar/data/746515/000091205700014506/0000912057-00-014506-index.html", "finalLink": "https://www.sec.gov/Archives/edgar/data/746515/000091205700014506/", "calculatedOtherExpenses": -13969000, "calculatedOperatingExpenses": 261435000, "calculatedNetInterest": 0, "calculatedOtherIncome": 1322000, "calculatedIncomeNonControlling": 0, "calculatedEbitda": 114142000}, {"date": "1998-12-31", "symbol": "EXPD", "reportedCurrency": "USD", "cik": "0000746515", "fillingDate": "1999-03-31", "acceptedDate": "1999-03-31 00:00:00", "calendarYear": "1998", "period": "FY", "revenue": 1063707000, "costOfRevenue": 784500000, "grossProfit": 279207000, "grossProfitRatio": 0.262484876, "researchAndDevelopmentExpenses": 0, "generalAndAdministrativeExpenses": 205788000, "sellingAndMarketingExpenses": 15018000, "sellingGeneralAndAdministrativeExpenses": 220806000, "otherExpenses": 785029000, "operatingExpenses": 1005835000, "costAndExpenses": 1790335000, "interestIncome": 0, "interestExpense": 0, "depreciationAndAmortization": 15547000, "ebitda": -711567000, "ebitdaratio": -0.6689501902, "operatingIncome": 73372000, "operatingIncomeRatio": 0.0689776414, "totalOtherIncomeExpensesNet": 486000, "incomeBeforeTax": 75577000, "incomeBeforeTaxRatio": 0.0710505807, "incomeTaxExpense": 28303000, "netIncome": 47274000, "netIncomeRatio": 0.0444426896, "eps": 0.24, "epsdiluted": 0.22, "weightedAverageShsOut": 196937752, "weightedAverageShsOutDil": 212233536, "link": "https://www.sec.gov/Archives/edgar/data/746515/000104746999013075/0001047469-99-013075-index.html", "finalLink": "https://www.sec.gov/Archives/edgar/data/746515/", "calculatedOtherExpenses": -14971000, "calculatedOperatingExpenses": 205835000, "calculatedNetInterest": 0, "calculatedOtherIncome": 2205000, "calculatedIncomeNonControlling": 0, "calculatedEbitda": 88919000}, {"date": "1997-12-31", "symbol": "EXPD", "reportedCurrency": "USD", "cik": "0000746515", "fillingDate": "1998-03-31", "acceptedDate": "1998-03-31 00:00:00", "calendarYear": "1997", "period": "FY", "revenue": 954002000, "costOfRevenue": 726600000, "grossProfit": 227402000, "grossProfitRatio": 0.2383663766, "researchAndDevelopmentExpenses": 0, "generalAndAdministrativeExpenses": 163996000, "sellingAndMarketingExpenses": 13469000, "sellingGeneralAndAdministrativeExpenses": 177465000, "otherExpenses": 727422000, "operatingExpenses": 904887000, "costAndExpenses": 1631487000, "interestIncome": 0, "interestExpense": 0, "depreciationAndAmortization": 11159000, "ebitda": -667245000, "ebitdaratio": -0.6994167727, "operatingIncome": 59915000, "operatingIncomeRatio": 0.0628038516, "totalOtherIncomeExpensesNet": 919000, "incomeBeforeTax": 62572000, "incomeBeforeTaxRatio": 0.065588961, "incomeTaxExpense": 24161000, "netIncome": 38411000, "netIncomeRatio": 0.0402630183, "eps": 0.0247, "epsdiluted": 0.0228, "weightedAverageShsOut": 196368000, "weightedAverageShsOutDil": 196368000, "link": "https://www.sec.gov/Archives/edgar/data/746515/000104746998013043/0001047469-98-013043-index.html", "finalLink": "https://www.sec.gov/Archives/edgar/data/746515/", "calculatedOtherExpenses": -9978000, "calculatedOperatingExpenses": 167487000, "calculatedNetInterest": 0, "calculatedOtherIncome": 2657000, "calculatedIncomeNonControlling": 0, "calculatedEbitda": 71074000}, {"date": "1996-12-31", "symbol": "EXPD", "reportedCurrency": "USD", "cik": "0000746515", "fillingDate": "1997-03-31", "acceptedDate": "1997-03-31 00:00:00", "calendarYear": "1996", "period": "FY", "revenue": 730088000, "costOfRevenue": 573300000, "grossProfit": 156788000, "grossProfitRatio": 0.2147521943, "researchAndDevelopmentExpenses": 0, "generalAndAdministrativeExpenses": 117097000, "sellingAndMarketingExpenses": 10409000, "sellingGeneralAndAdministrativeExpenses": 127506000, "otherExpenses": 573457000, "operatingExpenses": 700963000, "costAndExpenses": 1274263000, "interestIncome": 0, "interestExpense": 0, "depreciationAndAmortization": 8147000, "ebitda": -536086000, "ebitdaratio": -0.7342758681, "operatingIncome": 37425000, "operatingIncomeRatio": 0.0512609439, "totalOtherIncomeExpensesNet": 58000, "incomeBeforeTax": 39584000, "incomeBeforeTaxRatio": 0.0542181217, "incomeTaxExpense": 15321000, "netIncome": 24263000, "netIncomeRatio": 0.0332329801, "eps": 0.12, "epsdiluted": 0.12, "weightedAverageShsOut": 205154368, "weightedAverageShsOutDil": 205154368, "link": "https://www.sec.gov/Archives/edgar/data/746515/000091205797011191/0000912057-97-011191-index.html", "finalLink": "https://www.sec.gov/Archives/edgar/data/746515/", "calculatedOtherExpenses": -8143000, "calculatedOperatingExpenses": 119363000, "calculatedNetInterest": 0, "calculatedOtherIncome": 2159000, "calculatedIncomeNonControlling": 0, "calculatedEbitda": 45572000}, {"date": "1995-12-31", "symbol": "EXPD", "reportedCurrency": "USD", "cik": "0000746515", "fillingDate": "1996-04-01", "acceptedDate": "1996-04-01 00:00:00", "calendarYear": "1995", "period": "FY", "revenue": 584691000, "costOfRevenue": 465800000, "grossProfit": 118891000, "grossProfitRatio": 0.2033398838, "researchAndDevelopmentExpenses": 0, "generalAndAdministrativeExpenses": 90972000, "sellingAndMarketingExpenses": 7545000, "sellingGeneralAndAdministrativeExpenses": 98517000, "otherExpenses": 466023000, "operatingExpenses": 564540000, "costAndExpenses": 1030340000, "interestIncome": 0, "interestExpense": 0, "depreciationAndAmortization": 6629000, "ebitda": -439139000, "ebitdaratio": -0.7510616719, "operatingIncome": 26851000, "operatingIncomeRatio": 0.0459234023, "totalOtherIncomeExpensesNet": 119000, "incomeBeforeTax": 28399000, "incomeBeforeTaxRatio": 0.0485709546, "incomeTaxExpense": 11004000, "netIncome": 17395000, "netIncomeRatio": 0.0297507572, "eps": 0.0058, "epsdiluted": 0.0055, "weightedAverageShsOut": 192176000, "weightedAverageShsOutDil": 192176000, "link": "https://www.sec.gov/Archives/edgar/data/746515/000091205796005655/0000912057-96-005655-index.html", "finalLink": "https://www.sec.gov/Archives/edgar/data/746515/", "calculatedOtherExpenses": -6477000, "calculatedOperatingExpenses": 92040000, "calculatedNetInterest": 0, "calculatedOtherIncome": 1548000, "calculatedIncomeNonControlling": 0, "calculatedEbitda": 33480000}, {"date": "1994-12-31", "symbol": "EXPD", "reportedCurrency": "USD", "cik": "0000746515", "fillingDate": "1994-12-31", "acceptedDate": "1994-12-30 19:00:00", "calendarYear": "1994", "period": "FY", "revenue": 450600000, "costOfRevenue": 360300000, "grossProfit": 90300000, "grossProfitRatio": 0.2003994674, "researchAndDevelopmentExpenses": 0, "generalAndAdministrativeExpenses": 10900000, "sellingAndMarketingExpenses": 0, "sellingGeneralAndAdministrativeExpenses": 10900000, "otherExpenses": 354300000, "operatingExpenses": 365200000, "costAndExpenses": 725500000, "interestIncome": 0, "interestExpense": 0, "depreciationAndAmortization": -5200000, "ebitda": -269700000, "ebitdaratio": -0.5985352863, "operatingIncome": -274900000, "operatingIncomeRatio": -0.6100754549, "totalOtherIncomeExpensesNet": 297300000, "incomeBeforeTax": 22400000, "incomeBeforeTaxRatio": 0.0497114958, "incomeTaxExpense": 9200000, "netIncome": 13200000, "netIncomeRatio": 0.0292942743, "eps": 0.0044, "epsdiluted": 0.0042, "weightedAverageShsOut": 190960000, "weightedAverageShsOutDil": 190960000, "link": "", "finalLink": "", "calculatedOtherExpenses": 354300000, "calculatedOperatingExpenses": 365200000, "calculatedNetInterest": 0, "calculatedOtherIncome": 297300000, "calculatedIncomeNonControlling": 0, "calculatedEbitda": -280100000}, {"date": "1993-12-31", "symbol": "EXPD", "reportedCurrency": "USD", "cik": "0000746515", "fillingDate": "1993-12-31", "acceptedDate": "1993-12-30 19:00:00", "calendarYear": "1993", "period": "FY", "revenue": 361500000, "costOfRevenue": 267900000, "grossProfit": 93600000, "grossProfitRatio": 0.2589211618, "researchAndDevelopmentExpenses": 0, "generalAndAdministrativeExpenses": 0, "sellingAndMarketingExpenses": 0, "sellingGeneralAndAdministrativeExpenses": 73400000, "otherExpenses": 3900000, "operatingExpenses": 77300000, "costAndExpenses": 345200000, "interestIncome": 0, "interestExpense": 0, "depreciationAndAmortization": -3900000, "ebitda": 19200000, "ebitdaratio": 0.0531120332, "operatingIncome": 16300000, "operatingIncomeRatio": 0.0450899032, "totalOtherIncomeExpensesNet": 1000000, "incomeBeforeTax": 17100000, "incomeBeforeTaxRatio": 0.0473029046, "incomeTaxExpense": 6900000, "netIncome": 10200000, "netIncomeRatio": 0.0282157676, "eps": 0.0034, "epsdiluted": 0.0033, "weightedAverageShsOut": 189456000, "weightedAverageShsOutDil": 189456000, "link": "", "finalLink": "", "calculatedOtherExpenses": 3900000, "calculatedOperatingExpenses": 77300000, "calculatedNetInterest": 0, "calculatedOtherIncome": 800000, "calculatedIncomeNonControlling": 0, "calculatedEbitda": 12400000}, {"date": "1992-12-31", "symbol": "EXPD", "reportedCurrency": "USD", "cik": "0000746515", "fillingDate": "1992-12-31", "acceptedDate": "1992-12-30 19:00:00", "calendarYear": "1992", "period": "FY", "revenue": 333200000, "costOfRevenue": 254500000, "grossProfit": 78700000, "grossProfitRatio": 0.2361944778, "researchAndDevelopmentExpenses": 0, "generalAndAdministrativeExpenses": 0, "sellingAndMarketingExpenses": 0, "sellingGeneralAndAdministrativeExpenses": 61100000, "otherExpenses": 3000000, "operatingExpenses": 64100000, "costAndExpenses": 318600000, "interestIncome": 0, "interestExpense": 0, "depreciationAndAmortization": -3000000, "ebitda": 16300000, "ebitdaratio": 0.0489195678, "operatingIncome": 14600000, "operatingIncomeRatio": 0.043817527, "totalOtherIncomeExpensesNet": 1300000, "incomeBeforeTax": 15800000, "incomeBeforeTaxRatio": 0.0474189676, "incomeTaxExpense": 4500000, "netIncome": 11300000, "netIncomeRatio": 0.0339135654, "eps": 0.0019, "epsdiluted": 0.0019, "weightedAverageShsOut": 188736000, "weightedAverageShsOutDil": 188736000, "link": "", "finalLink": "", "calculatedOtherExpenses": 3000000, "calculatedOperatingExpenses": 64100000, "calculatedNetInterest": 0, "calculatedOtherIncome": 1200000, "calculatedIncomeNonControlling": 0, "calculatedEbitda": 11600000}, {"date": "1991-12-31", "symbol": "EXPD", "reportedCurrency": "USD", "cik": "0000746515", "fillingDate": "1991-12-31", "acceptedDate": "1991-12-30 19:00:00", "calendarYear": "1991", "period": "FY", "revenue": 254000000, "costOfRevenue": 192700000, "grossProfit": 61300000, "grossProfitRatio": 0.2413385827, "researchAndDevelopmentExpenses": 0, "generalAndAdministrativeExpenses": 0, "sellingAndMarketingExpenses": 0, "sellingGeneralAndAdministrativeExpenses": 46500000, "otherExpenses": 2200000, "operatingExpenses": 48700000, "costAndExpenses": 241400000, "interestIncome": 0, "interestExpense": 0, "depreciationAndAmortization": -2200000, "ebitda": 12900000, "ebitdaratio": 0.0507874016, "operatingIncome": 12600000, "operatingIncomeRatio": 0.0496062992, "totalOtherIncomeExpensesNet": 1900000, "incomeBeforeTax": 14300000, "incomeBeforeTaxRatio": 0.0562992126, "incomeTaxExpense": 4100000, "netIncome": 10200000, "netIncomeRatio": 0.0401574803, "eps": 0.0017, "epsdiluted": 0.0017, "weightedAverageShsOut": 186688000, "weightedAverageShsOutDil": 186688000, "link": "", "finalLink": "", "calculatedOtherExpenses": 2200000, "calculatedOperatingExpenses": 48700000, "calculatedNetInterest": 0, "calculatedOtherIncome": 1700000, "calculatedIncomeNonControlling": 0, "calculatedEbitda": 10400000}, {"date": "1990-12-31", "symbol": "EXPD", "reportedCurrency": "USD", "cik": "0000746515", "fillingDate": "1990-12-31", "acceptedDate": "1990-12-30 19:00:00", "calendarYear": "1990", "period": "FY", "revenue": 206900000, "costOfRevenue": 155400000, "grossProfit": 51500000, "grossProfitRatio": 0.2489125181, "researchAndDevelopmentExpenses": 0, "generalAndAdministrativeExpenses": 0, "sellingAndMarketingExpenses": 0, "sellingGeneralAndAdministrativeExpenses": 38500000, "otherExpenses": 1800000, "operatingExpenses": 40300000, "costAndExpenses": 195700000, "interestIncome": 0, "interestExpense": 0, "depreciationAndAmortization": -1800000, "ebitda": 10500000, "ebitdaratio": 0.0507491542, "operatingIncome": 11200000, "operatingIncomeRatio": 0.0541324311, "totalOtherIncomeExpensesNet": 2500000, "incomeBeforeTax": 13500000, "incomeBeforeTaxRatio": 0.0652489125, "incomeTaxExpense": 3800000, "netIncome": 9700000, "netIncomeRatio": 0.046882552, "eps": 0.0016, "epsdiluted": 0.0016, "weightedAverageShsOut": 185344000, "weightedAverageShsOutDil": 185344000, "link": "", "finalLink": "", "calculatedOtherExpenses": 1800000, "calculatedOperatingExpenses": 40300000, "calculatedNetInterest": 0, "calculatedOtherIncome": 2300000, "calculatedIncomeNonControlling": 0, "calculatedEbitda": 9400000}, {"date": "1989-12-31", "symbol": "EXPD", "reportedCurrency": "USD", "cik": "0000746515", "fillingDate": "1989-12-31", "acceptedDate": "1989-12-30 19:00:00", "calendarYear": "1989", "period": "FY", "revenue": 193600000, "costOfRevenue": 149300000, "grossProfit": 44300000, "grossProfitRatio": 0.228822314, "researchAndDevelopmentExpenses": 0, "generalAndAdministrativeExpenses": 0, "sellingAndMarketingExpenses": 0, "sellingGeneralAndAdministrativeExpenses": 31700000, "otherExpenses": 1900000, "operatingExpenses": 33600000, "costAndExpenses": 182900000, "interestIncome": 0, "interestExpense": 0, "depreciationAndAmortization": -1900000, "ebitda": 10700000, "ebitdaratio": 0.055268595, "operatingIncome": 10700000, "operatingIncomeRatio": 0.055268595, "totalOtherIncomeExpensesNet": 1900000, "incomeBeforeTax": 12300000, "incomeBeforeTaxRatio": 0.0635330579, "incomeTaxExpense": 3000000, "netIncome": 9300000, "netIncomeRatio": 0.0480371901, "eps": 0.0016, "epsdiluted": 0.0016, "weightedAverageShsOut": 184160000, "weightedAverageShsOutDil": 184160000, "link": "", "finalLink": "", "calculatedOtherExpenses": 1900000, "calculatedOperatingExpenses": 33600000, "calculatedNetInterest": 0, "calculatedOtherIncome": 1600000, "calculatedIncomeNonControlling": 0, "calculatedEbitda": 8800000}, {"date": "1988-12-31", "symbol": "EXPD", "reportedCurrency": "USD", "cik": "0000746515", "fillingDate": "1988-12-31", "acceptedDate": "1988-12-30 19:00:00", "calendarYear": "1988", "period": "FY", "revenue": 147500000, "costOfRevenue": 112300000, "grossProfit": 35200000, "grossProfitRatio": 0.2386440678, "researchAndDevelopmentExpenses": 0, "generalAndAdministrativeExpenses": 0, "sellingAndMarketingExpenses": 0, "sellingGeneralAndAdministrativeExpenses": 25700000, "otherExpenses": 1400000, "operatingExpenses": 27100000, "costAndExpenses": 139400000, "interestIncome": 0, "interestExpense": 0, "depreciationAndAmortization": 1400000, "ebitda": 8300000, "ebitdaratio": 0.0562711864, "operatingIncome": 8100000, "operatingIncomeRatio": 0.0549152542, "totalOtherIncomeExpensesNet": 1200000, "incomeBeforeTax": 9100000, "incomeBeforeTaxRatio": 0.0616949153, "incomeTaxExpense": 1900000, "netIncome": 7200000, "netIncomeRatio": 0.0488135593, "eps": 0.0013, "epsdiluted": 0.0013, "weightedAverageShsOut": 183104000, "weightedAverageShsOutDil": 183104000, "link": "", "finalLink": "", "calculatedOtherExpenses": 1400000, "calculatedOperatingExpenses": 27100000, "calculatedNetInterest": 0, "calculatedOtherIncome": 1000000, "calculatedIncomeNonControlling": 0, "calculatedEbitda": 9500000}, {"date": "1987-12-31", "symbol": "EXPD", "reportedCurrency": "USD", "cik": "0000746515", "fillingDate": "1987-12-31", "acceptedDate": "1987-12-30 19:00:00", "calendarYear": "1987", "period": "FY", "revenue": 146800000, "costOfRevenue": 117900000, "grossProfit": 28900000, "grossProfitRatio": 0.196866485, "researchAndDevelopmentExpenses": 0, "generalAndAdministrativeExpenses": 0, "sellingAndMarketingExpenses": 0, "sellingGeneralAndAdministrativeExpenses": 21100000, "otherExpenses": 1200000, "operatingExpenses": 22300000, "costAndExpenses": 140200000, "interestIncome": 0, "interestExpense": 0, "depreciationAndAmortization": 1200000, "ebitda": 7000000, "ebitdaratio": 0.0476839237, "operatingIncome": 6600000, "operatingIncomeRatio": 0.0449591281, "totalOtherIncomeExpensesNet": 800000, "incomeBeforeTax": 7100000, "incomeBeforeTaxRatio": 0.0483651226, "incomeTaxExpense": 1300000, "netIncome": 5800000, "netIncomeRatio": 0.0395095368, "eps": 0.001, "epsdiluted": 0.001, "weightedAverageShsOut": 177568000, "weightedAverageShsOutDil": 177568000, "link": "", "finalLink": "", "calculatedOtherExpenses": 1200000, "calculatedOperatingExpenses": 22300000, "calculatedNetInterest": 0, "calculatedOtherIncome": 500000, "calculatedIncomeNonControlling": 0, "calculatedEbitda": 7800000}, {"date": "1986-12-31", "symbol": "EXPD", "reportedCurrency": "USD", "cik": "0000746515", "fillingDate": "1986-12-31", "acceptedDate": "1986-12-30 19:00:00", "calendarYear": "1986", "period": "FY", "revenue": 108800000, "costOfRevenue": 87400000, "grossProfit": 21400000, "grossProfitRatio": 0.1966911765, "researchAndDevelopmentExpenses": 0, "generalAndAdministrativeExpenses": 0, "sellingAndMarketingExpenses": 0, "sellingGeneralAndAdministrativeExpenses": 16000000, "otherExpenses": 800000, "operatingExpenses": 16800000, "costAndExpenses": 104200000, "interestIncome": 0, "interestExpense": 0, "depreciationAndAmortization": 800000, "ebitda": 4900000, "ebitdaratio": 0.0450367647, "operatingIncome": 4600000, "operatingIncomeRatio": 0.0422794118, "totalOtherIncomeExpensesNet": 500000, "incomeBeforeTax": 4900000, "incomeBeforeTaxRatio": 0.0450367647, "incomeTaxExpense": 800000, "netIncome": 4100000, "netIncomeRatio": 0.0376838235, "eps": 0.0008, "epsdiluted": 0.0008, "weightedAverageShsOut": 170816000, "weightedAverageShsOutDil": 170816000, "link": "", "finalLink": "", "calculatedOtherExpenses": 800000, "calculatedOperatingExpenses": 16800000, "calculatedNetInterest": 0, "calculatedOtherIncome": 300000, "calculatedIncomeNonControlling": 0, "calculatedEbitda": 5400000}, {"date": "1985-12-31", "symbol": "EXPD", "reportedCurrency": "USD", "cik": "0000746515", "fillingDate": "1985-12-31", "acceptedDate": "1985-12-30 19:00:00", "calendarYear": "1985", "period": "FY", "revenue": 66000000, "costOfRevenue": 53600000, "grossProfit": 12400000, "grossProfitRatio": 0.1878787879, "researchAndDevelopmentExpenses": 0, "generalAndAdministrativeExpenses": 0, "sellingAndMarketingExpenses": 0, "sellingGeneralAndAdministrativeExpenses": 9400000, "otherExpenses": 400000, "operatingExpenses": 9800000, "costAndExpenses": 63400000, "interestIncome": 0, "interestExpense": 0, "depreciationAndAmortization": 400000, "ebitda": 2200000, "ebitdaratio": 0.0333333333, "operatingIncome": 2600000, "operatingIncomeRatio": 0.0393939394, "totalOtherIncomeExpensesNet": 800000, "incomeBeforeTax": 3400000, "incomeBeforeTaxRatio": 0.0515151515, "incomeTaxExpense": 500000, "netIncome": 2900000, "netIncomeRatio": 0.0439393939, "eps": 0.0004, "epsdiluted": 0.0004, "weightedAverageShsOut": 144704000, "weightedAverageShsOutDil": 144704000, "link": "", "finalLink": "", "calculatedOtherExpenses": 400000, "calculatedOperatingExpenses": 9800000, "calculatedNetInterest": 0, "calculatedOtherIncome": 800000, "calculatedIncomeNonControlling": 0, "calculatedEbitda": 3000000}]}