{"originalCurrency": "USD", "convertedCurrency": "USD", "report": [{"date": "2023-12-29", "symbol": "EXPO", "reportedCurrency": "USD", "cik": "0000851520", "fillingDate": "2024-02-23", "acceptedDate": "2024-02-23 16:17:11", "calendarYear": "2023", "period": "FY", "revenue": 536765999, "costOfRevenue": 401004000, "grossProfit": 135761999, "grossProfitRatio": 0.2529258546, "researchAndDevelopmentExpenses": 0, "generalAndAdministrativeExpenses": 344326000, "sellingAndMarketingExpenses": -319886000, "sellingGeneralAndAdministrativeExpenses": 24440000, "otherExpenses": 3368000, "operatingExpenses": 24440000, "costAndExpenses": 425444000, "interestIncome": 7150000, "interestExpense": 0, "depreciationAndAmortization": 8916000, "ebitda": 120238000, "ebitdaratio": 0.2240045014, "operatingIncome": 111322000, "operatingIncomeRatio": 0.2073939113, "totalOtherIncomeExpensesNet": 24574000, "incomeBeforeTax": 135896000, "incomeBeforeTaxRatio": 0.2531754997, "incomeTaxExpense": 35557000, "netIncome": 100339000, "netIncomeRatio": 0.1869324812, "eps": 1.96, "epsdiluted": 1.94, "weightedAverageShsOut": 51152000, "weightedAverageShsOutDil": 51635000, "link": "https://www.sec.gov/Archives/edgar/data/851520/000095017024019390/0000950170-24-019390-index.htm", "finalLink": "https://www.sec.gov/Archives/edgar/data/851520/000095017024019390/expo-20231229.htm", "calculatedOtherExpenses": -1, "calculatedOperatingExpenses": 24439999, "calculatedNetInterest": 7150000, "calculatedOtherIncome": 17424000, "calculatedIncomeNonControlling": 0, "calculatedEbitda": 120238000}, {"date": "2022-12-30", "symbol": "EXPO", "reportedCurrency": "USD", "cik": "0000851520", "fillingDate": "2023-02-24", "acceptedDate": "2023-02-24 16:53:09", "calendarYear": "2022", "period": "FY", "revenue": 513293000, "costOfRevenue": 35083000, "grossProfit": 478210000, "grossProfitRatio": 0.9316511232, "researchAndDevelopmentExpenses": 0, "generalAndAdministrativeExpenses": 287895000, "sellingAndMarketingExpenses": 0, "sellingGeneralAndAdministrativeExpenses": 287895000, "otherExpenses": 84556000, "operatingExpenses": 372451000, "costAndExpenses": 372451000, "interestIncome": 2096000, "interestExpense": 2096000, "depreciationAndAmortization": 7079000, "ebitda": 140842000, "ebitdaratio": 0.2743890916, "operatingIncome": 140842000, "operatingIncomeRatio": 0.2743890916, "totalOtherIncomeExpensesNet": -8608000, "incomeBeforeTax": 132234000, "incomeBeforeTaxRatio": 0.2576189428, "incomeTaxExpense": 29904000, "netIncome": 102330000, "netIncomeRatio": 0.1993598198, "eps": 1.98, "epsdiluted": 1.96, "weightedAverageShsOut": 51727000, "weightedAverageShsOutDil": 52280000, "link": "https://www.sec.gov/Archives/edgar/data/851520/000095017023004401/0000950170-23-004401-index.htm", "finalLink": "https://www.sec.gov/Archives/edgar/data/851520/000095017023004401/expo-20221230.htm", "calculatedOtherExpenses": 49473000, "calculatedOperatingExpenses": 337368000, "calculatedNetInterest": 0, "calculatedOtherIncome": -8608000, "calculatedIncomeNonControlling": 0, "calculatedEbitda": 147921000}, {"date": "2021-12-31", "symbol": "EXPO", "reportedCurrency": "USD", "cik": "0000851520", "fillingDate": "2022-02-25", "acceptedDate": "2022-02-25 16:16:10", "calendarYear": "2021", "period": "FY", "revenue": 466269000, "costOfRevenue": 32594000, "grossProfit": 433675000, "grossProfitRatio": 0.9300961462, "researchAndDevelopmentExpenses": 0, "generalAndAdministrativeExpenses": 293329000, "sellingAndMarketingExpenses": 0, "sellingGeneralAndAdministrativeExpenses": 293329000, "otherExpenses": 64013000, "operatingExpenses": 357342000, "costAndExpenses": 357342000, "interestIncome": 66000, "interestExpense": 0, "depreciationAndAmortization": 6487000, "ebitda": 108927000, "ebitdaratio": 0.2336140726, "operatingIncome": 108927000, "operatingIncomeRatio": 0.2336140726, "totalOtherIncomeExpensesNet": 16910000, "incomeBeforeTax": 125837000, "incomeBeforeTaxRatio": 0.2698806912, "incomeTaxExpense": 24635000, "netIncome": 101202000, "netIncomeRatio": 0.2170463831, "eps": 1.92, "epsdiluted": 1.9, "weightedAverageShsOut": 52610000, "weightedAverageShsOutDil": 53331000, "link": "https://www.sec.gov/Archives/edgar/data/851520/000156459022007169/0001564590-22-007169-index.htm", "finalLink": "https://www.sec.gov/Archives/edgar/data/851520/000156459022007169/expo-10k_20211231.htm", "calculatedOtherExpenses": 31419000, "calculatedOperatingExpenses": 324748000, "calculatedNetInterest": 66000, "calculatedOtherIncome": 16844000, "calculatedIncomeNonControlling": 0, "calculatedEbitda": 115414000}, {"date": "2020-12-31", "symbol": "EXPO", "reportedCurrency": "USD", "cik": "0000851520", "fillingDate": "2021-02-26", "acceptedDate": "2021-02-26 16:16:15", "calendarYear": "2020", "period": "FY", "revenue": 399900000, "costOfRevenue": 303763000, "grossProfit": 96137000, "grossProfitRatio": 0.2404026007, "researchAndDevelopmentExpenses": 0, "generalAndAdministrativeExpenses": 262929000, "sellingAndMarketingExpenses": 0, "sellingGeneralAndAdministrativeExpenses": 262929000, "otherExpenses": 53722000, "operatingExpenses": 316651000, "costAndExpenses": 316651000, "interestIncome": 1705000, "interestExpense": 0, "depreciationAndAmortization": 6871000, "ebitda": 83249000, "ebitdaratio": 0.2081745436, "operatingIncome": 83249000, "operatingIncomeRatio": 0.2081745436, "totalOtherIncomeExpensesNet": 13687000, "incomeBeforeTax": 96936000, "incomeBeforeTaxRatio": 0.2424006002, "incomeTaxExpense": 14384000, "netIncome": 82552000, "netIncomeRatio": 0.2064316079, "eps": 1.58, "epsdiluted": 1.55, "weightedAverageShsOut": 52388000, "weightedAverageShsOutDil": 53323000, "link": "https://www.sec.gov/Archives/edgar/data/851520/000156459021009433/0001564590-21-009433-index.htm", "finalLink": "https://www.sec.gov/Archives/edgar/data/851520/000156459021009433/expo-10k_20210101.htm", "calculatedOtherExpenses": -250041000, "calculatedOperatingExpenses": 12888000, "calculatedNetInterest": 1705000, "calculatedOtherIncome": 11982000, "calculatedIncomeNonControlling": 0, "calculatedEbitda": 90120000}, {"date": "2019-12-31", "symbol": "EXPO", "reportedCurrency": "USD", "cik": "0000851520", "fillingDate": "2020-02-28", "acceptedDate": "2020-02-28 16:45:04", "calendarYear": "2019", "period": "FY", "revenue": 417199000, "costOfRevenue": 25809000, "grossProfit": 391390000, "grossProfitRatio": 0.9381374356, "researchAndDevelopmentExpenses": 0, "generalAndAdministrativeExpenses": 272717000, "sellingAndMarketingExpenses": 0, "sellingGeneralAndAdministrativeExpenses": 272717000, "otherExpenses": 59371000, "operatingExpenses": 332088000, "costAndExpenses": 332088000, "interestIncome": 3912000, "interestExpense": 0, "depreciationAndAmortization": 6806000, "ebitda": 85111000, "ebitdaratio": 0.2040057622, "operatingIncome": 85111000, "operatingIncomeRatio": 0.2040057622, "totalOtherIncomeExpensesNet": 19079000, "incomeBeforeTax": 104190000, "incomeBeforeTaxRatio": 0.2497369361, "incomeTaxExpense": 21730000, "netIncome": 82460000, "netIncomeRatio": 0.1976514805, "eps": 1.57, "epsdiluted": 1.53, "weightedAverageShsOut": 52691000, "weightedAverageShsOutDil": 53884000, "link": "https://www.sec.gov/Archives/edgar/data/851520/000156459020007824/0001564590-20-007824-index.htm", "finalLink": "https://www.sec.gov/Archives/edgar/data/851520/000156459020007824/expo-10k_20200103.htm", "calculatedOtherExpenses": 33562000, "calculatedOperatingExpenses": 306279000, "calculatedNetInterest": 3912000, "calculatedOtherIncome": 15167000, "calculatedIncomeNonControlling": 0, "calculatedEbitda": 91917000}, {"date": "2018-12-28", "symbol": "EXPO", "reportedCurrency": "USD", "cik": "0000851520", "fillingDate": "2019-02-22", "acceptedDate": "2019-02-22 17:29:44", "calendarYear": "2018", "period": "FY", "revenue": 379523000, "costOfRevenue": 24884000, "grossProfit": 354639000, "grossProfitRatio": 0.9344334862, "researchAndDevelopmentExpenses": 0, "generalAndAdministrativeExpenses": 232584000, "sellingAndMarketingExpenses": 0, "sellingGeneralAndAdministrativeExpenses": 232584000, "otherExpenses": -890000, "operatingExpenses": 288067000, "costAndExpenses": 288067000, "interestIncome": 2751000, "interestExpense": -1861000, "depreciationAndAmortization": 6292000, "ebitda": 91456000, "ebitdaratio": 0.2409761727, "operatingIncome": 91456000, "operatingIncomeRatio": 0.2409761727, "totalOtherIncomeExpensesNet": -890000, "incomeBeforeTax": 93317000, "incomeBeforeTaxRatio": 0.2458796964, "incomeTaxExpense": 21063000, "netIncome": 72254000, "netIncomeRatio": 0.1903810836, "eps": 1.37, "epsdiluted": 1.33, "weightedAverageShsOut": 52906000, "weightedAverageShsOutDil": 54168000, "link": "https://www.sec.gov/Archives/edgar/data/851520/000114420419009662/0001144204-19-009662-index.htm", "finalLink": "https://www.sec.gov/Archives/edgar/data/851520/000114420419009662/tv512970_10k.htm", "calculatedOtherExpenses": 30599000, "calculatedOperatingExpenses": 263183000, "calculatedNetInterest": 4612000, "calculatedOtherIncome": -2751000, "calculatedIncomeNonControlling": 0, "calculatedEbitda": 97748000}, {"date": "2017-12-29", "symbol": "EXPO", "reportedCurrency": "USD", "cik": "0000851520", "fillingDate": "2018-02-23", "acceptedDate": "2018-02-23 16:25:01", "calendarYear": "2017", "period": "FY", "revenue": 347799000, "costOfRevenue": 18135000, "grossProfit": 329664000, "grossProfitRatio": 0.9478578144, "researchAndDevelopmentExpenses": 0, "generalAndAdministrativeExpenses": 228069000, "sellingAndMarketingExpenses": 0, "sellingGeneralAndAdministrativeExpenses": 228069000, "otherExpenses": 9164000, "operatingExpenses": 275748000, "costAndExpenses": 275748000, "interestIncome": 1294000, "interestExpense": -10458000, "depreciationAndAmortization": 6285000, "ebitda": 72051000, "ebitdaratio": 0.2071627578, "operatingIncome": 72051000, "operatingIncomeRatio": 0.2071627578, "totalOtherIncomeExpensesNet": 9164000, "incomeBeforeTax": 82509000, "incomeBeforeTaxRatio": 0.2372318494, "incomeTaxExpense": 41204000, "netIncome": 41305000, "netIncomeRatio": 0.1187611235, "eps": 0.78, "epsdiluted": 0.77, "weightedAverageShsOut": 52724000, "weightedAverageShsOutDil": 53972000, "link": "https://www.sec.gov/Archives/edgar/data/851520/000114420418010563/0001144204-18-010563-index.htm", "finalLink": "https://www.sec.gov/Archives/edgar/data/851520/000114420418010563/tv485565_10k.htm", "calculatedOtherExpenses": 29544000, "calculatedOperatingExpenses": 257613000, "calculatedNetInterest": 11752000, "calculatedOtherIncome": -1294000, "calculatedIncomeNonControlling": 0, "calculatedEbitda": 78336000}, {"date": "2016-12-30", "symbol": "EXPO", "reportedCurrency": "USD", "cik": "0000851520", "fillingDate": "2017-02-24", "acceptedDate": "2017-02-24 16:36:18", "calendarYear": "2016", "period": "FY", "revenue": 315076000, "costOfRevenue": 15879000, "grossProfit": 299197000, "grossProfitRatio": 0.9496026356, "researchAndDevelopmentExpenses": 0, "generalAndAdministrativeExpenses": 208889000, "sellingAndMarketingExpenses": 0, "sellingGeneralAndAdministrativeExpenses": 208889000, "otherExpenses": 6528000, "operatingExpenses": 253165000, "costAndExpenses": 253165000, "interestIncome": 683000, "interestExpense": -7211000, "depreciationAndAmortization": 6131000, "ebitda": 61911000, "ebitdaratio": 0.1964954487, "operatingIncome": 61911000, "operatingIncomeRatio": 0.1964954487, "totalOtherIncomeExpensesNet": 6528000, "incomeBeforeTax": 69122000, "incomeBeforeTaxRatio": 0.2193819904, "incomeTaxExpense": 21642000, "netIncome": 47480000, "netIncomeRatio": 0.1506938009, "eps": 0.9, "epsdiluted": 0.87, "weightedAverageShsOut": 52976000, "weightedAverageShsOutDil": 54332000, "link": "https://www.sec.gov/Archives/edgar/data/851520/000114420417010991/0001144204-17-010991-index.htm", "finalLink": "https://www.sec.gov/Archives/edgar/data/851520/000114420417010991/v459491_10k.htm", "calculatedOtherExpenses": 28397000, "calculatedOperatingExpenses": 237286000, "calculatedNetInterest": 7894000, "calculatedOtherIncome": -683000, "calculatedIncomeNonControlling": 0, "calculatedEbitda": 68042000}, {"date": "2015-12-31", "symbol": "EXPO", "reportedCurrency": "USD", "cik": "0000851520", "fillingDate": "2016-02-26", "acceptedDate": "2016-02-26 17:41:53", "calendarYear": "2015", "period": "FY", "revenue": 312832000, "costOfRevenue": 17127000, "grossProfit": 295705000, "grossProfitRatio": 0.9452517645, "researchAndDevelopmentExpenses": 0, "generalAndAdministrativeExpenses": 199797000, "sellingAndMarketingExpenses": 0, "sellingGeneralAndAdministrativeExpenses": 199797000, "otherExpenses": 1993000, "operatingExpenses": 243899000, "costAndExpenses": 243899000, "interestIncome": 207000, "interestExpense": -2200000, "depreciationAndAmortization": 5479000, "ebitda": 68933000, "ebitdaratio": 0.2203514986, "operatingIncome": 68933000, "operatingIncomeRatio": 0.2203514986, "totalOtherIncomeExpensesNet": 1993000, "incomeBeforeTax": 71133000, "incomeBeforeTaxRatio": 0.2273840272, "incomeTaxExpense": 27534000, "netIncome": 43599000, "netIncomeRatio": 0.1393687347, "eps": 0.82, "epsdiluted": 0.8, "weightedAverageShsOut": 53212000, "weightedAverageShsOutDil": 54596000, "link": "https://www.sec.gov/Archives/edgar/data/851520/000114420416084673/0001144204-16-084673-index.htm", "finalLink": "https://www.sec.gov/Archives/edgar/data/851520/000114420416084673/v431818_10k.htm", "calculatedOtherExpenses": 26975000, "calculatedOperatingExpenses": 226772000, "calculatedNetInterest": 2407000, "calculatedOtherIncome": -207000, "calculatedIncomeNonControlling": 0, "calculatedEbitda": 74412000}, {"date": "2014-12-31", "symbol": "EXPO", "reportedCurrency": "USD", "cik": "0000851520", "fillingDate": "2015-03-02", "acceptedDate": "2015-02-27 18:04:47", "calendarYear": "2014", "period": "FY", "revenue": 304704000, "costOfRevenue": 15495000, "grossProfit": 289209000, "grossProfitRatio": 0.9491473693, "researchAndDevelopmentExpenses": 0, "generalAndAdministrativeExpenses": 199375000, "sellingAndMarketingExpenses": 0, "sellingGeneralAndAdministrativeExpenses": 199375000, "otherExpenses": 4266000, "operatingExpenses": 241155000, "costAndExpenses": 241155000, "interestIncome": 150000, "interestExpense": -4416000, "depreciationAndAmortization": 5404000, "ebitda": 63549000, "ebitdaratio": 0.2085597826, "operatingIncome": 63549000, "operatingIncomeRatio": 0.2085597826, "totalOtherIncomeExpensesNet": 4266000, "incomeBeforeTax": 67965000, "incomeBeforeTaxRatio": 0.2230525362, "incomeTaxExpense": 27264000, "netIncome": 40701000, "netIncomeRatio": 0.1335755356, "eps": 0.76, "epsdiluted": 0.74, "weightedAverageShsOut": 53820000, "weightedAverageShsOutDil": 55332000, "link": "https://www.sec.gov/Archives/edgar/data/851520/000114420415012949/0001144204-15-012949-index.htm", "finalLink": "https://www.sec.gov/Archives/edgar/data/851520/000114420415012949/v401822_10k.htm", "calculatedOtherExpenses": 26285000, "calculatedOperatingExpenses": 225660000, "calculatedNetInterest": 4566000, "calculatedOtherIncome": -150000, "calculatedIncomeNonControlling": 0, "calculatedEbitda": 68953000}, {"date": "2013-12-31", "symbol": "EXPO", "reportedCurrency": "USD", "cik": "0000851520", "fillingDate": "2014-03-03", "acceptedDate": "2014-03-03 06:13:30", "calendarYear": "2013", "period": "FY", "revenue": 296168000, "costOfRevenue": 16125000, "grossProfit": 280043000, "grossProfitRatio": 0.9455545501, "researchAndDevelopmentExpenses": 0, "generalAndAdministrativeExpenses": 198798000, "sellingAndMarketingExpenses": 0, "sellingGeneralAndAdministrativeExpenses": 198798000, "otherExpenses": 7872000, "operatingExpenses": 240222000, "costAndExpenses": 240222000, "interestIncome": 127000, "interestExpense": -7999000, "depreciationAndAmortization": 4951000, "ebitda": 55946000, "ebitdaratio": 0.1888995435, "operatingIncome": 55946000, "operatingIncomeRatio": 0.1888995435, "totalOtherIncomeExpensesNet": 7872000, "incomeBeforeTax": 63945000, "incomeBeforeTaxRatio": 0.2159078631, "incomeTaxExpense": 25305000, "netIncome": 38640000, "netIncomeRatio": 0.130466492, "eps": 0.71, "epsdiluted": 0.69, "weightedAverageShsOut": 54464000, "weightedAverageShsOutDil": 56100000, "link": "https://www.sec.gov/Archives/edgar/data/851520/000114420414012676/0001144204-14-012676-index.htm", "finalLink": "https://www.sec.gov/Archives/edgar/data/851520/000114420414012676/v368946_10k.htm", "calculatedOtherExpenses": 25299000, "calculatedOperatingExpenses": 224097000, "calculatedNetInterest": 8126000, "calculatedOtherIncome": -127000, "calculatedIncomeNonControlling": 0, "calculatedEbitda": 60897000}, {"date": "2012-12-28", "symbol": "EXPO", "reportedCurrency": "USD", "cik": "0000851520", "fillingDate": "2013-02-28", "acceptedDate": "2013-02-27 19:54:36", "calendarYear": "2012", "period": "FY", "revenue": 292653000, "costOfRevenue": 26091000, "grossProfit": 266562000, "grossProfitRatio": 0.9108466341, "researchAndDevelopmentExpenses": 0, "generalAndAdministrativeExpenses": 185368000, "sellingAndMarketingExpenses": 0, "sellingGeneralAndAdministrativeExpenses": 185368000, "otherExpenses": 3801000, "operatingExpenses": 235033000, "costAndExpenses": 235033000, "interestIncome": 328000, "interestExpense": -4129000, "depreciationAndAmortization": 4711000, "ebitda": 57620000, "ebitdaratio": 0.1968884652, "operatingIncome": 57620000, "operatingIncomeRatio": 0.1968884652, "totalOtherIncomeExpensesNet": 3801000, "incomeBeforeTax": 61749000, "incomeBeforeTaxRatio": 0.2109973245, "incomeTaxExpense": 24524000, "netIncome": 37225000, "netIncomeRatio": 0.1271984227, "eps": 0.68, "epsdiluted": 0.65, "weightedAverageShsOut": 55120000, "weightedAverageShsOutDil": 57172000, "link": "https://www.sec.gov/Archives/edgar/data/851520/000114420413011685/0001144204-13-011685-index.htm", "finalLink": "https://www.sec.gov/Archives/edgar/data/851520/000114420413011685/v333733_10k.htm", "calculatedOtherExpenses": 23574000, "calculatedOperatingExpenses": 208942000, "calculatedNetInterest": 4457000, "calculatedOtherIncome": -328000, "calculatedIncomeNonControlling": 0, "calculatedEbitda": 62331000}, {"date": "2011-12-30", "symbol": "EXPO", "reportedCurrency": "USD", "cik": "0000851520", "fillingDate": "2012-02-27", "acceptedDate": "2012-02-24 18:53:09", "calendarYear": "2011", "period": "FY", "revenue": 272446000, "costOfRevenue": 182632000, "grossProfit": 89814000, "grossProfitRatio": 0.3296579873, "researchAndDevelopmentExpenses": 0, "generalAndAdministrativeExpenses": 170000000, "sellingAndMarketingExpenses": -156884000, "sellingGeneralAndAdministrativeExpenses": 13116000, "otherExpenses": 23238000, "operatingExpenses": 36354000, "costAndExpenses": 218986000, "interestIncome": 236000, "interestExpense": 1000, "depreciationAndAmortization": 4411000, "ebitda": 52337000, "ebitdaratio": 0.1921004529, "operatingIncome": 53460000, "operatingIncomeRatio": 0.1962223707, "totalOtherIncomeExpensesNet": 1123000, "incomeBeforeTax": 54819000, "incomeBeforeTaxRatio": 0.2012105151, "incomeTaxExpense": 22124000, "netIncome": 32695000, "netIncomeRatio": 0.1200054323, "eps": 0.58, "epsdiluted": 0.56, "weightedAverageShsOut": 56724000, "weightedAverageShsOutDil": 59004000, "link": "https://www.sec.gov/Archives/edgar/data/851520/000114420412010942/0001144204-12-010942-index.htm", "finalLink": "https://www.sec.gov/Archives/edgar/data/851520/000114420412010942/v242932_10k.htm", "calculatedOtherExpenses": 23238000, "calculatedOperatingExpenses": 36354000, "calculatedNetInterest": 235000, "calculatedOtherIncome": 1124000, "calculatedIncomeNonControlling": 0, "calculatedEbitda": 57871000}, {"date": "2010-12-31", "symbol": "EXPO", "reportedCurrency": "USD", "cik": "0000851520", "fillingDate": "2011-02-28", "acceptedDate": "2011-02-25 20:04:45", "calendarYear": "2010", "period": "FY", "revenue": 248753000, "costOfRevenue": 171735000, "grossProfit": 77018000, "grossProfitRatio": 0.3096163664, "researchAndDevelopmentExpenses": 0, "generalAndAdministrativeExpenses": 12364000, "sellingAndMarketingExpenses": 0, "sellingGeneralAndAdministrativeExpenses": 12364000, "otherExpenses": 21413000, "operatingExpenses": 33777000, "costAndExpenses": 205512000, "interestIncome": 0, "interestExpense": -3467000, "depreciationAndAmortization": 4323000, "ebitda": 39972000, "ebitdaratio": 0.1606895193, "operatingIncome": 43241000, "operatingIncomeRatio": 0.1738310694, "totalOtherIncomeExpensesNet": 3269000, "incomeBeforeTax": 46708000, "incomeBeforeTaxRatio": 0.1877685897, "incomeTaxExpense": 19187000, "netIncome": 27521000, "netIncomeRatio": 0.1106358516, "eps": 0.48, "epsdiluted": 0.46, "weightedAverageShsOut": 57416000, "weightedAverageShsOutDil": 60276000, "link": "https://www.sec.gov/Archives/edgar/data/851520/000119312511047894/0001193125-11-047894-index.htm", "finalLink": "https://www.sec.gov/Archives/edgar/data/851520/000119312511047894/d10k.htm", "calculatedOtherExpenses": 21413000, "calculatedOperatingExpenses": 33777000, "calculatedNetInterest": 3467000, "calculatedOtherIncome": 0, "calculatedIncomeNonControlling": 0, "calculatedEbitda": 47564000}, {"date": "2009-12-31", "symbol": "EXPO", "reportedCurrency": "USD", "cik": "0000851520", "fillingDate": "2010-02-24", "acceptedDate": "2010-02-23 21:09:39", "calendarYear": "2009", "period": "FY", "revenue": 227882000, "costOfRevenue": 162275000, "grossProfit": 65607000, "grossProfitRatio": 0.2878990004, "researchAndDevelopmentExpenses": 0, "generalAndAdministrativeExpenses": 173280000, "sellingAndMarketingExpenses": -162275000, "sellingGeneralAndAdministrativeExpenses": 173280000, "otherExpenses": 21340000, "operatingExpenses": 194620000, "costAndExpenses": 194620000, "interestIncome": 0, "interestExpense": -3759000, "depreciationAndAmortization": 4352000, "ebitda": 30117000, "ebitdaratio": 0.1321605041, "operatingIncome": 33262000, "operatingIncomeRatio": 0.1459615064, "totalOtherIncomeExpensesNet": 3145000, "incomeBeforeTax": 37021000, "incomeBeforeTaxRatio": 0.1624568856, "incomeTaxExpense": 14894000, "netIncome": 22127000, "netIncomeRatio": 0.0970984983, "eps": 0.39, "epsdiluted": 0.37, "weightedAverageShsOut": 56744000, "weightedAverageShsOutDil": 60120000, "link": "https://www.sec.gov/Archives/edgar/data/851520/000119312510037929/0001193125-10-037929-index.htm", "finalLink": "https://www.sec.gov/Archives/edgar/data/851520/000119312510037929/d10k.htm", "calculatedOtherExpenses": -140935000, "calculatedOperatingExpenses": 32345000, "calculatedNetInterest": 3759000, "calculatedOtherIncome": 0, "calculatedIncomeNonControlling": 0, "calculatedEbitda": 37614000}, {"date": "2008-12-31", "symbol": "EXPO", "reportedCurrency": "USD", "cik": "0000851520", "fillingDate": "2009-02-25", "acceptedDate": "2009-02-24 18:49:58", "calendarYear": "2008", "period": "FY", "revenue": 228838000, "costOfRevenue": 156113000, "grossProfit": 72725000, "grossProfitRatio": 0.3178012393, "researchAndDevelopmentExpenses": 0, "generalAndAdministrativeExpenses": 146900000, "sellingAndMarketingExpenses": -133511000, "sellingGeneralAndAdministrativeExpenses": 13389000, "otherExpenses": 22614000, "operatingExpenses": 192116000, "costAndExpenses": 192116000, "interestIncome": 1718000, "interestExpense": 11000, "depreciationAndAmortization": 4109000, "ebitda": 36657000, "ebitdaratio": 0.1601875563, "operatingIncome": 36722000, "operatingIncomeRatio": 0.1604716, "totalOtherIncomeExpensesNet": 65000, "incomeBeforeTax": 38494000, "incomeBeforeTaxRatio": 0.1682150692, "incomeTaxExpense": 15334000, "netIncome": 23160000, "netIncomeRatio": 0.1012069674, "eps": 0.39, "epsdiluted": 0.37, "weightedAverageShsOut": 58840000, "weightedAverageShsOutDil": 62896000, "link": "https://www.sec.gov/Archives/edgar/data/851520/000119312509036413/0001193125-09-036413-index.htm", "finalLink": "https://www.sec.gov/Archives/edgar/data/851520/000119312509036413/d10k.htm", "calculatedOtherExpenses": 22614000, "calculatedOperatingExpenses": 36003000, "calculatedNetInterest": 1707000, "calculatedOtherIncome": 65000, "calculatedIncomeNonControlling": 0, "calculatedEbitda": 40831000}, {"date": "2007-12-28", "symbol": "EXPO", "reportedCurrency": "USD", "cik": "0000851520", "fillingDate": "2008-03-05", "acceptedDate": "2008-03-05 15:49:38", "calendarYear": "2007", "period": "FY", "revenue": 205148000, "costOfRevenue": 43671000, "grossProfit": 161477000, "grossProfitRatio": 0.7871244175, "researchAndDevelopmentExpenses": 0, "generalAndAdministrativeExpenses": 131500000, "sellingAndMarketingExpenses": 33000, "sellingGeneralAndAdministrativeExpenses": 131533000, "otherExpenses": 0, "operatingExpenses": 131533000, "costAndExpenses": 175204000, "interestIncome": 0, "interestExpense": -3681000, "depreciationAndAmortization": 4786000, "ebitda": 32870000, "ebitdaratio": 0.1602257882, "operatingIncome": 29944000, "operatingIncomeRatio": 0.1459629146, "totalOtherIncomeExpensesNet": 1860000, "incomeBeforeTax": 33625000, "incomeBeforeTaxRatio": 0.1639060581, "incomeTaxExpense": 13284000, "netIncome": 20341000, "netIncomeRatio": 0.0991528068, "eps": 0.34, "epsdiluted": 0.31, "weightedAverageShsOut": 60028000, "weightedAverageShsOutDil": 65288000, "link": "https://www.sec.gov/Archives/edgar/data/851520/000119312508047805/0001193125-08-047805-index.htm", "finalLink": "https://www.sec.gov/Archives/edgar/data/851520/000119312508047805/d10k.htm", "calculatedOtherExpenses": 0, "calculatedOperatingExpenses": 131533000, "calculatedNetInterest": 3681000, "calculatedOtherIncome": 0, "calculatedIncomeNonControlling": 0, "calculatedEbitda": 34730000}, {"date": "2006-12-29", "symbol": "EXPO", "reportedCurrency": "USD", "cik": "0000851520", "fillingDate": "2007-03-08", "acceptedDate": "2007-03-08 15:28:22", "calendarYear": "2006", "period": "FY", "revenue": 168496000, "costOfRevenue": 31640000, "grossProfit": 136856000, "grossProfitRatio": 0.8122210616, "researchAndDevelopmentExpenses": 0, "generalAndAdministrativeExpenses": 116700000, "sellingAndMarketingExpenses": -33000, "sellingGeneralAndAdministrativeExpenses": 116667000, "otherExpenses": 0, "operatingExpenses": 116667000, "costAndExpenses": 148307000, "interestIncome": 0, "interestExpense": -3389000, "depreciationAndAmortization": 4474000, "ebitda": 23201000, "ebitdaratio": 0.1376946634, "operatingIncome": 20189000, "operatingIncomeRatio": 0.1198188681, "totalOtherIncomeExpensesNet": 1462000, "incomeBeforeTax": 23578000, "incomeBeforeTaxRatio": 0.1399321052, "incomeTaxExpense": 9384000, "netIncome": 14194000, "netIncomeRatio": 0.0842393885, "eps": 0.22, "epsdiluted": 0.21, "weightedAverageShsOut": 63532000, "weightedAverageShsOutDil": 68784000, "link": "https://www.sec.gov/Archives/edgar/data/851520/000119312507049476/0001193125-07-049476-index.htm", "finalLink": "https://www.sec.gov/Archives/edgar/data/851520/000119312507049476/d10k.htm", "calculatedOtherExpenses": 0, "calculatedOperatingExpenses": 116667000, "calculatedNetInterest": 3389000, "calculatedOtherIncome": 0, "calculatedIncomeNonControlling": 0, "calculatedEbitda": 24663000}, {"date": "2005-12-30", "symbol": "EXPO", "reportedCurrency": "USD", "cik": "0000851520", "fillingDate": "2006-03-06", "acceptedDate": "2006-03-06 16:16:20", "calendarYear": "2005", "period": "FY", "revenue": 155196000, "costOfRevenue": 30953000, "grossProfit": 124243000, "grossProfitRatio": 0.8005554267, "researchAndDevelopmentExpenses": 0, "generalAndAdministrativeExpenses": 103900000, "sellingAndMarketingExpenses": -37000, "sellingGeneralAndAdministrativeExpenses": 103863000, "otherExpenses": 0, "operatingExpenses": 103863000, "costAndExpenses": 134816000, "interestIncome": 0, "interestExpense": -2238000, "depreciationAndAmortization": 4472000, "ebitda": 23819000, "ebitdaratio": 0.1534768937, "operatingIncome": 20380000, "operatingIncomeRatio": 0.1313178175, "totalOtherIncomeExpensesNet": 1033000, "incomeBeforeTax": 22618000, "incomeBeforeTaxRatio": 0.1457382922, "incomeTaxExpense": 8432000, "netIncome": 14186000, "netIncomeRatio": 0.091406995, "eps": 0.22, "epsdiluted": 0.2, "weightedAverageShsOut": 64848000, "weightedAverageShsOutDil": 70152000, "link": "https://www.sec.gov/Archives/edgar/data/851520/000119312506046118/0001193125-06-046118-index.htm", "finalLink": "https://www.sec.gov/Archives/edgar/data/851520/000119312506046118/d10k.htm", "calculatedOtherExpenses": 0, "calculatedOperatingExpenses": 103863000, "calculatedNetInterest": 2238000, "calculatedOtherIncome": 0, "calculatedIncomeNonControlling": 0, "calculatedEbitda": 24852000}, {"date": "2004-12-31", "symbol": "EXPO", "reportedCurrency": "USD", "cik": "0000851520", "fillingDate": "2005-03-15", "acceptedDate": "2005-03-15 15:49:46", "calendarYear": "2004", "period": "FY", "revenue": 151509000, "costOfRevenue": 31592000, "grossProfit": 119917000, "grossProfitRatio": 0.7914843343, "researchAndDevelopmentExpenses": 0, "generalAndAdministrativeExpenses": 100593000, "sellingAndMarketingExpenses": 0, "sellingGeneralAndAdministrativeExpenses": 100593000, "otherExpenses": 0, "operatingExpenses": 100593000, "costAndExpenses": 132185000, "interestIncome": 0, "interestExpense": -1079000, "depreciationAndAmortization": 4088000, "ebitda": 22804000, "ebitdaratio": 0.1505125108, "operatingIncome": 19324000, "operatingIncomeRatio": 0.1275435783, "totalOtherIncomeExpensesNet": 608000, "incomeBeforeTax": 20403000, "incomeBeforeTaxRatio": 0.1346652674, "incomeTaxExpense": 8363000, "netIncome": 12040000, "netIncomeRatio": 0.0794672264, "eps": 0.2, "epsdiluted": 0.18, "weightedAverageShsOut": 61656000, "weightedAverageShsOutDil": 68296000, "link": "https://www.sec.gov/Archives/edgar/data/851520/000119312505051002/0001193125-05-051002-index.htm", "finalLink": "https://www.sec.gov/Archives/edgar/data/851520/000119312505051002/d10k.htm", "calculatedOtherExpenses": 0, "calculatedOperatingExpenses": 100593000, "calculatedNetInterest": 1079000, "calculatedOtherIncome": 0, "calculatedIncomeNonControlling": 0, "calculatedEbitda": 23412000}, {"date": "2003-12-31", "symbol": "EXPO", "reportedCurrency": "USD", "cik": "0000851520", "fillingDate": "2004-03-17", "acceptedDate": "2004-03-17 15:10:18", "calendarYear": "2003", "period": "FY", "revenue": 139676000, "costOfRevenue": 31630000, "grossProfit": 108046000, "grossProfitRatio": 0.7735473524, "researchAndDevelopmentExpenses": 0, "generalAndAdministrativeExpenses": 91100000, "sellingAndMarketingExpenses": 44000, "sellingGeneralAndAdministrativeExpenses": 91144000, "otherExpenses": 0, "operatingExpenses": 91144000, "costAndExpenses": 122774000, "interestIncome": 0, "interestExpense": -794000, "depreciationAndAmortization": 3368000, "ebitda": 19610000, "ebitdaratio": 0.1403963458, "operatingIncome": 16902000, "operatingIncomeRatio": 0.1210086199, "totalOtherIncomeExpensesNet": 660000, "incomeBeforeTax": 17696000, "incomeBeforeTaxRatio": 0.1266932043, "incomeTaxExpense": 7530000, "netIncome": 10166000, "netIncomeRatio": 0.0727827257, "eps": 0.18, "epsdiluted": 0.16, "weightedAverageShsOut": 57568000, "weightedAverageShsOutDil": 63968000, "link": "https://www.sec.gov/Archives/edgar/data/851520/000119312504044029/0001193125-04-044029-index.htm", "finalLink": "https://www.sec.gov/Archives/edgar/data/851520/000119312504044029/d10k.htm", "calculatedOtherExpenses": 0, "calculatedOperatingExpenses": 91144000, "calculatedNetInterest": 794000, "calculatedOtherIncome": 0, "calculatedIncomeNonControlling": 0, "calculatedEbitda": 20270000}, {"date": "2002-12-31", "symbol": "EXPO", "reportedCurrency": "USD", "cik": "0000851520", "fillingDate": "2003-04-03", "acceptedDate": "2003-04-03 15:58:13", "calendarYear": "2002", "period": "FY", "revenue": 126055000, "costOfRevenue": 17617000, "grossProfit": 108438000, "grossProfitRatio": 0.8602435445, "researchAndDevelopmentExpenses": 0, "generalAndAdministrativeExpenses": 83800000, "sellingAndMarketingExpenses": 10718000, "sellingGeneralAndAdministrativeExpenses": 94518000, "otherExpenses": 0, "operatingExpenses": 94518000, "costAndExpenses": 112135000, "interestIncome": 0, "interestExpense": -720000, "depreciationAndAmortization": 3420000, "ebitda": 16738000, "ebitdaratio": 0.1327833089, "operatingIncome": 13920000, "operatingIncomeRatio": 0.1104279878, "totalOtherIncomeExpensesNet": 602000, "incomeBeforeTax": 14640000, "incomeBeforeTaxRatio": 0.1161397803, "incomeTaxExpense": 6716000, "netIncome": 7924000, "netIncomeRatio": 0.0628614494, "eps": 0.14, "epsdiluted": 0.13, "weightedAverageShsOut": 54416000, "weightedAverageShsOutDil": 60304000, "link": "https://www.sec.gov/Archives/edgar/data/851520/000101287003001568/0001012870-03-001568-index.htm", "finalLink": "https://www.sec.gov/Archives/edgar/data/851520/000101287003001568/d10k.htm", "calculatedOtherExpenses": 0, "calculatedOperatingExpenses": 94518000, "calculatedNetInterest": 720000, "calculatedOtherIncome": 0, "calculatedIncomeNonControlling": 0, "calculatedEbitda": 17340000}, {"date": "2001-12-28", "symbol": "EXPO", "reportedCurrency": "USD", "cik": "0000851520", "fillingDate": "2002-03-28", "acceptedDate": "2002-03-28 00:00:00", "calendarYear": "2001", "period": "FY", "revenue": 104497000, "costOfRevenue": 17362000, "grossProfit": 87135000, "grossProfitRatio": 0.8338516895, "researchAndDevelopmentExpenses": 0, "generalAndAdministrativeExpenses": 77500000, "sellingAndMarketingExpenses": 18000, "sellingGeneralAndAdministrativeExpenses": 77518000, "otherExpenses": 0, "operatingExpenses": 77518000, "costAndExpenses": 94880000, "interestIncome": 0, "interestExpense": -1012000, "depreciationAndAmortization": 4683000, "ebitda": 13339000, "ebitdaratio": 0.1276495976, "operatingIncome": 9617000, "operatingIncomeRatio": 0.0920313502, "totalOtherIncomeExpensesNet": 961000, "incomeBeforeTax": 10629000, "incomeBeforeTaxRatio": 0.1017158387, "incomeTaxExpense": 4507000, "netIncome": 6122000, "netIncomeRatio": 0.0585854139, "eps": 0.12, "epsdiluted": 0.11, "weightedAverageShsOut": 52048000, "weightedAverageShsOutDil": 57408000, "link": "https://www.sec.gov/Archives/edgar/data/851520/000101287002001530/0001012870-02-001530-index.htm", "finalLink": "https://www.sec.gov/Archives/edgar/data/851520/000101287002001530/d10k405.htm", "calculatedOtherExpenses": 0, "calculatedOperatingExpenses": 77518000, "calculatedNetInterest": 1012000, "calculatedOtherIncome": 0, "calculatedIncomeNonControlling": 0, "calculatedEbitda": 14300000}, {"date": "2000-12-29", "symbol": "EXPO", "reportedCurrency": "USD", "cik": "0000851520", "fillingDate": "2001-03-29", "acceptedDate": "2001-03-29 00:00:00", "calendarYear": "2000", "period": "FY", "revenue": 101598000, "costOfRevenue": 12472000, "grossProfit": 89126000, "grossProfitRatio": 0.877241678, "researchAndDevelopmentExpenses": 0, "generalAndAdministrativeExpenses": 74000000, "sellingAndMarketingExpenses": 30000, "sellingGeneralAndAdministrativeExpenses": 74030000, "otherExpenses": 4434000, "operatingExpenses": 78464000, "costAndExpenses": 90936000, "interestIncome": 0, "interestExpense": -2409000, "depreciationAndAmortization": 4434000, "ebitda": 13059000, "ebitdaratio": 0.1285359948, "operatingIncome": 10662000, "operatingIncomeRatio": 0.1049430107, "totalOtherIncomeExpensesNet": 2037000, "incomeBeforeTax": 12717000, "incomeBeforeTaxRatio": 0.1251697868, "incomeTaxExpense": 5289000, "netIncome": 7782000, "netIncomeRatio": 0.076595996, "eps": 0.15, "epsdiluted": 0.14, "weightedAverageShsOut": 53048000, "weightedAverageShsOutDil": 56712000, "link": "https://www.sec.gov/Archives/edgar/data/851520/000101287001001387/0001012870-01-001387-index.htm", "finalLink": "https://www.sec.gov/Archives/edgar/data/851520/000101287001001387/0001012870-01-001387-0001.txt", "calculatedOtherExpenses": 4434000, "calculatedOperatingExpenses": 78464000, "calculatedNetInterest": 2409000, "calculatedOtherIncome": -354000, "calculatedIncomeNonControlling": -354000, "calculatedEbitda": 15096000}, {"date": "1999-12-31", "symbol": "EXPO", "reportedCurrency": "USD", "cik": "0000851520", "fillingDate": "2000-03-30", "acceptedDate": "2000-03-30 00:00:00", "calendarYear": "1999", "period": "FY", "revenue": 93271000, "costOfRevenue": 11863000, "grossProfit": 81408000, "grossProfitRatio": 0.8728114848, "researchAndDevelopmentExpenses": 0, "generalAndAdministrativeExpenses": 69009000, "sellingAndMarketingExpenses": 0, "sellingGeneralAndAdministrativeExpenses": 69009000, "otherExpenses": 4416000, "operatingExpenses": 73425000, "costAndExpenses": 85288000, "interestIncome": 0, "interestExpense": -1046000, "depreciationAndAmortization": 4416000, "ebitda": 10451000, "ebitdaratio": 0.1120498333, "operatingIncome": 7983000, "operatingIncomeRatio": 0.0855893043, "totalOtherIncomeExpensesNet": 1948000, "incomeBeforeTax": 9252000, "incomeBeforeTaxRatio": 0.0991948194, "incomeTaxExpense": 3841000, "netIncome": 5188000, "netIncomeRatio": 0.0556228624, "eps": 0.0963, "epsdiluted": 0.0938, "weightedAverageShsOut": 54000000, "weightedAverageShsOutDil": 55152000, "link": "https://www.sec.gov/Archives/edgar/data/851520/000101287000001772/0001012870-00-001772-index.html", "finalLink": "https://www.sec.gov/Archives/edgar/data/851520/000101287000001772/", "calculatedOtherExpenses": 4416000, "calculatedOperatingExpenses": 73425000, "calculatedNetInterest": 1046000, "calculatedOtherIncome": 223000, "calculatedIncomeNonControlling": 223000, "calculatedEbitda": 12399000}, {"date": "1998-12-31", "symbol": "EXPO", "reportedCurrency": "USD", "cik": "0000851520", "fillingDate": "1999-04-01", "acceptedDate": "1999-04-01 00:00:00", "calendarYear": "1998", "period": "FY", "revenue": 85500000, "costOfRevenue": 67900000, "grossProfit": 17600000, "grossProfitRatio": 0.2058479532, "researchAndDevelopmentExpenses": 0, "generalAndAdministrativeExpenses": 64000000, "sellingAndMarketingExpenses": -55200000, "sellingGeneralAndAdministrativeExpenses": 8800000, "otherExpenses": 4500000, "operatingExpenses": 13300000, "costAndExpenses": 81200000, "interestIncome": 0, "interestExpense": -1200000, "depreciationAndAmortization": 4500000, "ebitda": 6900000, "ebitdaratio": 0.0807017544, "operatingIncome": 4300000, "operatingIncomeRatio": 0.0502923977, "totalOtherIncomeExpensesNet": 1900000, "incomeBeforeTax": 5500000, "incomeBeforeTaxRatio": 0.0643274854, "incomeTaxExpense": 1400000, "netIncome": 4100000, "netIncomeRatio": 0.0479532164, "eps": 0.0688, "epsdiluted": 0.0663, "weightedAverageShsOut": 59136000, "weightedAverageShsOutDil": 61672000, "link": "https://www.sec.gov/Archives/edgar/data/851520/000101287099001002/0001012870-99-001002-index.html", "finalLink": "https://www.sec.gov/Archives/edgar/data/851520/", "calculatedOtherExpenses": 4500000, "calculatedOperatingExpenses": 13300000, "calculatedNetInterest": 1200000, "calculatedOtherIncome": 0, "calculatedIncomeNonControlling": 0, "calculatedEbitda": 8800000}, {"date": "1997-12-31", "symbol": "EXPO", "reportedCurrency": "USD", "cik": "0000851520", "fillingDate": "1998-04-02", "acceptedDate": "1998-04-02 00:00:00", "calendarYear": "1997", "period": "FY", "revenue": 73500000, "costOfRevenue": 56400000, "grossProfit": 17100000, "grossProfitRatio": 0.2326530612, "researchAndDevelopmentExpenses": 0, "generalAndAdministrativeExpenses": 53000000, "sellingAndMarketingExpenses": -46000000, "sellingGeneralAndAdministrativeExpenses": 7000000, "otherExpenses": 3600000, "operatingExpenses": 10600000, "costAndExpenses": 67000000, "interestIncome": 0, "interestExpense": -800000, "depreciationAndAmortization": 3600000, "ebitda": 7900000, "ebitdaratio": 0.1074829932, "operatingIncome": 6500000, "operatingIncomeRatio": 0.0884353741, "totalOtherIncomeExpensesNet": 2200000, "incomeBeforeTax": 7400000, "incomeBeforeTaxRatio": 0.1006802721, "incomeTaxExpense": 3000000, "netIncome": 4300000, "netIncomeRatio": 0.0585034014, "eps": 0.075, "epsdiluted": 0.0725, "weightedAverageShsOut": 57184000, "weightedAverageShsOutDil": 59080000, "link": "https://www.sec.gov/Archives/edgar/data/851520/000101287098000873/0001012870-98-000873-index.html", "finalLink": "https://www.sec.gov/Archives/edgar/data/851520/", "calculatedOtherExpenses": 3600000, "calculatedOperatingExpenses": 10600000, "calculatedNetInterest": 800000, "calculatedOtherIncome": 100000, "calculatedIncomeNonControlling": 100000, "calculatedEbitda": 10100000}, {"date": "1996-12-31", "symbol": "EXPO", "reportedCurrency": "USD", "cik": "0000851520", "fillingDate": "1997-04-03", "acceptedDate": "1997-04-03 00:00:00", "calendarYear": "1996", "period": "FY", "revenue": 58700000, "costOfRevenue": 43900000, "grossProfit": 14800000, "grossProfitRatio": 0.2521294719, "researchAndDevelopmentExpenses": 0, "generalAndAdministrativeExpenses": 43300000, "sellingAndMarketingExpenses": -33600000, "sellingGeneralAndAdministrativeExpenses": 9700000, "otherExpenses": 3600000, "operatingExpenses": 13300000, "costAndExpenses": 57200000, "interestIncome": 0, "interestExpense": 1600000, "depreciationAndAmortization": 3600000, "ebitda": 5100000, "ebitdaratio": 0.0868824532, "operatingIncome": 1500000, "operatingIncomeRatio": 0.0255536627, "totalOtherIncomeExpensesNet": -1200000, "incomeBeforeTax": 300000, "incomeBeforeTaxRatio": 0.0051107325, "incomeTaxExpense": 300000, "netIncome": -400000, "netIncomeRatio": -0.0068143101, "eps": -0.0075, "epsdiluted": -0.0075, "weightedAverageShsOut": 53333333, "weightedAverageShsOutDil": 53333333, "link": "https://www.sec.gov/Archives/edgar/data/851520/000101287097000671/0001012870-97-000671-index.html", "finalLink": "https://www.sec.gov/Archives/edgar/data/851520/", "calculatedOtherExpenses": 3600000, "calculatedOperatingExpenses": 13300000, "calculatedNetInterest": -1600000, "calculatedOtherIncome": 400000, "calculatedIncomeNonControlling": 400000, "calculatedEbitda": 5100000}, {"date": "1995-12-31", "symbol": "EXPO", "reportedCurrency": "USD", "cik": "0000851520", "fillingDate": "1995-12-31", "acceptedDate": "1995-12-31 00:00:00", "calendarYear": "1995", "period": "FY", "revenue": 58400000, "costOfRevenue": 42700000, "grossProfit": 15700000, "grossProfitRatio": 0.2688356164, "researchAndDevelopmentExpenses": 0, "generalAndAdministrativeExpenses": 0, "sellingAndMarketingExpenses": 0, "sellingGeneralAndAdministrativeExpenses": 9700000, "otherExpenses": 3500000, "operatingExpenses": 13200000, "costAndExpenses": 55900000, "interestIncome": 0, "interestExpense": -900000, "depreciationAndAmortization": 3500000, "ebitda": 4100000, "ebitdaratio": 0.0702054795, "operatingIncome": 2500000, "operatingIncomeRatio": 0.0428082192, "totalOtherIncomeExpensesNet": 1900000, "incomeBeforeTax": 3400000, "incomeBeforeTaxRatio": 0.0582191781, "incomeTaxExpense": 1400000, "netIncome": 2000000, "netIncomeRatio": 0.0342465753, "eps": 0.0388, "epsdiluted": 0.0375, "weightedAverageShsOut": 51612903, "weightedAverageShsOutDil": 53333333, "link": null, "finalLink": null, "calculatedOtherExpenses": 3500000, "calculatedOperatingExpenses": 13200000, "calculatedNetInterest": 900000, "calculatedOtherIncome": 0, "calculatedIncomeNonControlling": 0, "calculatedEbitda": 6000000}, {"date": "1994-12-31", "symbol": "EXPO", "reportedCurrency": "USD", "cik": "0000851520", "fillingDate": "1994-12-31", "acceptedDate": "1994-12-31 00:00:00", "calendarYear": "1994", "period": "FY", "revenue": 58100000, "costOfRevenue": 43100000, "grossProfit": 15000000, "grossProfitRatio": 0.2581755594, "researchAndDevelopmentExpenses": 0, "generalAndAdministrativeExpenses": 0, "sellingAndMarketingExpenses": 0, "sellingGeneralAndAdministrativeExpenses": 9800000, "otherExpenses": 3700000, "operatingExpenses": 13500000, "costAndExpenses": 56600000, "interestIncome": 0, "interestExpense": -400000, "depreciationAndAmortization": 3700000, "ebitda": 3500000, "ebitdaratio": 0.0602409639, "operatingIncome": 1500000, "operatingIncomeRatio": 0.0258175559, "totalOtherIncomeExpensesNet": 1700000, "incomeBeforeTax": 1900000, "incomeBeforeTaxRatio": 0.0327022375, "incomeTaxExpense": 800000, "netIncome": 1100000, "netIncomeRatio": 0.0189328744, "eps": 0.0188, "epsdiluted": 0.0188, "weightedAverageShsOut": 58666667, "weightedAverageShsOutDil": 58666667, "link": null, "finalLink": null, "calculatedOtherExpenses": 3700000, "calculatedOperatingExpenses": 13500000, "calculatedNetInterest": 400000, "calculatedOtherIncome": 0, "calculatedIncomeNonControlling": 0, "calculatedEbitda": 5200000}, {"date": "1993-12-31", "symbol": "EXPO", "reportedCurrency": "USD", "cik": "0000851520", "fillingDate": "1993-12-31", "acceptedDate": "1993-12-30 19:00:00", "calendarYear": "1993", "period": "FY", "revenue": 35800000, "costOfRevenue": 28200000, "grossProfit": 7600000, "grossProfitRatio": 0.2122905028, "researchAndDevelopmentExpenses": 0, "generalAndAdministrativeExpenses": 0, "sellingAndMarketingExpenses": 0, "sellingGeneralAndAdministrativeExpenses": 9300000, "otherExpenses": 2800000, "operatingExpenses": 12100000, "costAndExpenses": 40300000, "interestIncome": 0, "interestExpense": 0, "depreciationAndAmortization": 2800000, "ebitda": -1800000, "ebitdaratio": -0.0502793296, "operatingIncome": -4500000, "operatingIncomeRatio": -0.125698324, "totalOtherIncomeExpensesNet": 100000, "incomeBeforeTax": -5100000, "incomeBeforeTaxRatio": -0.1424581006, "incomeTaxExpense": -1800000, "netIncome": -3300000, "netIncomeRatio": -0.0921787709, "eps": -0.0537, "epsdiluted": -0.0537, "weightedAverageShsOut": 61395349, "weightedAverageShsOutDil": 61395349, "link": null, "finalLink": null, "calculatedOtherExpenses": 2800000, "calculatedOperatingExpenses": 12100000, "calculatedNetInterest": 0, "calculatedOtherIncome": -600000, "calculatedIncomeNonControlling": 0, "calculatedEbitda": -1700000}, {"date": "1992-12-31", "symbol": "EXPO", "reportedCurrency": "USD", "cik": "0000851520", "fillingDate": "1993-05-31", "acceptedDate": "1993-05-30 20:00:00", "calendarYear": "1992", "period": "FY", "revenue": 65400000, "costOfRevenue": 42900000, "grossProfit": 22500000, "grossProfitRatio": 0.3440366972, "researchAndDevelopmentExpenses": 0, "generalAndAdministrativeExpenses": 0, "sellingAndMarketingExpenses": 0, "sellingGeneralAndAdministrativeExpenses": 12300000, "otherExpenses": 4700000, "operatingExpenses": 17000000, "costAndExpenses": 59900000, "interestIncome": 0, "interestExpense": 0, "depreciationAndAmortization": 4700000, "ebitda": 10100000, "ebitdaratio": 0.1544342508, "operatingIncome": 5500000, "operatingIncomeRatio": 0.0840978593, "totalOtherIncomeExpensesNet": 100000, "incomeBeforeTax": 4400000, "incomeBeforeTaxRatio": 0.0672782875, "incomeTaxExpense": 1800000, "netIncome": 2600000, "netIncomeRatio": 0.0397553517, "eps": 0.0413, "epsdiluted": 0.0413, "weightedAverageShsOut": 63030303, "weightedAverageShsOutDil": 63030303, "link": null, "finalLink": null, "calculatedOtherExpenses": 4700000, "calculatedOperatingExpenses": 17000000, "calculatedNetInterest": 0, "calculatedOtherIncome": -1100000, "calculatedIncomeNonControlling": 0, "calculatedEbitda": 10200000}, {"date": "1991-12-31", "symbol": "EXPO", "reportedCurrency": "USD", "cik": "0000851520", "fillingDate": "1992-05-31", "acceptedDate": "1992-05-31 00:00:00", "calendarYear": "1991", "period": "FY", "revenue": 70300000, "costOfRevenue": 46800000, "grossProfit": 23500000, "grossProfitRatio": 0.3342816501, "researchAndDevelopmentExpenses": 0, "generalAndAdministrativeExpenses": 0, "sellingAndMarketingExpenses": 0, "sellingGeneralAndAdministrativeExpenses": 11000000, "otherExpenses": 4500000, "operatingExpenses": 15500000, "costAndExpenses": 62300000, "interestIncome": 0, "interestExpense": 500000, "depreciationAndAmortization": 4500000, "ebitda": 12100000, "ebitdaratio": 0.1721194879, "operatingIncome": 8000000, "operatingIncomeRatio": 0.1137980085, "totalOtherIncomeExpensesNet": 400000, "incomeBeforeTax": 7500000, "incomeBeforeTaxRatio": 0.106685633, "incomeTaxExpense": 3000000, "netIncome": 4500000, "netIncomeRatio": 0.0640113798, "eps": 0.07, "epsdiluted": 0.07, "weightedAverageShsOut": 64285714, "weightedAverageShsOutDil": 64285714, "link": null, "finalLink": null, "calculatedOtherExpenses": 4500000, "calculatedOperatingExpenses": 15500000, "calculatedNetInterest": -500000, "calculatedOtherIncome": 0, "calculatedIncomeNonControlling": 0, "calculatedEbitda": 12500000}, {"date": "1990-12-31", "symbol": "EXPO", "reportedCurrency": "USD", "cik": "0000851520", "fillingDate": "1991-05-31", "acceptedDate": "1991-05-31 00:00:00", "calendarYear": "1990", "period": "FY", "revenue": 69600000, "costOfRevenue": 44900000, "grossProfit": 24700000, "grossProfitRatio": 0.3548850575, "researchAndDevelopmentExpenses": 0, "generalAndAdministrativeExpenses": 0, "sellingAndMarketingExpenses": 0, "sellingGeneralAndAdministrativeExpenses": 8900000, "otherExpenses": 3800000, "operatingExpenses": 12700000, "costAndExpenses": 57600000, "interestIncome": 0, "interestExpense": 1300000, "depreciationAndAmortization": 3800000, "ebitda": 15800000, "ebitdaratio": 0.2270114943, "operatingIncome": 12000000, "operatingIncomeRatio": 0.1724137931, "totalOtherIncomeExpensesNet": -1300000, "incomeBeforeTax": 10700000, "incomeBeforeTaxRatio": 0.1537356322, "incomeTaxExpense": 4300000, "netIncome": 6400000, "netIncomeRatio": 0.091954023, "eps": 0.1, "epsdiluted": 0.1, "weightedAverageShsOut": 62439024, "weightedAverageShsOutDil": 62439024, "link": null, "finalLink": null, "calculatedOtherExpenses": 3800000, "calculatedOperatingExpenses": 12700000, "calculatedNetInterest": -1300000, "calculatedOtherIncome": 0, "calculatedIncomeNonControlling": 0, "calculatedEbitda": 15800000}, {"date": "1989-12-31", "symbol": "EXPO", "reportedCurrency": "USD", "cik": "0000851520", "fillingDate": "1990-05-31", "acceptedDate": "1990-05-30 20:00:00", "calendarYear": "1989", "period": "FY", "revenue": 59900000, "costOfRevenue": 10000000, "grossProfit": 49900000, "grossProfitRatio": 0.8330550918, "researchAndDevelopmentExpenses": 0, "generalAndAdministrativeExpenses": 0, "sellingAndMarketingExpenses": 0, "sellingGeneralAndAdministrativeExpenses": 36700000, "otherExpenses": 3100000, "operatingExpenses": 39800000, "costAndExpenses": 49800000, "interestIncome": 0, "interestExpense": 0, "depreciationAndAmortization": 3100000, "ebitda": 12800000, "ebitdaratio": 0.2136894825, "operatingIncome": 10100000, "operatingIncomeRatio": 0.1686143573, "totalOtherIncomeExpensesNet": 400000, "incomeBeforeTax": 8600000, "incomeBeforeTaxRatio": 0.143572621, "incomeTaxExpense": 3500000, "netIncome": 5100000, "netIncomeRatio": 0.0851419032, "eps": 0.1, "epsdiluted": 0.1, "weightedAverageShsOut": 49756098, "weightedAverageShsOutDil": 49756098, "link": null, "finalLink": null, "calculatedOtherExpenses": 3100000, "calculatedOperatingExpenses": 39800000, "calculatedNetInterest": 0, "calculatedOtherIncome": -1500000, "calculatedIncomeNonControlling": 0, "calculatedEbitda": 13200000}]}