{"originalCurrency": "USD", "convertedCurrency": "USD", "report": [{"date": "2023-12-31", "symbol": "F", "reportedCurrency": "USD", "cik": "0000037996", "fillingDate": "2024-02-07", "acceptedDate": "2024-02-06 19:33:55", "calendarYear": "2023", "period": "FY", "revenue": 176191000000, "costOfRevenue": 160031000000, "grossProfit": 16160000000, "grossProfitRatio": 0.0917186462, "researchAndDevelopmentExpenses": 8200000000, "generalAndAdministrativeExpenses": 8202000000, "sellingAndMarketingExpenses": 2500000000, "sellingGeneralAndAdministrativeExpenses": 10702000000, "otherExpenses": -1958000000, "operatingExpenses": 10702000000, "costAndExpenses": 170733000000, "interestIncome": 1567000000, "interestExpense": 1318000000, "depreciationAndAmortization": 6523000000, "ebitda": 12013000000, "ebitdaratio": 0.0681816892, "operatingIncome": 5458000000, "operatingIncomeRatio": 0.0309777457, "totalOtherIncomeExpensesNet": -1740000000, "incomeBeforeTax": 3967000000, "incomeBeforeTaxRatio": 0.0225153385, "incomeTaxExpense": -362000000, "netIncome": 4347000000, "netIncomeRatio": 0.0246720888, "eps": 1.09, "epsdiluted": 1.08, "weightedAverageShsOut": 3998000000, "weightedAverageShsOutDil": 4041000000, "link": "https://www.sec.gov/Archives/edgar/data/37996/000003799624000009/0000037996-24-000009-index.htm", "finalLink": "https://www.sec.gov/Archives/edgar/data/37996/000003799624000009/f-20231231.htm", "calculatedOtherExpenses": -8200000000, "calculatedOperatingExpenses": 10702000000, "calculatedNetInterest": 249000000, "calculatedOtherIncome": -1740000000, "calculatedIncomeNonControlling": -18000000, "calculatedEbitda": 11981000000}, {"date": "2022-12-31", "symbol": "F", "reportedCurrency": "USD", "cik": "0000037996", "fillingDate": "2023-02-03", "acceptedDate": "2023-02-02 19:39:34", "calendarYear": "2022", "period": "FY", "revenue": 158057000000, "costOfRevenue": 134397000000, "grossProfit": 23660000000, "grossProfitRatio": 0.1496928323, "researchAndDevelopmentExpenses": 7800000000, "generalAndAdministrativeExpenses": 8688000000, "sellingAndMarketingExpenses": 2200000000, "sellingGeneralAndAdministrativeExpenses": 10888000000, "otherExpenses": 2020000000, "operatingExpenses": 10888000000, "costAndExpenses": 145285000000, "interestIncome": 639000000, "interestExpense": -643000000, "depreciationAndAmortization": 6493000000, "ebitda": 18894000000, "ebitdaratio": 0.1195391536, "operatingIncome": 12401000000, "operatingIncomeRatio": 0.0784590369, "totalOtherIncomeExpensesNet": -15417000000, "incomeBeforeTax": -3016000000, "incomeBeforeTaxRatio": -0.0190817237, "incomeTaxExpense": -864000000, "netIncome": -2152000000, "netIncomeRatio": -0.0136153413, "eps": -0.54, "epsdiluted": -0.54, "weightedAverageShsOut": 4014000000, "weightedAverageShsOutDil": 4014000000, "link": "https://www.sec.gov/Archives/edgar/data/37996/000003799623000012/0000037996-23-000012-index.htm", "finalLink": "https://www.sec.gov/Archives/edgar/data/37996/000003799623000012/f-20221231.htm", "calculatedOtherExpenses": -7429000000, "calculatedOperatingExpenses": 11259000000, "calculatedNetInterest": 1282000000, "calculatedOtherIncome": -16699000000, "calculatedIncomeNonControlling": 0, "calculatedEbitda": 18894000000}, {"date": "2021-12-31", "symbol": "F", "reportedCurrency": "USD", "cik": "0000037996", "fillingDate": "2022-02-04", "acceptedDate": "2022-02-03 18:24:07", "calendarYear": "2021", "period": "FY", "revenue": 136341000000, "costOfRevenue": 114651000000, "grossProfit": 21690000000, "grossProfitRatio": 0.1590864083, "researchAndDevelopmentExpenses": 7600000000, "generalAndAdministrativeExpenses": 8815000000, "sellingAndMarketingExpenses": 3100000000, "sellingGeneralAndAdministrativeExpenses": 11915000000, "otherExpenses": 6647000000, "operatingExpenses": 11915000000, "costAndExpenses": 126566000000, "interestIncome": 261000000, "interestExpense": -1542000000, "depreciationAndAmortization": 5960000000, "ebitda": 23338000000, "ebitdaratio": 0.1711737482, "operatingIncome": 17378000000, "operatingIncomeRatio": 0.127459825, "totalOtherIncomeExpensesNet": 402000000, "incomeBeforeTax": 17780000000, "incomeBeforeTaxRatio": 0.1304083144, "incomeTaxExpense": -130000000, "netIncome": 17937000000, "netIncomeRatio": 0.1315598389, "eps": 4.49, "epsdiluted": 4.45, "weightedAverageShsOut": 3991000000, "weightedAverageShsOutDil": 4034000000, "link": "https://www.sec.gov/Archives/edgar/data/37996/000003799622000013/0000037996-22-000013-index.htm", "finalLink": "https://www.sec.gov/Archives/edgar/data/37996/000003799622000013/f-20211231.htm", "calculatedOtherExpenses": -15203000000, "calculatedOperatingExpenses": 4312000000, "calculatedNetInterest": 1803000000, "calculatedOtherIncome": -1401000000, "calculatedIncomeNonControlling": -27000000, "calculatedEbitda": 23338000000}, {"date": "2020-12-31", "symbol": "F", "reportedCurrency": "USD", "cik": "0000037996", "fillingDate": "2021-02-05", "acceptedDate": "2021-02-04 18:58:09", "calendarYear": "2020", "period": "FY", "revenue": 127144000000, "costOfRevenue": 112752000000, "grossProfit": 14392000000, "grossProfitRatio": 0.1131944881, "researchAndDevelopmentExpenses": 7100000000, "generalAndAdministrativeExpenses": 7393000000, "sellingAndMarketingExpenses": 2800000000, "sellingGeneralAndAdministrativeExpenses": 10193000000, "otherExpenses": 679000000, "operatingExpenses": 10193000000, "costAndExpenses": 122945000000, "interestIncome": 452000000, "interestExpense": -1199000000, "depreciationAndAmortization": 7457000000, "ebitda": 16275000000, "ebitdaratio": 0.1280044674, "operatingIncome": 8818000000, "operatingIncomeRatio": 0.0693544328, "totalOtherIncomeExpensesNet": -9934000000, "incomeBeforeTax": -1116000000, "incomeBeforeTaxRatio": -0.0087774492, "incomeTaxExpense": 160000000, "netIncome": -1276000000, "netIncomeRatio": -0.0100358648, "eps": -0.32, "epsdiluted": -0.32, "weightedAverageShsOut": 3973000000, "weightedAverageShsOutDil": 3973000000, "link": "https://www.sec.gov/Archives/edgar/data/37996/000003799621000012/0000037996-21-000012-index.htm", "finalLink": "https://www.sec.gov/Archives/edgar/data/37996/000003799621000012/f-20201231.htm", "calculatedOtherExpenses": -11719000000, "calculatedOperatingExpenses": 5574000000, "calculatedNetInterest": 1651000000, "calculatedOtherIncome": -11585000000, "calculatedIncomeNonControlling": 0, "calculatedEbitda": 16275000000}, {"date": "2019-12-31", "symbol": "F", "reportedCurrency": "USD", "cik": "0000037996", "fillingDate": "2020-02-05", "acceptedDate": "2020-02-05 12:01:22", "calendarYear": "2019", "period": "FY", "revenue": 155900000000, "costOfRevenue": 134693000000, "grossProfit": 21207000000, "grossProfitRatio": 0.1360295061, "researchAndDevelopmentExpenses": 7400000000, "generalAndAdministrativeExpenses": 7561000000, "sellingAndMarketingExpenses": 3600000000, "sellingGeneralAndAdministrativeExpenses": 11161000000, "otherExpenses": -1115000000, "operatingExpenses": 11161000000, "costAndExpenses": 145854000000, "interestIncome": 809000000, "interestExpense": -546000000, "depreciationAndAmortization": 8490000000, "ebitda": 18282000000, "ebitdaratio": 0.1172674792, "operatingIncome": 9792000000, "operatingIncomeRatio": 0.0628094933, "totalOtherIncomeExpensesNet": -10432000000, "incomeBeforeTax": -640000000, "incomeBeforeTaxRatio": -0.0041051956, "incomeTaxExpense": -724000000, "netIncome": 84000000, "netIncomeRatio": 0.0005388069, "eps": 0.0211, "epsdiluted": 0.021, "weightedAverageShsOut": 3972000000, "weightedAverageShsOutDil": 4004000000, "link": "https://www.sec.gov/Archives/edgar/data/37996/000003799620000010/0000037996-20-000010-index.htm", "finalLink": "https://www.sec.gov/Archives/edgar/data/37996/000003799620000010/f1231201910-k.htm", "calculatedOtherExpenses": -7146000000, "calculatedOperatingExpenses": 11415000000, "calculatedNetInterest": 1355000000, "calculatedOtherIncome": -11787000000, "calculatedIncomeNonControlling": 0, "calculatedEbitda": 18282000000}, {"date": "2018-12-31", "symbol": "F", "reportedCurrency": "USD", "cik": "0000037996", "fillingDate": "2019-02-21", "acceptedDate": "2019-02-21 16:10:10", "calendarYear": "2018", "period": "FY", "revenue": 160338000000, "costOfRevenue": 136269000000, "grossProfit": 24069000000, "grossProfitRatio": 0.1501141339, "researchAndDevelopmentExpenses": 8200000000, "generalAndAdministrativeExpenses": 7403000000, "sellingAndMarketingExpenses": 4000000000, "sellingGeneralAndAdministrativeExpenses": 11403000000, "otherExpenses": 2247000000, "operatingExpenses": 11403000000, "costAndExpenses": 147672000000, "interestIncome": 700000000, "interestExpense": -729000000, "depreciationAndAmortization": 8308000000, "ebitda": 23344000000, "ebitdaratio": 0.145592436, "operatingIncome": 2675000000, "operatingIncomeRatio": 0.0166835061, "totalOtherIncomeExpensesNet": 2370000000, "incomeBeforeTax": 4345000000, "incomeBeforeTaxRatio": 0.0270990034, "incomeTaxExpense": 650000000, "netIncome": 3677000000, "netIncomeRatio": 0.0229328045, "eps": 0.93, "epsdiluted": 0.92, "weightedAverageShsOut": 3953763441, "weightedAverageShsOutDil": 3996739130, "link": "https://www.sec.gov/Archives/edgar/data/37996/000003799619000012/0000037996-19-000012-index.htm", "finalLink": "https://www.sec.gov/Archives/edgar/data/37996/000003799619000012/f1231201810-k.htm", "calculatedOtherExpenses": 1791000000, "calculatedOperatingExpenses": 21394000000, "calculatedNetInterest": 1429000000, "calculatedOtherIncome": 241000000, "calculatedIncomeNonControlling": 18000000, "calculatedEbitda": 10983000000}, {"date": "2017-12-31", "symbol": "F", "reportedCurrency": "USD", "cik": "0000037996", "fillingDate": "2018-02-08", "acceptedDate": "2018-02-08 11:41:16", "calendarYear": "2017", "period": "FY", "revenue": 156776000000, "costOfRevenue": 131332000000, "grossProfit": 25444000000, "grossProfitRatio": 0.1622952493, "researchAndDevelopmentExpenses": 8000000000, "generalAndAdministrativeExpenses": 11527000000, "sellingAndMarketingExpenses": 4100000000, "sellingGeneralAndAdministrativeExpenses": 11527000000, "otherExpenses": 3267000000, "operatingExpenses": 11527000000, "costAndExpenses": 142859000000, "interestIncome": 464000000, "interestExpense": -847000000, "depreciationAndAmortization": 8453000000, "ebitda": 26838000000, "ebitdaratio": 0.1711869164, "operatingIncome": 4141000000, "operatingIncomeRatio": 0.0264134817, "totalOtherIncomeExpensesNet": 4468000000, "incomeBeforeTax": 8148000000, "incomeBeforeTaxRatio": 0.0519722406, "incomeTaxExpense": 520000000, "netIncome": 7602000000, "netIncomeRatio": 0.0484895647, "eps": 1.91, "epsdiluted": 1.9, "weightedAverageShsOut": 3980104712, "weightedAverageShsOutDil": 4001052632, "link": "https://www.sec.gov/Archives/edgar/data/37996/000003799618000015/0000037996-18-000015-index.htm", "finalLink": "https://www.sec.gov/Archives/edgar/data/37996/000003799618000015/f1231201710-k.htm", "calculatedOtherExpenses": 1776000000, "calculatedOperatingExpenses": 21303000000, "calculatedNetInterest": 1311000000, "calculatedOtherIncome": 2696000000, "calculatedIncomeNonControlling": 26000000, "calculatedEbitda": 12594000000}, {"date": "2016-12-31", "symbol": "F", "reportedCurrency": "USD", "cik": "0000037996", "fillingDate": "2017-02-09", "acceptedDate": "2017-02-09 08:44:28", "calendarYear": "2016", "period": "FY", "revenue": 151800000000, "costOfRevenue": 126584000000, "grossProfit": 25216000000, "grossProfitRatio": 0.166113307, "researchAndDevelopmentExpenses": 7300000000, "generalAndAdministrativeExpenses": 7896000000, "sellingAndMarketingExpenses": 4300000000, "sellingGeneralAndAdministrativeExpenses": 12196000000, "otherExpenses": 1214000000, "operatingExpenses": 12196000000, "costAndExpenses": 138780000000, "interestIncome": 299000000, "interestExpense": -733000000, "depreciationAndAmortization": 8717000000, "ebitda": 25169000000, "ebitdaratio": 0.1658036891, "operatingIncome": 3516000000, "operatingIncomeRatio": 0.0231620553, "totalOtherIncomeExpensesNet": 3280000000, "incomeBeforeTax": 6796000000, "incomeBeforeTaxRatio": 0.0447694335, "incomeTaxExpense": 2189000000, "netIncome": 4596000000, "netIncomeRatio": 0.0302766798, "eps": 1.16, "epsdiluted": 1.15, "weightedAverageShsOut": 3973000000, "weightedAverageShsOutDil": 3999000000, "link": "https://www.sec.gov/Archives/edgar/data/37996/000003799617000013/0000037996-17-000013-index.htm", "finalLink": "https://www.sec.gov/Archives/edgar/data/37996/000003799617000013/f1231201610-k.htm", "calculatedOtherExpenses": 2204000000, "calculatedOperatingExpenses": 21700000000, "calculatedNetInterest": 1032000000, "calculatedOtherIncome": 2248000000, "calculatedIncomeNonControlling": 11000000, "calculatedEbitda": 12233000000}, {"date": "2015-12-31", "symbol": "F", "reportedCurrency": "USD", "cik": "0000037996", "fillingDate": "2016-02-11", "acceptedDate": "2016-02-11 08:13:33", "calendarYear": "2015", "period": "FY", "revenue": 149558000000, "costOfRevenue": 126495000000, "grossProfit": 23063000000, "grossProfitRatio": 0.1542077321, "researchAndDevelopmentExpenses": 6700000000, "generalAndAdministrativeExpenses": 10699000000, "sellingAndMarketingExpenses": 4300000000, "sellingGeneralAndAdministrativeExpenses": 14999000000, "otherExpenses": 1026000000, "operatingExpenses": 15416000000, "costAndExpenses": 141911000000, "interestIncome": 312000000, "interestExpense": -540000000, "depreciationAndAmortization": 7966000000, "ebitda": 18811000000, "ebitdaratio": 0.1257772904, "operatingIncome": 7647000000, "operatingIncomeRatio": 0.051130665, "totalOtherIncomeExpensesNet": 3066000000, "incomeBeforeTax": 10252000000, "incomeBeforeTaxRatio": 0.0685486567, "incomeTaxExpense": 2881000000, "netIncome": 7373000000, "netIncomeRatio": 0.0492985999, "eps": 1.86, "epsdiluted": 1.84, "weightedAverageShsOut": 3969000000, "weightedAverageShsOutDil": 4002000000, "link": "https://www.sec.gov/Archives/edgar/data/37996/000003799616000092/0000037996-16-000092-index.htm", "finalLink": "https://www.sec.gov/Archives/edgar/data/37996/000003799616000092/f1231201510-k.htm", "calculatedOtherExpenses": -6283000000, "calculatedOperatingExpenses": 15416000000, "calculatedNetInterest": 852000000, "calculatedOtherIncome": 1753000000, "calculatedIncomeNonControlling": -2000000, "calculatedEbitda": 15613000000}, {"date": "2014-12-31", "symbol": "F", "reportedCurrency": "USD", "cik": "0000037996", "fillingDate": "2015-02-13", "acceptedDate": "2015-02-13 07:03:25", "calendarYear": "2014", "period": "FY", "revenue": 144077000000, "costOfRevenue": 126215000000, "grossProfit": 17862000000, "grossProfitRatio": 0.1239753743, "researchAndDevelopmentExpenses": 6700000000, "generalAndAdministrativeExpenses": 9817000000, "sellingAndMarketingExpenses": 4300000000, "sellingGeneralAndAdministrativeExpenses": 14117000000, "otherExpenses": 898000000, "operatingExpenses": 14422000000, "costAndExpenses": 140637000000, "interestIncome": 340000000, "interestExpense": -495000000, "depreciationAndAmortization": 7423000000, "ebitda": 12578000000, "ebitdaratio": 0.0873005407, "operatingIncome": 3440000000, "operatingIncomeRatio": 0.0238761218, "totalOtherIncomeExpensesNet": 1359000000, "incomeBeforeTax": 4342000000, "incomeBeforeTaxRatio": 0.030136663, "incomeTaxExpense": 1156000000, "netIncome": 3187000000, "netIncomeRatio": 0.0221201163, "eps": 0.31, "epsdiluted": 0.31, "weightedAverageShsOut": 3912000000, "weightedAverageShsOutDil": 3958000000, "link": "https://www.sec.gov/Archives/edgar/data/37996/000003799615000013/0000037996-15-000013-index.htm", "finalLink": "https://www.sec.gov/Archives/edgar/data/37996/000003799615000013/f1231201410-k.htm", "calculatedOtherExpenses": -6395000000, "calculatedOperatingExpenses": 14422000000, "calculatedNetInterest": 835000000, "calculatedOtherIncome": 67000000, "calculatedIncomeNonControlling": -1000000, "calculatedEbitda": 10863000000}, {"date": "2013-12-31", "symbol": "F", "reportedCurrency": "USD", "cik": "0000037996", "fillingDate": "2014-02-18", "acceptedDate": "2014-02-18 14:09:05", "calendarYear": "2013", "period": "FY", "revenue": 146917000000, "costOfRevenue": 128094000000, "grossProfit": 18823000000, "grossProfitRatio": 0.1281199589, "researchAndDevelopmentExpenses": 6200000000, "generalAndAdministrativeExpenses": 8776000000, "sellingAndMarketingExpenses": 4400000000, "sellingGeneralAndAdministrativeExpenses": 13176000000, "otherExpenses": 927000000, "operatingExpenses": 13384000000, "costAndExpenses": 141478000000, "interestIncome": 213000000, "interestExpense": -666000000, "depreciationAndAmortization": 6456000000, "ebitda": 13996000000, "ebitdaratio": 0.0952646733, "operatingIncome": 5439000000, "operatingIncomeRatio": 0.037020903, "totalOtherIncomeExpensesNet": 2178000000, "incomeBeforeTax": 7001000000, "incomeBeforeTaxRatio": 0.0476527563, "incomeTaxExpense": -147000000, "netIncome": 7155000000, "netIncomeRatio": 0.0487009672, "eps": 3.04, "epsdiluted": 2.94, "weightedAverageShsOut": 3935000000, "weightedAverageShsOutDil": 4087000000, "link": "https://www.sec.gov/Archives/edgar/data/37996/000003799614000010/0000037996-14-000010-index.htm", "finalLink": "https://www.sec.gov/Archives/edgar/data/37996/000003799614000010/f1231201310k.htm", "calculatedOtherExpenses": -5992000000, "calculatedOperatingExpenses": 13384000000, "calculatedNetInterest": 879000000, "calculatedOtherIncome": 683000000, "calculatedIncomeNonControlling": -7000000, "calculatedEbitda": 11895000000}, {"date": "2012-12-31", "symbol": "F", "reportedCurrency": "USD", "cik": "0000037996", "fillingDate": "2013-02-19", "acceptedDate": "2013-02-19 07:12:51", "calendarYear": "2012", "period": "FY", "revenue": 134252000000, "costOfRevenue": 115693000000, "grossProfit": 18559000000, "grossProfitRatio": 0.1382400262, "researchAndDevelopmentExpenses": 5500000000, "generalAndAdministrativeExpenses": 0, "sellingAndMarketingExpenses": 0, "sellingGeneralAndAdministrativeExpenses": 12182000000, "otherExpenses": 434000000, "operatingExpenses": 12268000000, "costAndExpenses": 127961000000, "interestIncome": 342000000, "interestExpense": -441000000, "depreciationAndAmortization": 5204000000, "ebitda": 12859000000, "ebitdaratio": 0.0957825582, "operatingIncome": 6291000000, "operatingIncomeRatio": 0.0468596371, "totalOtherIncomeExpensesNet": 1800000000, "incomeBeforeTax": 7720000000, "incomeBeforeTaxRatio": 0.0575037988, "incomeTaxExpense": 2056000000, "netIncome": 5665000000, "netIncomeRatio": 0.0421967643, "eps": 1.47, "epsdiluted": 1.41, "weightedAverageShsOut": 3815000000, "weightedAverageShsOutDil": 4015000000, "link": "https://www.sec.gov/Archives/edgar/data/37996/000003799613000014/0000037996-13-000014-index.htm", "finalLink": "https://www.sec.gov/Archives/edgar/data/37996/000003799613000014/f12312012-10k.htm", "calculatedOtherExpenses": -5414000000, "calculatedOperatingExpenses": 12268000000, "calculatedNetInterest": 783000000, "calculatedOtherIncome": 646000000, "calculatedIncomeNonControlling": -1000000, "calculatedEbitda": 11495000000}, {"date": "2011-12-31", "symbol": "F", "reportedCurrency": "USD", "cik": "0000037996", "fillingDate": "2012-02-21", "acceptedDate": "2012-02-21 15:45:59", "calendarYear": "2011", "period": "FY", "revenue": 136264000000, "costOfRevenue": 113345000000, "grossProfit": 22919000000, "grossProfitRatio": 0.1681955616, "researchAndDevelopmentExpenses": 0, "generalAndAdministrativeExpenses": 0, "sellingAndMarketingExpenses": 0, "sellingGeneralAndAdministrativeExpenses": 11578000000, "otherExpenses": 0, "operatingExpenses": 11578000000, "costAndExpenses": 124923000000, "interestIncome": 471000000, "interestExpense": 4431000000, "depreciationAndAmortization": 4256000000, "ebitda": 16568000000, "ebitdaratio": 0.1215875066, "operatingIncome": 11341000000, "operatingIncomeRatio": 0.0832281454, "totalOtherIncomeExpensesNet": 1300000000, "incomeBeforeTax": 8681000000, "incomeBeforeTaxRatio": 0.0637072154, "incomeTaxExpense": -11541000000, "netIncome": 20213000000, "netIncomeRatio": 0.1483370516, "eps": 5.33, "epsdiluted": 4.94, "weightedAverageShsOut": 3793000000, "weightedAverageShsOutDil": 4111000000, "link": "https://www.sec.gov/Archives/edgar/data/37996/000003799612000007/0000037996-12-000007-index.htm", "finalLink": "https://www.sec.gov/Archives/edgar/data/37996/000003799612000007/f12312011-10k.htm", "calculatedOtherExpenses": 0, "calculatedOperatingExpenses": 11578000000, "calculatedNetInterest": -3960000000, "calculatedOtherIncome": 1300000000, "calculatedIncomeNonControlling": 9000000, "calculatedEbitda": 15597000000}, {"date": "2010-12-31", "symbol": "F", "reportedCurrency": "USD", "cik": "0000037996", "fillingDate": "2011-02-28", "acceptedDate": "2011-02-28 07:33:42", "calendarYear": "2010", "period": "FY", "revenue": 128954000000, "costOfRevenue": 104451000000, "grossProfit": 24503000000, "grossProfitRatio": 0.1900134932, "researchAndDevelopmentExpenses": 0, "generalAndAdministrativeExpenses": 0, "sellingAndMarketingExpenses": 0, "sellingGeneralAndAdministrativeExpenses": 11909000000, "otherExpenses": 0, "operatingExpenses": 11909000000, "costAndExpenses": 116360000000, "interestIncome": 348000000, "interestExpense": 6152000000, "depreciationAndAmortization": 5584000000, "ebitda": 19064000000, "ebitdaratio": 0.1478356623, "operatingIncome": 12594000000, "operatingIncomeRatio": 0.0976627324, "totalOtherIncomeExpensesNet": 359000000, "incomeBeforeTax": 7149000000, "incomeBeforeTaxRatio": 0.0554383734, "incomeTaxExpense": 592000000, "netIncome": 6561000000, "netIncomeRatio": 0.0508786079, "eps": 1.9, "epsdiluted": 1.66, "weightedAverageShsOut": 3449000000, "weightedAverageShsOutDil": 4178000000, "link": "https://www.sec.gov/Archives/edgar/data/37996/000115752311001210/0001157523-11-001210-index.htm", "finalLink": "https://www.sec.gov/Archives/edgar/data/37996/000115752311001210/a6622311.htm", "calculatedOtherExpenses": 0, "calculatedOperatingExpenses": 11909000000, "calculatedNetInterest": -5804000000, "calculatedOtherIncome": 359000000, "calculatedIncomeNonControlling": -4000000, "calculatedEbitda": 18178000000}, {"date": "2009-12-31", "symbol": "F", "reportedCurrency": "USD", "cik": "0000037996", "fillingDate": "2010-02-25", "acceptedDate": "2010-02-25 14:03:27", "calendarYear": "2009", "period": "FY", "revenue": 118308000000, "costOfRevenue": 100016000000, "grossProfit": 18292000000, "grossProfitRatio": 0.154613382, "researchAndDevelopmentExpenses": 0, "generalAndAdministrativeExpenses": 0, "sellingAndMarketingExpenses": 0, "sellingGeneralAndAdministrativeExpenses": 13258000000, "otherExpenses": 0, "operatingExpenses": 13258000000, "costAndExpenses": 113274000000, "interestIncome": 5840000000, "interestExpense": 6828000000, "depreciationAndAmortization": 6931000000, "ebitda": 17815000000, "ebitdaratio": 0.1505815329, "operatingIncome": 5034000000, "operatingIncomeRatio": 0.0425499544, "totalOtherIncomeExpensesNet": -1020000000, "incomeBeforeTax": 3026000000, "incomeBeforeTaxRatio": 0.0255773067, "incomeTaxExpense": 69000000, "netIncome": 2717000000, "netIncomeRatio": 0.0229654799, "eps": 0.91, "epsdiluted": 0.86, "weightedAverageShsOut": 2991000000, "weightedAverageShsOutDil": 3312000000, "link": "https://www.sec.gov/Archives/edgar/data/37996/000115752310001218/0001157523-10-001218-index.htm", "finalLink": "https://www.sec.gov/Archives/edgar/data/37996/000115752310001218/a6182308.htm", "calculatedOtherExpenses": 0, "calculatedOperatingExpenses": 13258000000, "calculatedNetInterest": -988000000, "calculatedOtherIncome": -1020000000, "calculatedIncomeNonControlling": 240000000, "calculatedEbitda": 11965000000}, {"date": "2008-12-31", "symbol": "F", "reportedCurrency": "USD", "cik": "0000037996", "fillingDate": "2009-02-26", "acceptedDate": "2009-02-26 06:17:07", "calendarYear": "2008", "period": "FY", "revenue": 146277000000, "costOfRevenue": 127103000000, "grossProfit": 19174000000, "grossProfitRatio": 0.1310800741, "researchAndDevelopmentExpenses": 0, "generalAndAdministrativeExpenses": 0, "sellingAndMarketingExpenses": 0, "sellingGeneralAndAdministrativeExpenses": 21430000000, "otherExpenses": 0, "operatingExpenses": 21430000000, "costAndExpenses": 148533000000, "interestIncome": 0, "interestExpense": 10437000000, "depreciationAndAmortization": 12925000000, "ebitda": 10832000000, "ebitdaratio": 0.0740512863, "operatingIncome": -2256000000, "operatingIncomeRatio": -0.0154227937, "totalOtherIncomeExpensesNet": -1711000000, "incomeBeforeTax": -14404000000, "incomeBeforeTaxRatio": -0.0984707097, "incomeTaxExpense": 63000000, "netIncome": -14672000000, "netIncomeRatio": -0.1003028501, "eps": -6.45, "epsdiluted": -6.45, "weightedAverageShsOut": 2273000000, "weightedAverageShsOutDil": 2273000000, "link": "https://www.sec.gov/Archives/edgar/data/37996/000114036109005071/0001140361-09-005071-index.htm", "finalLink": "https://www.sec.gov/Archives/edgar/data/37996/000114036109005071/form10k.htm", "calculatedOtherExpenses": 0, "calculatedOperatingExpenses": 21430000000, "calculatedNetInterest": -10437000000, "calculatedOtherIncome": -1711000000, "calculatedIncomeNonControlling": 205000000, "calculatedEbitda": 10669000000}, {"date": "2007-12-31", "symbol": "F", "reportedCurrency": "USD", "cik": "0000037996", "fillingDate": "2008-02-27", "acceptedDate": "2008-02-27 16:16:58", "calendarYear": "2007", "period": "FY", "revenue": 172455000000, "costOfRevenue": 142587000000, "grossProfit": 29868000000, "grossProfitRatio": 0.1731930069, "researchAndDevelopmentExpenses": 0, "generalAndAdministrativeExpenses": 0, "sellingAndMarketingExpenses": 0, "sellingGeneralAndAdministrativeExpenses": 21169000000, "otherExpenses": 0, "operatingExpenses": 21169000000, "costAndExpenses": 163756000000, "interestIncome": 1161000000, "interestExpense": 10927000000, "depreciationAndAmortization": 1550000000, "ebitda": 10249000000, "ebitdaratio": 0.0594299962, "operatingIncome": 8699000000, "operatingIncomeRatio": 0.0504421443, "totalOtherIncomeExpensesNet": -2679000000, "incomeBeforeTax": -3746000000, "incomeBeforeTaxRatio": -0.0217216085, "incomeTaxExpense": -1294000000, "netIncome": -2723000000, "netIncomeRatio": -0.0157896263, "eps": -1.38, "epsdiluted": -1.38, "weightedAverageShsOut": 1979000000, "weightedAverageShsOutDil": 1979000000, "link": "https://www.sec.gov/Archives/edgar/data/37996/000114036108005181/0001140361-08-005181-index.htm", "finalLink": "https://www.sec.gov/Archives/edgar/data/37996/000114036108005181/form10k.htm", "calculatedOtherExpenses": 0, "calculatedOperatingExpenses": 21169000000, "calculatedNetInterest": -9766000000, "calculatedOtherIncome": -2679000000, "calculatedIncomeNonControlling": 271000000, "calculatedEbitda": 10249000000}, {"date": "2006-12-31", "symbol": "F", "reportedCurrency": "USD", "cik": "0000037996", "fillingDate": "2007-02-28", "acceptedDate": "2007-02-28 16:51:44", "calendarYear": "2006", "period": "FY", "revenue": 160123000000, "costOfRevenue": 148869000000, "grossProfit": 11254000000, "grossProfitRatio": 0.0702834696, "researchAndDevelopmentExpenses": 0, "generalAndAdministrativeExpenses": 0, "sellingAndMarketingExpenses": 0, "sellingGeneralAndAdministrativeExpenses": 19180000000, "otherExpenses": 0, "operatingExpenses": 19180000000, "costAndExpenses": 168049000000, "interestIncome": 0, "interestExpense": 0, "depreciationAndAmortization": 16519000000, "ebitda": 8834000000, "ebitdaratio": 0.055170088, "operatingIncome": -7926000000, "operatingIncomeRatio": -0.0494994473, "totalOtherIncomeExpensesNet": 180000000, "incomeBeforeTax": -15051000000, "incomeBeforeTaxRatio": -0.0939964902, "incomeTaxExpense": -2646000000, "netIncome": -12613000000, "netIncomeRatio": -0.078770695, "eps": -6.71, "epsdiluted": -6.71, "weightedAverageShsOut": 1879000000, "weightedAverageShsOutDil": 1879000000, "link": "https://www.sec.gov/Archives/edgar/data/37996/000095012407001201/0000950124-07-001201-index.htm", "finalLink": "https://www.sec.gov/Archives/edgar/data/37996/000095012407001201/k12522e10vk.htm", "calculatedOtherExpenses": 0, "calculatedOperatingExpenses": 19180000000, "calculatedNetInterest": 0, "calculatedOtherIncome": -7125000000, "calculatedIncomeNonControlling": 208000000, "calculatedEbitda": 8593000000}, {"date": "2005-12-31", "symbol": "F", "reportedCurrency": "USD", "cik": "0000037996", "fillingDate": "2006-03-01", "acceptedDate": "2006-03-01 16:09:32", "calendarYear": "2005", "period": "FY", "revenue": 177089000000, "costOfRevenue": 144944000000, "grossProfit": 32145000000, "grossProfitRatio": 0.1815188973, "researchAndDevelopmentExpenses": 0, "generalAndAdministrativeExpenses": 0, "sellingAndMarketingExpenses": 0, "sellingGeneralAndAdministrativeExpenses": 24652000000, "otherExpenses": 7643000000, "operatingExpenses": 24652000000, "costAndExpenses": 169596000000, "interestIncome": 0, "interestExpense": 7643000000, "depreciationAndAmortization": 6722000000, "ebitda": 13603000000, "ebitdaratio": 0.0768144831, "operatingIncome": 7493000000, "operatingIncomeRatio": 0.0423120578, "totalOtherIncomeExpensesNet": 897000000, "incomeBeforeTax": 1996000000, "incomeBeforeTaxRatio": 0.0112711687, "incomeTaxExpense": -512000000, "netIncome": 2024000000, "netIncomeRatio": 0.0114292813, "eps": 0.78, "epsdiluted": 0.77, "weightedAverageShsOut": 1846000000, "weightedAverageShsOutDil": 1870129870, "link": "https://www.sec.gov/Archives/edgar/data/37996/000003800906000031/0000038009-06-000031-index.htm", "finalLink": "https://www.sec.gov/Archives/edgar/data/37996/000003800906000031/fmc10k2005.htm", "calculatedOtherExpenses": 0, "calculatedOperatingExpenses": 24652000000, "calculatedNetInterest": -7643000000, "calculatedOtherIncome": 2146000000, "calculatedIncomeNonControlling": 484000000, "calculatedEbitda": 14215000000}, {"date": "2004-12-31", "symbol": "F", "reportedCurrency": "USD", "cik": "0000037996", "fillingDate": "2005-03-10", "acceptedDate": "2005-03-10 16:23:23", "calendarYear": "2004", "period": "FY", "revenue": 171652000000, "costOfRevenue": 135856000000, "grossProfit": 35796000000, "grossProfitRatio": 0.2085382052, "researchAndDevelopmentExpenses": 0, "generalAndAdministrativeExpenses": 0, "sellingAndMarketingExpenses": 0, "sellingGeneralAndAdministrativeExpenses": 25115000000, "otherExpenses": 0, "operatingExpenses": 25115000000, "costAndExpenses": 160971000000, "interestIncome": 0, "interestExpense": 0, "depreciationAndAmortization": 13052000000, "ebitda": 23733000000, "ebitdaratio": 0.1382622981, "operatingIncome": 10681000000, "operatingIncomeRatio": 0.0622247338, "totalOtherIncomeExpensesNet": 255000000, "incomeBeforeTax": 4853000000, "incomeBeforeTaxRatio": 0.0282723184, "incomeTaxExpense": 937000000, "netIncome": 3487000000, "netIncomeRatio": 0.020314357, "eps": 1.66, "epsdiluted": 1.52, "weightedAverageShsOut": 1738554217, "weightedAverageShsOutDil": 1898684211, "link": "https://www.sec.gov/Archives/edgar/data/37996/000095012405001427/0000950124-05-001427-index.htm", "finalLink": "https://www.sec.gov/Archives/edgar/data/37996/000095012405001427/k91869e10vk.htm", "calculatedOtherExpenses": 0, "calculatedOperatingExpenses": 25115000000, "calculatedNetInterest": 0, "calculatedOtherIncome": -5828000000, "calculatedIncomeNonControlling": 429000000, "calculatedEbitda": 23733000000}, {"date": "2003-12-31", "symbol": "F", "reportedCurrency": "USD", "cik": "0000037996", "fillingDate": "2004-03-12", "acceptedDate": "2004-03-12 17:27:39", "calendarYear": "2003", "period": "FY", "revenue": 164196000000, "costOfRevenue": 129821000000, "grossProfit": 34375000000, "grossProfitRatio": 0.2093534556, "researchAndDevelopmentExpenses": 0, "generalAndAdministrativeExpenses": 0, "sellingAndMarketingExpenses": 0, "sellingGeneralAndAdministrativeExpenses": 17480000000, "otherExpenses": 0, "operatingExpenses": 26259000000, "costAndExpenses": 156080000000, "interestIncome": 0, "interestExpense": 0, "depreciationAndAmortization": 14297000000, "ebitda": 22413000000, "ebitdaratio": 0.1365014982, "operatingIncome": 8116000000, "operatingIncomeRatio": 0.0494287315, "totalOtherIncomeExpensesNet": 74000000, "incomeBeforeTax": 1370000000, "incomeBeforeTaxRatio": 0.0083436868, "incomeTaxExpense": 135000000, "netIncome": 495000000, "netIncomeRatio": 0.0030146898, "eps": 0.13, "epsdiluted": 0.13, "weightedAverageShsOut": 1832000000, "weightedAverageShsOutDil": 1894117647, "link": "https://www.sec.gov/Archives/edgar/data/37996/000095012404000885/0000950124-04-000885-index.htm", "finalLink": "https://www.sec.gov/Archives/edgar/data/37996/000095012404000885/k83502e10vk.htm", "calculatedOtherExpenses": 8779000000, "calculatedOperatingExpenses": 26259000000, "calculatedNetInterest": 0, "calculatedOtherIncome": -6746000000, "calculatedIncomeNonControlling": 740000000, "calculatedEbitda": 22413000000}, {"date": "2002-12-31", "symbol": "F", "reportedCurrency": "USD", "cik": "0000037996", "fillingDate": "2003-03-14", "acceptedDate": "2003-03-14 17:04:13", "calendarYear": "2002", "period": "FY", "revenue": 163420000000, "costOfRevenue": 125137000000, "grossProfit": 38283000000, "grossProfitRatio": 0.2342614123, "researchAndDevelopmentExpenses": 0, "generalAndAdministrativeExpenses": 0, "sellingAndMarketingExpenses": 0, "sellingGeneralAndAdministrativeExpenses": 28426000000, "otherExpenses": 0, "operatingExpenses": 28426000000, "costAndExpenses": 153563000000, "interestIncome": 0, "interestExpense": 0, "depreciationAndAmortization": 15177000000, "ebitda": 25034000000, "ebitdaratio": 0.1531881043, "operatingIncome": 9857000000, "operatingIncomeRatio": 0.0603169747, "totalOtherIncomeExpensesNet": -80000000, "incomeBeforeTax": 953000000, "incomeBeforeTaxRatio": 0.0058315996, "incomeTaxExpense": 302000000, "netIncome": -980000000, "netIncomeRatio": -0.005996818, "eps": -0.54, "epsdiluted": -0.54, "weightedAverageShsOut": 1819000000, "weightedAverageShsOutDil": 1819000000, "link": "https://www.sec.gov/Archives/edgar/data/37996/000003799603000013/0000037996-03-000013-index.htm", "finalLink": "https://www.sec.gov/Archives/edgar/data/37996/000003799603000013/e10k.txt", "calculatedOtherExpenses": 0, "calculatedOperatingExpenses": 28426000000, "calculatedNetInterest": 0, "calculatedOtherIncome": -8904000000, "calculatedIncomeNonControlling": 1631000000, "calculatedEbitda": 25034000000}, {"date": "2001-12-31", "symbol": "F", "reportedCurrency": "USD", "cik": "0000037996", "fillingDate": "2002-03-28", "acceptedDate": "2002-03-28 00:00:00", "calendarYear": "2001", "period": "FY", "revenue": 162412000000, "costOfRevenue": 134892000000, "grossProfit": 27520000000, "grossProfitRatio": 0.1694456075, "researchAndDevelopmentExpenses": 0, "generalAndAdministrativeExpenses": 0, "sellingAndMarketingExpenses": 0, "sellingGeneralAndAdministrativeExpenses": 13602000000, "otherExpenses": 0, "operatingExpenses": 35088000000, "costAndExpenses": 169980000000, "interestIncome": 0, "interestExpense": 0, "depreciationAndAmortization": 19750000000, "ebitda": 12182000000, "ebitdaratio": 0.0750067729, "operatingIncome": -7568000000, "operatingIncomeRatio": -0.0465975421, "totalOtherIncomeExpensesNet": -856000000, "incomeBeforeTax": -7584000000, "incomeBeforeTaxRatio": -0.0466960569, "incomeTaxExpense": -2151000000, "netIncome": -5453000000, "netIncomeRatio": -0.0335751053, "eps": -3, "epsdiluted": -3, "weightedAverageShsOut": 1820000000, "weightedAverageShsOutDil": 1820000000, "link": "https://www.sec.gov/Archives/edgar/data/37996/000003799602000015/0000037996-02-000015-index.htm", "finalLink": "https://www.sec.gov/Archives/edgar/data/37996/000003799602000015/v7.txt", "calculatedOtherExpenses": 21486000000, "calculatedOperatingExpenses": 35088000000, "calculatedNetInterest": 0, "calculatedOtherIncome": -16000000, "calculatedIncomeNonControlling": 20000000, "calculatedEbitda": 12182000000}, {"date": "2000-12-31", "symbol": "F", "reportedCurrency": "USD", "cik": "0000037996", "fillingDate": "2001-03-22", "acceptedDate": "2001-03-22 00:00:00", "calendarYear": "2000", "period": "FY", "revenue": 170064000000, "costOfRevenue": 135639000000, "grossProfit": 34425000000, "grossProfitRatio": 0.2024237934, "researchAndDevelopmentExpenses": 0, "generalAndAdministrativeExpenses": 0, "sellingAndMarketingExpenses": 0, "sellingGeneralAndAdministrativeExpenses": 9884000000, "otherExpenses": 0, "operatingExpenses": 19292000000, "costAndExpenses": 154931000000, "interestIncome": 1488000000, "interestExpense": 1383000000, "depreciationAndAmortization": 14849000000, "ebitda": 31400000000, "ebitdaratio": 0.1846363722, "operatingIncome": 15133000000, "operatingIncomeRatio": 0.0889841471, "totalOtherIncomeExpensesNet": -7004000000, "incomeBeforeTax": 8234000000, "incomeBeforeTaxRatio": 0.0484170665, "incomeTaxExpense": 2705000000, "netIncome": 3467000000, "netIncomeRatio": 0.0203864428, "eps": 2.34, "epsdiluted": 2.3, "weightedAverageShsOut": 1483000000, "weightedAverageShsOutDil": 1500869565, "link": "https://www.sec.gov/Archives/edgar/data/37996/000003799601000014/0000037996-01-000014-index.htm", "finalLink": "https://www.sec.gov/Archives/edgar/data/37996/000003799601000014/0000037996-01-000014-0001.txt", "calculatedOtherExpenses": 9408000000, "calculatedOperatingExpenses": 19292000000, "calculatedNetInterest": 105000000, "calculatedOtherIncome": -7004000000, "calculatedIncomeNonControlling": 2062000000, "calculatedEbitda": 29982000000}, {"date": "1999-12-31", "symbol": "F", "reportedCurrency": "USD", "cik": "0000037996", "fillingDate": "2000-03-16", "acceptedDate": "2000-03-16 00:00:00", "calendarYear": "1999", "period": "FY", "revenue": 162558000000, "costOfRevenue": 126725000000, "grossProfit": 35833000000, "grossProfitRatio": 0.2204320919, "researchAndDevelopmentExpenses": 0, "generalAndAdministrativeExpenses": 0, "sellingAndMarketingExpenses": 0, "sellingGeneralAndAdministrativeExpenses": 9548000000, "otherExpenses": 0, "operatingExpenses": 18802000000, "costAndExpenses": 145527000000, "interestIncome": 1428000000, "interestExpense": 1397000000, "depreciationAndAmortization": 15193000000, "ebitda": 33734000000, "ebitdaratio": 0.2075197776, "operatingIncome": 17031000000, "operatingIncomeRatio": 0.1047687595, "totalOtherIncomeExpensesNet": -6036000000, "incomeBeforeTax": 11026000000, "incomeBeforeTaxRatio": 0.0678280983, "incomeTaxExpense": 3670000000, "netIncome": 7237000000, "netIncomeRatio": 0.0445194946, "eps": 5.99, "epsdiluted": 5.86, "weightedAverageShsOut": 1210000000, "weightedAverageShsOutDil": 1237442922, "link": "https://www.sec.gov/Archives/edgar/data/37996/000003799600000019/0000037996-00-000019-index.html", "finalLink": "https://www.sec.gov/Archives/edgar/data/37996/000003799600000019/", "calculatedOtherExpenses": 9254000000, "calculatedOperatingExpenses": 18802000000, "calculatedNetInterest": 31000000, "calculatedOtherIncome": -6036000000, "calculatedIncomeNonControlling": 119000000, "calculatedEbitda": 32224000000}, {"date": "1998-12-31", "symbol": "F", "reportedCurrency": "USD", "cik": "0000037996", "fillingDate": "1999-03-17", "acceptedDate": "1999-03-17 00:00:00", "calendarYear": "1998", "period": "FY", "revenue": 144416000000, "costOfRevenue": 112818000000, "grossProfit": 31598000000, "grossProfitRatio": 0.2187984711, "researchAndDevelopmentExpenses": 0, "generalAndAdministrativeExpenses": 0, "sellingAndMarketingExpenses": 0, "sellingGeneralAndAdministrativeExpenses": 7616000000, "otherExpenses": 0, "operatingExpenses": 16205000000, "costAndExpenses": 129023000000, "interestIncome": 1331000000, "interestExpense": 829000000, "depreciationAndAmortization": 14329000000, "ebitda": 46970000000, "ebitdaratio": 0.3252409705, "operatingIncome": 15393000000, "operatingIncomeRatio": 0.1065879127, "totalOtherIncomeExpensesNet": 9501000000, "incomeBeforeTax": 25396000000, "incomeBeforeTaxRatio": 0.1758530911, "incomeTaxExpense": 3176000000, "netIncome": 22071000000, "netIncomeRatio": 0.1528293264, "eps": 18.17, "epsdiluted": 17.76, "weightedAverageShsOut": 1211000000, "weightedAverageShsOutDil": 1238898757, "link": "https://www.sec.gov/Archives/edgar/data/37996/000003799699000009/0000037996-99-000009-index.html", "finalLink": "https://www.sec.gov/Archives/edgar/data/37996/", "calculatedOtherExpenses": 8589000000, "calculatedOperatingExpenses": 16205000000, "calculatedNetInterest": 502000000, "calculatedOtherIncome": 9501000000, "calculatedIncomeNonControlling": 149000000, "calculatedEbitda": 29722000000}, {"date": "1997-12-31", "symbol": "F", "reportedCurrency": "USD", "cik": "0000037996", "fillingDate": "1998-03-18", "acceptedDate": "1998-03-18 00:00:00", "calendarYear": "1997", "period": "FY", "revenue": 153627000000, "costOfRevenue": 118619000000, "grossProfit": 35008000000, "grossProfitRatio": 0.2278766102, "researchAndDevelopmentExpenses": 0, "generalAndAdministrativeExpenses": 0, "sellingAndMarketingExpenses": 0, "sellingGeneralAndAdministrativeExpenses": 7082000000, "otherExpenses": 0, "operatingExpenses": 14727000000, "costAndExpenses": 133346000000, "interestIncome": 1116000000, "interestExpense": 788000000, "depreciationAndAmortization": 13583000000, "ebitda": 34892000000, "ebitdaratio": 0.2271215346, "operatingIncome": 20281000000, "operatingIncomeRatio": 0.1320145547, "totalOtherIncomeExpensesNet": -9670000000, "incomeBeforeTax": 10939000000, "incomeBeforeTaxRatio": 0.0712049314, "incomeTaxExpense": 3741000000, "netIncome": 6920000000, "netIncomeRatio": 0.0450441654, "eps": 3.66, "epsdiluted": 3.58, "weightedAverageShsOut": 1877345000, "weightedAverageShsOutDil": 1934398577, "link": "https://www.sec.gov/Archives/edgar/data/37996/000003799698000014/0000037996-98-000014-index.html", "finalLink": "https://www.sec.gov/Archives/edgar/data/37996/", "calculatedOtherExpenses": 7645000000, "calculatedOperatingExpenses": 14727000000, "calculatedNetInterest": 328000000, "calculatedOtherIncome": -9670000000, "calculatedIncomeNonControlling": 278000000, "calculatedEbitda": 33864000000}, {"date": "1996-12-31", "symbol": "F", "reportedCurrency": "USD", "cik": "0000037996", "fillingDate": "1997-03-18", "acceptedDate": "1997-03-18 00:00:00", "calendarYear": "1996", "period": "FY", "revenue": 146991000000, "costOfRevenue": 118586000000, "grossProfit": 28405000000, "grossProfitRatio": 0.1932431237, "researchAndDevelopmentExpenses": 0, "generalAndAdministrativeExpenses": 0, "sellingAndMarketingExpenses": 0, "sellingGeneralAndAdministrativeExpenses": 6625000000, "otherExpenses": 0, "operatingExpenses": 13500000000, "costAndExpenses": 132086000000, "interestIncome": 841000000, "interestExpense": 695000000, "depreciationAndAmortization": 12791000000, "ebitda": 28531000000, "ebitdaratio": 0.1941003191, "operatingIncome": 14905000000, "operatingIncomeRatio": 0.101400766, "totalOtherIncomeExpensesNet": -8258000000, "incomeBeforeTax": 6793000000, "incomeBeforeTaxRatio": 0.0462137138, "incomeTaxExpense": 2166000000, "netIncome": 4446000000, "netIncomeRatio": 0.0302467498, "eps": 2.37, "epsdiluted": 2.32, "weightedAverageShsOut": 1852209000, "weightedAverageShsOutDil": 1890810714, "link": "https://www.sec.gov/Archives/edgar/data/37996/000003799697000008/0000037996-97-000008-index.html", "finalLink": "https://www.sec.gov/Archives/edgar/data/37996/", "calculatedOtherExpenses": 6875000000, "calculatedOperatingExpenses": 13500000000, "calculatedNetInterest": 146000000, "calculatedOtherIncome": -8258000000, "calculatedIncomeNonControlling": 181000000, "calculatedEbitda": 27696000000}, {"date": "1995-12-31", "symbol": "F", "reportedCurrency": "USD", "cik": "0000037996", "fillingDate": "1996-03-19", "acceptedDate": "1996-03-19 00:00:00", "calendarYear": "1995", "period": "FY", "revenue": 137137000000, "costOfRevenue": 110595000000, "grossProfit": 26542000000, "grossProfitRatio": 0.1935436826, "researchAndDevelopmentExpenses": 0, "generalAndAdministrativeExpenses": 0, "sellingAndMarketingExpenses": 0, "sellingGeneralAndAdministrativeExpenses": 6044000000, "otherExpenses": 0, "operatingExpenses": 12544000000, "costAndExpenses": 123139000000, "interestIncome": 800000000, "interestExpense": 622000000, "depreciationAndAmortization": 11719000000, "ebitda": 26363000000, "ebitdaratio": 0.1922384185, "operatingIncome": 13998000000, "operatingIncomeRatio": 0.1020731094, "totalOtherIncomeExpensesNet": -7471000000, "incomeBeforeTax": 6705000000, "incomeBeforeTaxRatio": 0.0488927131, "incomeTaxExpense": 2379000000, "netIncome": 4139000000, "netIncomeRatio": 0.0301814973, "eps": 2.28, "epsdiluted": 2.12, "weightedAverageShsOut": 1682541000, "weightedAverageShsOutDil": 1811131832, "link": "https://www.sec.gov/Archives/edgar/data/37996/000003799696000007/0000037996-96-000007-index.html", "finalLink": "https://www.sec.gov/Archives/edgar/data/37996/", "calculatedOtherExpenses": 6500000000, "calculatedOperatingExpenses": 12544000000, "calculatedNetInterest": 178000000, "calculatedOtherIncome": -7471000000, "calculatedIncomeNonControlling": 187000000, "calculatedEbitda": 25717000000}, {"date": "1994-12-31", "symbol": "F", "reportedCurrency": "USD", "cik": "0000037996", "fillingDate": "1995-03-16", "acceptedDate": "1995-03-16 00:00:00", "calendarYear": "1994", "period": "FY", "revenue": 128439000000, "costOfRevenue": 103203000000, "grossProfit": 25236000000, "grossProfitRatio": 0.1964823768, "researchAndDevelopmentExpenses": 0, "generalAndAdministrativeExpenses": 0, "sellingAndMarketingExpenses": 0, "sellingGeneralAndAdministrativeExpenses": 5131000000, "otherExpenses": 0, "operatingExpenses": 10041000000, "costAndExpenses": 113244000000, "interestIncome": 665000000, "interestExpense": 721000000, "depreciationAndAmortization": 9336000000, "ebitda": 25467000000, "ebitdaratio": 0.198280896, "operatingIncome": 15195000000, "operatingIncomeRatio": 0.1183051877, "totalOtherIncomeExpensesNet": -6350000000, "incomeBeforeTax": 8789000000, "incomeBeforeTaxRatio": 0.0684293711, "incomeTaxExpense": 3329000000, "netIncome": 5308000000, "netIncomeRatio": 0.0413270113, "eps": 3.16, "epsdiluted": 2.83, "weightedAverageShsOut": 1586710000, "weightedAverageShsOutDil": 1586710000, "link": "https://www.sec.gov/Archives/edgar/data/37996/000095012495000729/0000950124-95-000729-index.html", "finalLink": "https://www.sec.gov/Archives/edgar/data/37996/", "calculatedOtherExpenses": 4910000000, "calculatedOperatingExpenses": 10041000000, "calculatedNetInterest": -56000000, "calculatedOtherIncome": -6350000000, "calculatedIncomeNonControlling": 152000000, "calculatedEbitda": 24531000000}, {"date": "1993-12-31", "symbol": "F", "reportedCurrency": "USD", "cik": "0000037996", "fillingDate": "1994-03-21", "acceptedDate": "1994-03-21 00:00:00", "calendarYear": "1993", "period": "FY", "revenue": 108521000000, "costOfRevenue": 88364000000, "grossProfit": 20157000000, "grossProfitRatio": 0.1857428516, "researchAndDevelopmentExpenses": 0, "generalAndAdministrativeExpenses": 0, "sellingAndMarketingExpenses": 0, "sellingGeneralAndAdministrativeExpenses": 6491000000, "otherExpenses": 0, "operatingExpenses": 9555000000, "costAndExpenses": 97919000000, "interestIncome": 0, "interestExpense": 0, "depreciationAndAmortization": 3064000000, "ebitda": 12976000000, "ebitdaratio": 0.1195713272, "operatingIncome": 10602000000, "operatingIncomeRatio": 0.0976953769, "totalOtherIncomeExpensesNet": 690000000, "incomeBeforeTax": 3879000000, "incomeBeforeTaxRatio": 0.0357442338, "incomeTaxExpense": 1350000000, "netIncome": 2529000000, "netIncomeRatio": 0.0233042453, "eps": 1.44, "epsdiluted": 1.34, "weightedAverageShsOut": 1549006000, "weightedAverageShsOutDil": 1549006000, "link": "https://www.sec.gov/Archives/edgar/data/37996/000003799694000005/0000037996-94-000005-index.html", "finalLink": "https://www.sec.gov/Archives/edgar/data/37996/", "calculatedOtherExpenses": 3064000000, "calculatedOperatingExpenses": 9555000000, "calculatedNetInterest": 0, "calculatedOtherIncome": -6723000000, "calculatedIncomeNonControlling": 0, "calculatedEbitda": 13666000000}, {"date": "1992-12-31", "symbol": "F", "reportedCurrency": "USD", "cik": "0000037996", "fillingDate": "1992-12-31", "acceptedDate": "1992-12-30 19:00:00", "calendarYear": "1992", "period": "FY", "revenue": 100132300000, "costOfRevenue": 80025900000, "grossProfit": 20106400000, "grossProfitRatio": 0.2007983438, "researchAndDevelopmentExpenses": 0, "generalAndAdministrativeExpenses": 0, "sellingAndMarketingExpenses": 0, "sellingGeneralAndAdministrativeExpenses": 6229600000, "otherExpenses": 0, "operatingExpenses": 12985300000, "costAndExpenses": 93011200000, "interestIncome": 0, "interestExpense": 0, "depreciationAndAmortization": 6755700000, "ebitda": 13208100000, "ebitdaratio": 0.1319064877, "operatingIncome": 7121100000, "operatingIncomeRatio": 0.0711169123, "totalOtherIncomeExpensesNet": 668700000, "incomeBeforeTax": -207100000, "incomeBeforeTaxRatio": -0.0020682637, "incomeTaxExpense": 294700000, "netIncome": -7385000000, "netIncomeRatio": -0.0737524255, "eps": -4.84, "epsdiluted": -4.84, "weightedAverageShsOut": 1527012000, "weightedAverageShsOutDil": 1527012000, "link": "", "finalLink": "", "calculatedOtherExpenses": 6755700000, "calculatedOperatingExpenses": 12985300000, "calculatedNetInterest": 0, "calculatedOtherIncome": -7328200000, "calculatedIncomeNonControlling": 6883200000, "calculatedEbitda": 13876800000}, {"date": "1991-12-31", "symbol": "F", "reportedCurrency": "USD", "cik": "0000037996", "fillingDate": "1991-12-31", "acceptedDate": "1991-12-30 19:00:00", "calendarYear": "1991", "period": "FY", "revenue": 88286300000, "costOfRevenue": 70371300000, "grossProfit": 17915000000, "grossProfitRatio": 0.2029193657, "researchAndDevelopmentExpenses": 0, "generalAndAdministrativeExpenses": 0, "sellingAndMarketingExpenses": 0, "sellingGeneralAndAdministrativeExpenses": 6152600000, "otherExpenses": 0, "operatingExpenses": 11930900000, "costAndExpenses": 82302200000, "interestIncome": 0, "interestExpense": 0, "depreciationAndAmortization": 5778300000, "ebitda": 11114300000, "ebitdaratio": 0.1258892943, "operatingIncome": 5984100000, "operatingIncomeRatio": 0.0677806183, "totalOtherIncomeExpensesNet": 648100000, "incomeBeforeTax": -2653400000, "incomeBeforeTaxRatio": -0.0300544932, "incomeTaxExpense": -395400000, "netIncome": -2258000000, "netIncomeRatio": -0.0255758821, "eps": -2.37, "epsdiluted": -2.37, "weightedAverageShsOut": 953974895, "weightedAverageShsOutDil": 953974895, "link": "", "finalLink": "", "calculatedOtherExpenses": 5778300000, "calculatedOperatingExpenses": 11930900000, "calculatedNetInterest": 0, "calculatedOtherIncome": -8637500000, "calculatedIncomeNonControlling": 0, "calculatedEbitda": 11762400000}, {"date": "1990-12-31", "symbol": "F", "reportedCurrency": "USD", "cik": "0000037996", "fillingDate": "1990-12-31", "acceptedDate": "1990-12-30 19:00:00", "calendarYear": "1990", "period": "FY", "revenue": 97650000000, "costOfRevenue": 78004100000, "grossProfit": 19645900000, "grossProfitRatio": 0.201186892, "researchAndDevelopmentExpenses": 0, "generalAndAdministrativeExpenses": 0, "sellingAndMarketingExpenses": 0, "sellingGeneralAndAdministrativeExpenses": 5920900000, "otherExpenses": 0, "operatingExpenses": 9105800000, "costAndExpenses": 87109900000, "interestIncome": 0, "interestExpense": 0, "depreciationAndAmortization": 3184900000, "ebitda": 13197200000, "ebitdaratio": 0.1351479775, "operatingIncome": 10540100000, "operatingIncomeRatio": 0.107937532, "totalOtherIncomeExpensesNet": 527800000, "incomeBeforeTax": 1390500000, "incomeBeforeTaxRatio": 0.0142396313, "incomeTaxExpense": 530400000, "netIncome": 860100000, "netIncomeRatio": 0.0088079877, "eps": 0.94, "epsdiluted": 0.92, "weightedAverageShsOut": 915000000, "weightedAverageShsOutDil": 934891304, "link": "", "finalLink": "", "calculatedOtherExpenses": 3184900000, "calculatedOperatingExpenses": 9105800000, "calculatedNetInterest": 0, "calculatedOtherIncome": -9149600000, "calculatedIncomeNonControlling": 0, "calculatedEbitda": 13725000000}, {"date": "1989-12-31", "symbol": "F", "reportedCurrency": "USD", "cik": "0000037996", "fillingDate": "1989-12-31", "acceptedDate": "1989-12-30 19:00:00", "calendarYear": "1989", "period": "FY", "revenue": 96145900000, "costOfRevenue": 72615700000, "grossProfit": 23530200000, "grossProfitRatio": 0.2447343048, "researchAndDevelopmentExpenses": 0, "generalAndAdministrativeExpenses": 0, "sellingAndMarketingExpenses": 0, "sellingGeneralAndAdministrativeExpenses": 5321400000, "otherExpenses": 0, "operatingExpenses": 9550100000, "costAndExpenses": 82165800000, "interestIncome": 0, "interestExpense": 0, "depreciationAndAmortization": 4228700000, "ebitda": 17560800000, "ebitdaratio": 0.182647414, "operatingIncome": 13980100000, "operatingIncomeRatio": 0.1454050563, "totalOtherIncomeExpensesNet": 648000000, "incomeBeforeTax": 5947400000, "incomeBeforeTaxRatio": 0.061858072, "incomeTaxExpense": 2112400000, "netIncome": 3835000000, "netIncomeRatio": 0.0398872963, "eps": 4.11, "epsdiluted": 4.06, "weightedAverageShsOut": 933090024, "weightedAverageShsOutDil": 944581281, "link": "", "finalLink": "", "calculatedOtherExpenses": 4228700000, "calculatedOperatingExpenses": 9550100000, "calculatedNetInterest": 0, "calculatedOtherIncome": -8032700000, "calculatedIncomeNonControlling": 0, "calculatedEbitda": 18208800000}, {"date": "1988-12-31", "symbol": "F", "reportedCurrency": "USD", "cik": "0000037996", "fillingDate": "1988-12-31", "acceptedDate": "1988-12-30 19:00:00", "calendarYear": "1988", "period": "FY", "revenue": 92445600000, "costOfRevenue": 68233300000, "grossProfit": 24212300000, "grossProfitRatio": 0.2619086252, "researchAndDevelopmentExpenses": 0, "generalAndAdministrativeExpenses": 0, "sellingAndMarketingExpenses": 0, "sellingGeneralAndAdministrativeExpenses": 8307200000, "otherExpenses": 0, "operatingExpenses": 10764800000, "costAndExpenses": 78998100000, "interestIncome": 0, "interestExpense": 0, "depreciationAndAmortization": 2457600000, "ebitda": 14872100000, "ebitdaratio": 0.1608740708, "operatingIncome": 13447500000, "operatingIncomeRatio": 0.1454639269, "totalOtherIncomeExpensesNet": 1033000000, "incomeBeforeTax": 8298900000, "incomeBeforeTaxRatio": 0.0897706327, "incomeTaxExpense": 2998700000, "netIncome": 5300200000, "netIncomeRatio": 0.0573331776, "eps": 5.48, "epsdiluted": 5.41, "weightedAverageShsOut": 967189781, "weightedAverageShsOutDil": 979704251, "link": "", "finalLink": "", "calculatedOtherExpenses": 2457600000, "calculatedOperatingExpenses": 10764800000, "calculatedNetInterest": 0, "calculatedOtherIncome": -5148600000, "calculatedIncomeNonControlling": 0, "calculatedEbitda": 15905100000}, {"date": "1987-12-31", "symbol": "F", "reportedCurrency": "USD", "cik": "0000037996", "fillingDate": "1987-12-31", "acceptedDate": "1987-12-30 19:00:00", "calendarYear": "1987", "period": "FY", "revenue": 71643400000, "costOfRevenue": 58495100000, "grossProfit": 13148300000, "grossProfitRatio": 0.1835242325, "researchAndDevelopmentExpenses": 0, "generalAndAdministrativeExpenses": 0, "sellingAndMarketingExpenses": 0, "sellingGeneralAndAdministrativeExpenses": 3779700000, "otherExpenses": 0, "operatingExpenses": 6947100000, "costAndExpenses": 65442200000, "interestIncome": 0, "interestExpense": 0, "depreciationAndAmortization": 3167400000, "ebitda": 7749200000, "ebitdaratio": 0.1081634875, "operatingIncome": 6201200000, "operatingIncomeRatio": 0.0865564728, "totalOtherIncomeExpensesNet": 1619400000, "incomeBeforeTax": 7351200000, "incomeBeforeTaxRatio": 0.1026081956, "incomeTaxExpense": 2726000000, "netIncome": 4625200000, "netIncomeRatio": 0.0645586335, "eps": 4.52, "epsdiluted": 4.45, "weightedAverageShsOut": 1023274336, "weightedAverageShsOutDil": 1039370787, "link": "", "finalLink": "", "calculatedOtherExpenses": 3167400000, "calculatedOperatingExpenses": 6947100000, "calculatedNetInterest": 0, "calculatedOtherIncome": 1150000000, "calculatedIncomeNonControlling": 0, "calculatedEbitda": 9368600000}, {"date": "1986-12-31", "symbol": "F", "reportedCurrency": "USD", "cik": "0000037996", "fillingDate": "1986-12-31", "acceptedDate": "1986-12-30 19:00:00", "calendarYear": "1986", "period": "FY", "revenue": 62715800000, "costOfRevenue": 51866200000, "grossProfit": 10849600000, "grossProfitRatio": 0.1729962784, "researchAndDevelopmentExpenses": 0, "generalAndAdministrativeExpenses": 0, "sellingAndMarketingExpenses": 0, "sellingGeneralAndAdministrativeExpenses": 3833500000, "otherExpenses": 0, "operatingExpenses": 6793100000, "costAndExpenses": 58659300000, "interestIncome": 0, "interestExpense": 0, "depreciationAndAmortization": 2959600000, "ebitda": 5520400000, "ebitdaratio": 0.088022476, "operatingIncome": 4056500000, "operatingIncomeRatio": 0.0646806706, "totalOtherIncomeExpensesNet": 1495700000, "incomeBeforeTax": 5059300000, "incomeBeforeTaxRatio": 0.0806702617, "incomeTaxExpense": 1774200000, "netIncome": 3285100000, "netIncomeRatio": 0.0523807398, "eps": 3.03, "epsdiluted": 3.03, "weightedAverageShsOut": 1084191419, "weightedAverageShsOutDil": 1084191419, "link": "", "finalLink": "", "calculatedOtherExpenses": 2959600000, "calculatedOperatingExpenses": 6793100000, "calculatedNetInterest": 0, "calculatedOtherIncome": 1002800000, "calculatedIncomeNonControlling": 0, "calculatedEbitda": 7016100000}, {"date": "1985-12-31", "symbol": "F", "reportedCurrency": "USD", "cik": "0000037996", "fillingDate": "1985-12-31", "acceptedDate": "1985-12-30 19:00:00", "calendarYear": "1985", "period": "FY", "revenue": 52774400000, "costOfRevenue": 44435400000, "grossProfit": 8339000000, "grossProfitRatio": 0.158012218, "researchAndDevelopmentExpenses": 0, "generalAndAdministrativeExpenses": 0, "sellingAndMarketingExpenses": 0, "sellingGeneralAndAdministrativeExpenses": 3216500000, "otherExpenses": 0, "operatingExpenses": 5609300000, "costAndExpenses": 50044700000, "interestIncome": 0, "interestExpense": 0, "depreciationAndAmortization": 2392800000, "ebitda": 3775300000, "ebitdaratio": 0.0715365783, "operatingIncome": 2729700000, "operatingIncomeRatio": 0.0517239419, "totalOtherIncomeExpensesNet": 1347200000, "incomeBeforeTax": 3618500000, "incomeBeforeTaxRatio": 0.0685654408, "incomeTaxExpense": 1103100000, "netIncome": 2515400000, "netIncomeRatio": 0.047663261, "eps": 2.29, "epsdiluted": 2.22, "weightedAverageShsOut": 1098427948, "weightedAverageShsOutDil": 1133063063, "link": "", "finalLink": "", "calculatedOtherExpenses": 2392800000, "calculatedOperatingExpenses": 5609300000, "calculatedNetInterest": 0, "calculatedOtherIncome": 888800000, "calculatedIncomeNonControlling": 0, "calculatedEbitda": 5122500000}]}