{"originalCurrency": "USD", "convertedCurrency": "USD", "report": [{"date": "2023-12-31", "symbol": "FA", "reportedCurrency": "USD", "cik": "0001210677", "fillingDate": "2024-02-29", "acceptedDate": "2024-02-29 16:15:49", "calendarYear": "2023", "period": "FY", "revenue": 763761000, "costOfRevenue": 565513000, "grossProfit": 198248000, "grossProfitRatio": 0.259568111, "researchAndDevelopmentExpenses": 49263000, "generalAndAdministrativeExpenses": 114832000, "sellingAndMarketingExpenses": 1900000, "sellingGeneralAndAdministrativeExpenses": 116732000, "otherExpenses": 565513000, "operatingExpenses": 116732000, "costAndExpenses": 682245000, "interestIncome": 0, "interestExpense": 33040000, "depreciationAndAmortization": 129473000, "ebitda": 210989000, "ebitdaratio": 0.2762500311, "operatingIncome": 81516000, "operatingIncomeRatio": 0.106729723, "totalOtherIncomeExpensesNet": -33040000, "incomeBeforeTax": 48476000, "incomeBeforeTaxRatio": 0.063470117, "incomeTaxExpense": 11183000, "netIncome": 37293000, "netIncomeRatio": 0.048828102, "eps": 0.26, "epsdiluted": 0.26, "weightedAverageShsOut": 144083808, "weightedAverageShsOutDil": 146226096, "link": "https://www.sec.gov/Archives/edgar/data/1210677/000095017024023094/0000950170-24-023094-index.htm", "finalLink": "https://www.sec.gov/Archives/edgar/data/1210677/000095017024023094/fa-20231231.htm", "calculatedOtherExpenses": -49263000, "calculatedOperatingExpenses": 116732000, "calculatedNetInterest": -33040000, "calculatedOtherIncome": 0, "calculatedIncomeNonControlling": 0, "calculatedEbitda": 210989000}, {"date": "2022-12-31", "symbol": "FA", "reportedCurrency": "USD", "cik": "0001210677", "fillingDate": "2023-02-28", "acceptedDate": "2023-02-28 16:18:02", "calendarYear": "2022", "period": "FY", "revenue": 810023000, "costOfRevenue": 408928000, "grossProfit": 401095000, "grossProfitRatio": 0.4951649521, "researchAndDevelopmentExpenses": 51931000, "generalAndAdministrativeExpenses": 113740000, "sellingAndMarketingExpenses": 2900000, "sellingGeneralAndAdministrativeExpenses": 116640000, "otherExpenses": 138246000, "operatingExpenses": 306817000, "costAndExpenses": 715745000, "interestIncome": 9199000, "interestExpense": 9199000, "depreciationAndAmortization": 138246000, "ebitda": 232524000, "ebitdaratio": 0.2870585156, "operatingIncome": 94278000, "operatingIncomeRatio": 0.1163892877, "totalOtherIncomeExpensesNet": -9199000, "incomeBeforeTax": 85079000, "incomeBeforeTaxRatio": 0.1050328201, "incomeTaxExpense": 20475000, "netIncome": 64604000, "netIncomeRatio": 0.07975576, "eps": 0.43, "epsdiluted": 0.43, "weightedAverageShsOut": 150227213, "weightedAverageShsOutDil": 151807139, "link": "https://www.sec.gov/Archives/edgar/data/1210677/000095017023005110/0000950170-23-005110-index.htm", "finalLink": "https://www.sec.gov/Archives/edgar/data/1210677/000095017023005110/fa-20221231.htm", "calculatedOtherExpenses": 138246000, "calculatedOperatingExpenses": 306817000, "calculatedNetInterest": 0, "calculatedOtherIncome": -9199000, "calculatedIncomeNonControlling": 0, "calculatedEbitda": 232524000}, {"date": "2021-12-31", "symbol": "FA", "reportedCurrency": "USD", "cik": "0001210677", "fillingDate": "2022-03-23", "acceptedDate": "2022-03-23 16:16:58", "calendarYear": "2021", "period": "FY", "revenue": 712295000, "costOfRevenue": 352170000, "grossProfit": 360125000, "grossProfitRatio": 0.5055840628, "researchAndDevelopmentExpenses": 45507000, "generalAndAdministrativeExpenses": 106580000, "sellingAndMarketingExpenses": 1400000, "sellingGeneralAndAdministrativeExpenses": 107980000, "otherExpenses": 142815000, "operatingExpenses": 296302000, "costAndExpenses": 648472000, "interestIncome": 150000, "interestExpense": 25122000, "depreciationAndAmortization": 142965000, "ebitda": 206788000, "ebitdaratio": 0.2903123004, "operatingIncome": 63823000, "operatingIncomeRatio": 0.0896019206, "totalOtherIncomeExpensesNet": -38910000, "incomeBeforeTax": 24913000, "incomeBeforeTaxRatio": 0.0349756772, "incomeTaxExpense": 8862000, "netIncome": 16051000, "netIncomeRatio": 0.0225342028, "eps": 0.11, "epsdiluted": 0.11, "weightedAverageShsOut": 152901040, "weightedAverageShsOutDil": 152901040, "link": "https://www.sec.gov/Archives/edgar/data/1210677/000095017022004413/0000950170-22-004413-index.htm", "finalLink": "https://www.sec.gov/Archives/edgar/data/1210677/000095017022004413/fa-20211231.htm", "calculatedOtherExpenses": 142815000, "calculatedOperatingExpenses": 296302000, "calculatedNetInterest": -24972000, "calculatedOtherIncome": -13938000, "calculatedIncomeNonControlling": 0, "calculatedEbitda": 206788000}, {"date": "2020-12-31", "symbol": "FA", "reportedCurrency": "USD", "cik": "0001210677", "fillingDate": "2020-12-31", "acceptedDate": "2020-12-30 19:00:00", "calendarYear": "2020", "period": "FY", "revenue": 509154000, "costOfRevenue": 433104000, "grossProfit": 76050000, "grossProfitRatio": 0.1493654179, "researchAndDevelopmentExpenses": 35390000, "generalAndAdministrativeExpenses": 76499000, "sellingAndMarketingExpenses": 700000, "sellingGeneralAndAdministrativeExpenses": 77199000, "otherExpenses": 0, "operatingExpenses": 77199000, "costAndExpenses": 510303000, "interestIncome": 555000, "interestExpense": 48045000, "depreciationAndAmortization": 137162000, "ebitda": 136013000, "ebitdaratio": 0.2671352872, "operatingIncome": -1149000, "operatingIncomeRatio": -0.0022566846, "totalOtherIncomeExpensesNet": -95099000, "incomeBeforeTax": -96248000, "incomeBeforeTaxRatio": -0.1890351446, "incomeTaxExpense": -12226000, "netIncome": -84022000, "netIncomeRatio": -0.1650227633, "eps": -0.55, "epsdiluted": -0.55, "weightedAverageShsOut": 152856250, "weightedAverageShsOutDil": 152856250, "link": null, "finalLink": null, "calculatedOtherExpenses": -35390000, "calculatedOperatingExpenses": 77199000, "calculatedNetInterest": -47490000, "calculatedOtherIncome": -47609000, "calculatedIncomeNonControlling": 0, "calculatedEbitda": 136013000}, {"date": "2019-12-31", "symbol": "FA", "reportedCurrency": "USD", "cik": "0001210677", "fillingDate": "2019-12-31", "acceptedDate": "2019-12-31 00:00:00", "calendarYear": "2019", "period": "FY", "revenue": 481767000, "costOfRevenue": 245324000, "grossProfit": 236443000, "grossProfitRatio": 0.4907828888, "researchAndDevelopmentExpenses": 33239000, "generalAndAdministrativeExpenses": 118323000, "sellingAndMarketingExpenses": -33239000, "sellingGeneralAndAdministrativeExpenses": 85084000, "otherExpenses": 25953000, "operatingExpenses": 144276000, "costAndExpenses": 389600000, "interestIncome": 945000, "interestExpense": 51964000, "depreciationAndAmortization": 26898000, "ebitda": 119065000, "ebitdaratio": 0.2471422908, "operatingIncome": 92167000, "operatingIncomeRatio": 0.1913103222, "totalOtherIncomeExpensesNet": -51019000, "incomeBeforeTax": 41148000, "incomeBeforeTaxRatio": 0.0854105823, "incomeTaxExpense": 6898000, "netIncome": 34250000, "netIncomeRatio": 0.0710924576, "eps": 0.22, "epsdiluted": 0.22, "weightedAverageShsOut": 152856250, "weightedAverageShsOutDil": 152856250, "link": null, "finalLink": null, "calculatedOtherExpenses": 25953000, "calculatedOperatingExpenses": 144276000, "calculatedNetInterest": -51019000, "calculatedOtherIncome": 0, "calculatedIncomeNonControlling": 0, "calculatedEbitda": 119065000}, {"date": "2008-12-31", "symbol": "FA", "reportedCurrency": "USD", "cik": "0001210677", "fillingDate": "2009-02-26", "acceptedDate": "2009-02-26 11:01:02", "calendarYear": "2008", "period": "FY", "revenue": 779963000, "costOfRevenue": 282667000, "grossProfit": 497296000, "grossProfitRatio": 0.637589219, "researchAndDevelopmentExpenses": 0, "generalAndAdministrativeExpenses": 274427000, "sellingAndMarketingExpenses": 0, "sellingGeneralAndAdministrativeExpenses": 274427000, "otherExpenses": 129299000, "operatingExpenses": 403726000, "costAndExpenses": 686393000, "interestIncome": 897000, "interestExpense": 2548000, "depreciationAndAmortization": 65240000, "ebitda": 137060000, "ebitdaratio": 0.1757262845, "operatingIncome": 71820000, "operatingIncomeRatio": 0.092081291, "totalOtherIncomeExpensesNet": -1651000, "incomeBeforeTax": 70169000, "incomeBeforeTaxRatio": 0.089964524, "incomeTaxExpense": 37079000, "netIncome": 34857000, "netIncomeRatio": 0.0446905815, "eps": 0.59, "epsdiluted": 0.59, "weightedAverageShsOut": 59392000, "weightedAverageShsOutDil": 59499000, "link": "https://www.sec.gov/Archives/edgar/data/1210677/000119312509038399/0001193125-09-038399-index.htm", "finalLink": "https://www.sec.gov/Archives/edgar/data/1210677/000119312509038399/d10k.htm", "calculatedOtherExpenses": 151049000, "calculatedOperatingExpenses": 425476000, "calculatedNetInterest": -1651000, "calculatedOtherIncome": 0, "calculatedIncomeNonControlling": -1767000, "calculatedEbitda": 137060000}, {"date": "2007-12-31", "symbol": "FA", "reportedCurrency": "USD", "cik": "0001210677", "fillingDate": "2008-02-28", "acceptedDate": "2008-02-28 12:08:32", "calendarYear": "2007", "period": "FY", "revenue": 842902000, "costOfRevenue": 281751000, "grossProfit": 561151000, "grossProfitRatio": 0.6657369421, "researchAndDevelopmentExpenses": 0, "generalAndAdministrativeExpenses": 0, "sellingAndMarketingExpenses": 0, "sellingGeneralAndAdministrativeExpenses": 401459000, "otherExpenses": 42118000, "operatingExpenses": 443577000, "costAndExpenses": 725328000, "interestIncome": 0, "interestExpense": -201993000, "depreciationAndAmortization": 42118000, "ebitda": 62312000, "ebitdaratio": 0.0739255572, "operatingIncome": 20194000, "operatingIncomeRatio": 0.023957708, "totalOtherIncomeExpensesNet": 189098000, "incomeBeforeTax": 209292000, "incomeBeforeTaxRatio": 0.2482993278, "incomeTaxExpense": 84080000, "netIncome": 138107000, "netIncomeRatio": 0.1638470427, "eps": 2.35, "epsdiluted": 2.34, "weightedAverageShsOut": 58871000, "weightedAverageShsOutDil": 59121000, "link": "https://www.sec.gov/Archives/edgar/data/1210677/000119312508041261/0001193125-08-041261-index.htm", "finalLink": "https://www.sec.gov/Archives/edgar/data/1210677/000119312508041261/d10k.htm", "calculatedOtherExpenses": 139498000, "calculatedOperatingExpenses": 540957000, "calculatedNetInterest": 201993000, "calculatedOtherIncome": -12895000, "calculatedIncomeNonControlling": -12895000, "calculatedEbitda": 62312000}, {"date": "2006-12-31", "symbol": "FA", "reportedCurrency": "USD", "cik": "0001210677", "fillingDate": "2007-03-01", "acceptedDate": "2007-03-01 13:26:27", "calendarYear": "2006", "period": "FY", "revenue": 817564000, "costOfRevenue": 291345000, "grossProfit": 526219000, "grossProfitRatio": 0.6436425772, "researchAndDevelopmentExpenses": 0, "generalAndAdministrativeExpenses": 0, "sellingAndMarketingExpenses": 0, "sellingGeneralAndAdministrativeExpenses": 366702000, "otherExpenses": 39152000, "operatingExpenses": 405854000, "costAndExpenses": 697199000, "interestIncome": 0, "interestExpense": 6431000, "depreciationAndAmortization": 39152000, "ebitda": 152524000, "ebitdaratio": 0.1865590951, "operatingIncome": 120365000, "operatingIncomeRatio": 0.1472239482, "totalOtherIncomeExpensesNet": 9292000, "incomeBeforeTax": 117248000, "incomeBeforeTaxRatio": 0.1434114027, "incomeTaxExpense": 47773000, "netIncome": 66161000, "netIncomeRatio": 0.0809245515, "eps": 1.15, "epsdiluted": 1.14, "weightedAverageShsOut": 57502000, "weightedAverageShsOutDil": 58079000, "link": "https://www.sec.gov/Archives/edgar/data/1210677/000119312507043995/0001193125-07-043995-index.htm", "finalLink": "https://www.sec.gov/Archives/edgar/data/1210677/000119312507043995/d10k.htm", "calculatedOtherExpenses": 39152000, "calculatedOperatingExpenses": 405854000, "calculatedNetInterest": -6431000, "calculatedOtherIncome": 3314000, "calculatedIncomeNonControlling": 3314000, "calculatedEbitda": 159517000}, {"date": "2005-12-31", "symbol": "FA", "reportedCurrency": "USD", "cik": "0001210677", "fillingDate": "2006-03-16", "acceptedDate": "2006-03-16 15:33:55", "calendarYear": "2005", "period": "FY", "revenue": 643749000, "costOfRevenue": 231620000, "grossProfit": 412129000, "grossProfitRatio": 0.6402013828, "researchAndDevelopmentExpenses": 0, "generalAndAdministrativeExpenses": 0, "sellingAndMarketingExpenses": 0, "sellingGeneralAndAdministrativeExpenses": 286521000, "otherExpenses": 27605000, "operatingExpenses": 314126000, "costAndExpenses": 545746000, "interestIncome": 0, "interestExpense": -3945000, "depreciationAndAmortization": 27605000, "ebitda": 116137000, "ebitdaratio": 0.1804072705, "operatingIncome": 98003000, "operatingIncomeRatio": 0.1522379064, "totalOtherIncomeExpensesNet": 10856000, "incomeBeforeTax": 102391000, "incomeBeforeTaxRatio": 0.1590542277, "incomeTaxExpense": 43522000, "netIncome": 58426000, "netIncomeRatio": 0.0907589759, "eps": 1.1, "epsdiluted": 1.09, "weightedAverageShsOut": 52883760, "weightedAverageShsOutDil": 53593155, "link": "https://www.sec.gov/Archives/edgar/data/1210677/000119312506056595/0001193125-06-056595-index.htm", "finalLink": "https://www.sec.gov/Archives/edgar/data/1210677/000119312506056595/d10k.htm", "calculatedOtherExpenses": 27605000, "calculatedOperatingExpenses": 314126000, "calculatedNetInterest": 3945000, "calculatedOtherIncome": 443000, "calculatedIncomeNonControlling": 443000, "calculatedEbitda": 125608000}, {"date": "2004-12-31", "symbol": "FA", "reportedCurrency": "USD", "cik": "0001210677", "fillingDate": "2005-03-10", "acceptedDate": "2005-03-10 15:15:38", "calendarYear": "2004", "period": "FY", "revenue": 266537000, "costOfRevenue": 105483000, "grossProfit": 161054000, "grossProfitRatio": 0.6042463148, "researchAndDevelopmentExpenses": 0, "generalAndAdministrativeExpenses": 0, "sellingAndMarketingExpenses": 0, "sellingGeneralAndAdministrativeExpenses": 127832000, "otherExpenses": 12542000, "operatingExpenses": 140374000, "costAndExpenses": 245857000, "interestIncome": 30000000, "interestExpense": 2237000, "depreciationAndAmortization": 12542000, "ebitda": 33222000, "ebitdaratio": 0.1246431077, "operatingIncome": 20680000, "operatingIncomeRatio": 0.077587727, "totalOtherIncomeExpensesNet": -2237000, "incomeBeforeTax": 18443000, "incomeBeforeTaxRatio": 0.069194896, "incomeTaxExpense": 7762000, "netIncome": 10681000, "netIncomeRatio": 0.0400732356, "eps": 0.85, "epsdiluted": 0.85, "weightedAverageShsOut": 49711384, "weightedAverageShsOutDil": 50035519, "link": "https://www.sec.gov/Archives/edgar/data/1210677/000119312505046497/0001193125-05-046497-index.htm", "finalLink": "https://www.sec.gov/Archives/edgar/data/1210677/000119312505046497/d10k.htm", "calculatedOtherExpenses": 12542000, "calculatedOperatingExpenses": 140374000, "calculatedNetInterest": 27763000, "calculatedOtherIncome": -30000000, "calculatedIncomeNonControlling": 0, "calculatedEbitda": 33222000}, {"date": "2003-12-21", "symbol": "FA", "reportedCurrency": "USD", "cik": "0001210677", "fillingDate": "2004-03-11", "acceptedDate": "2004-03-11 14:58:21", "calendarYear": "2003", "period": "FY", "revenue": 166495000, "costOfRevenue": 100188000, "grossProfit": 66307000, "grossProfitRatio": 0.3982521998, "researchAndDevelopmentExpenses": 0, "generalAndAdministrativeExpenses": 0, "sellingAndMarketingExpenses": 0, "sellingGeneralAndAdministrativeExpenses": 51178000, "otherExpenses": 40616000, "operatingExpenses": 91794000, "costAndExpenses": 191982000, "interestIncome": 41000, "interestExpense": 113000, "depreciationAndAmortization": 8428000, "ebitda": -15320000, "ebitdaratio": -0.0920147752, "operatingIncome": 4962000, "operatingIncomeRatio": 0.0298026968, "totalOtherIncomeExpensesNet": -1739000, "incomeBeforeTax": 4849000, "incomeBeforeTaxRatio": 0.0291239977, "incomeTaxExpense": 2046000, "netIncome": 2803000, "netIncomeRatio": 0.0168353404, "eps": 0.79, "epsdiluted": 0.79, "weightedAverageShsOut": 48066000, "weightedAverageShsOutDil": 48202000, "link": "https://www.sec.gov/Archives/edgar/data/1210677/000119312504039081/0001193125-04-039081-index.htm", "finalLink": "https://www.sec.gov/Archives/edgar/data/1210677/000119312504039081/d10k.htm", "calculatedOtherExpenses": 10167000, "calculatedOperatingExpenses": 61345000, "calculatedNetInterest": -72000, "calculatedOtherIncome": -41000, "calculatedIncomeNonControlling": 0, "calculatedEbitda": 13390000}, {"date": "2002-12-31", "symbol": "FA", "reportedCurrency": "USD", "cik": "0001210677", "fillingDate": "2002-12-31", "acceptedDate": "2002-12-31 00:00:00", "calendarYear": "2002", "period": "FY", "revenue": 319100000, "costOfRevenue": 112900000, "grossProfit": 206200000, "grossProfitRatio": 0.6461924162, "researchAndDevelopmentExpenses": 0, "generalAndAdministrativeExpenses": 0, "sellingAndMarketingExpenses": 0, "sellingGeneralAndAdministrativeExpenses": 0, "otherExpenses": 157876000, "operatingExpenses": 157876000, "costAndExpenses": 270776000, "interestIncome": 0, "interestExpense": 159000, "depreciationAndAmortization": -19759000, "ebitda": 48324000, "ebitdaratio": 0.1514384206, "operatingIncome": 48324000, "operatingIncomeRatio": 0.1514384206, "totalOtherIncomeExpensesNet": -159000, "incomeBeforeTax": 48165000, "incomeBeforeTaxRatio": 0.1509401442, "incomeTaxExpense": 19600000, "netIncome": 28565000, "netIncomeRatio": 0.0895173927, "eps": 0.67, "epsdiluted": 0.67, "weightedAverageShsOut": 42857000, "weightedAverageShsOutDil": 42857000, "link": null, "finalLink": null, "calculatedOtherExpenses": 157876000, "calculatedOperatingExpenses": 157876000, "calculatedNetInterest": -159000, "calculatedOtherIncome": 0, "calculatedIncomeNonControlling": 0, "calculatedEbitda": 28565000}, {"date": "2001-12-31", "symbol": "FA", "reportedCurrency": "USD", "cik": "0001210677", "fillingDate": "2001-12-31", "acceptedDate": "2001-12-31 00:00:00", "calendarYear": "2001", "period": "FY", "revenue": 242921000, "costOfRevenue": 79356000, "grossProfit": 163565000, "grossProfitRatio": 0.6733258961, "researchAndDevelopmentExpenses": 0, "generalAndAdministrativeExpenses": 0, "sellingAndMarketingExpenses": 0, "sellingGeneralAndAdministrativeExpenses": 0, "otherExpenses": 133375000, "operatingExpenses": 133375000, "costAndExpenses": 212731000, "interestIncome": 0, "interestExpense": 154000, "depreciationAndAmortization": -13807000, "ebitda": 30190000, "ebitdaratio": 0.1242790866, "operatingIncome": 30190000, "operatingIncomeRatio": 0.1242790866, "totalOtherIncomeExpensesNet": -154000, "incomeBeforeTax": 30036000, "incomeBeforeTaxRatio": 0.1236451357, "incomeTaxExpense": 13653000, "netIncome": 16383000, "netIncomeRatio": 0.0674416786, "eps": 0.13, "epsdiluted": 0.13, "weightedAverageShsOut": 130000000, "weightedAverageShsOutDil": 130000000, "link": null, "finalLink": null, "calculatedOtherExpenses": 133375000, "calculatedOperatingExpenses": 133375000, "calculatedNetInterest": -154000, "calculatedOtherIncome": 0, "calculatedIncomeNonControlling": 0, "calculatedEbitda": 16383000}, {"date": "2000-12-31", "symbol": "FA", "reportedCurrency": "USD", "cik": "0001210677", "fillingDate": "2000-12-31", "acceptedDate": "2000-12-31 00:00:00", "calendarYear": "2000", "period": "FY", "revenue": 38582000, "costOfRevenue": 11128000, "grossProfit": 27454000, "grossProfitRatio": 0.711575346, "researchAndDevelopmentExpenses": 0, "generalAndAdministrativeExpenses": 0, "sellingAndMarketingExpenses": 0, "sellingGeneralAndAdministrativeExpenses": 0, "otherExpenses": 26856000, "operatingExpenses": 26856000, "costAndExpenses": 37984000, "interestIncome": 0, "interestExpense": 281000, "depreciationAndAmortization": -547000, "ebitda": 598000, "ebitdaratio": 0.0154994557, "operatingIncome": 598000, "operatingIncomeRatio": 0.0154994557, "totalOtherIncomeExpensesNet": -281000, "incomeBeforeTax": 317000, "incomeBeforeTaxRatio": 0.0082162667, "incomeTaxExpense": 266000, "netIncome": 51000, "netIncomeRatio": 0.0013218599, "eps": 0.0004, "epsdiluted": 0.0004, "weightedAverageShsOut": 130000000, "weightedAverageShsOutDil": 130000000, "link": null, "finalLink": null, "calculatedOtherExpenses": 26856000, "calculatedOperatingExpenses": 26856000, "calculatedNetInterest": -281000, "calculatedOtherIncome": 0, "calculatedIncomeNonControlling": 0, "calculatedEbitda": 51000}, {"date": "1999-12-31", "symbol": "FA", "reportedCurrency": "USD", "cik": "0001210677", "fillingDate": "1999-12-31", "acceptedDate": "1999-12-31 00:00:00", "calendarYear": "1999", "period": "FY", "revenue": 30373000, "costOfRevenue": 8412000, "grossProfit": 21961000, "grossProfitRatio": 0.7230434926, "researchAndDevelopmentExpenses": 0, "generalAndAdministrativeExpenses": 0, "sellingAndMarketingExpenses": 0, "sellingGeneralAndAdministrativeExpenses": 0, "otherExpenses": 22294000, "operatingExpenses": 22294000, "costAndExpenses": 30706000, "interestIncome": 0, "interestExpense": 241000, "depreciationAndAmortization": -3000, "ebitda": -333000, "ebitdaratio": -0.0109636849, "operatingIncome": -333000, "operatingIncomeRatio": -0.0109636849, "totalOtherIncomeExpensesNet": -241000, "incomeBeforeTax": -574000, "incomeBeforeTaxRatio": -0.0188983637, "incomeTaxExpense": -238000, "netIncome": -336000, "netIncomeRatio": -0.0110624568, "eps": -0.0026, "epsdiluted": -0.0026, "weightedAverageShsOut": 130000000, "weightedAverageShsOutDil": 130000000, "link": null, "finalLink": null, "calculatedOtherExpenses": 22294000, "calculatedOperatingExpenses": 22294000, "calculatedNetInterest": -241000, "calculatedOtherIncome": 0, "calculatedIncomeNonControlling": 0, "calculatedEbitda": -336000}]}