{"originalCurrency": "USD", "convertedCurrency": "USD", "report": [{"date": "2023-12-31", "symbol": "FAF", "reportedCurrency": "USD", "cik": "0001472787", "fillingDate": "2024-02-21", "acceptedDate": "2024-02-20 19:49:51", "calendarYear": "2023", "period": "FY", "revenue": 6003500000, "costOfRevenue": 1067000000, "grossProfit": 4936500000, "grossProfitRatio": 0.8222703423, "researchAndDevelopmentExpenses": 0, "generalAndAdministrativeExpenses": 1989100000, "sellingAndMarketingExpenses": 0, "sellingGeneralAndAdministrativeExpenses": 1989100000, "otherExpenses": -3308100000, "operatingExpenses": 3308100000, "costAndExpenses": -5596600000, "interestIncome": 545500000, "interestExpense": 132500000, "depreciationAndAmortization": 188500000, "ebitda": 462900000, "ebitdaratio": 0.0771050221, "operatingIncome": 274400000, "operatingIncomeRatio": 0.0457066711, "totalOtherIncomeExpensesNet": 274400000, "incomeBeforeTax": 274400000, "incomeBeforeTaxRatio": 0.0457066711, "incomeTaxExpense": 58900000, "netIncome": 216800000, "netIncomeRatio": 0.0361122678, "eps": 2.08, "epsdiluted": 2.07, "weightedAverageShsOut": 104300000, "weightedAverageShsOutDil": 104600000, "link": "https://www.sec.gov/Archives/edgar/data/1472787/000095017024017418/0000950170-24-017418-index.htm", "finalLink": "https://www.sec.gov/Archives/edgar/data/1472787/000095017024017418/faf-20231231.htm", "calculatedOtherExpenses": 2673000000, "calculatedOperatingExpenses": 4662100000, "calculatedNetInterest": 413000000, "calculatedOtherIncome": -413000000, "calculatedIncomeNonControlling": -1300000, "calculatedEbitda": 462900000}, {"date": "2022-12-31", "symbol": "FAF", "reportedCurrency": "USD", "cik": "0001472787", "fillingDate": "2023-02-15", "acceptedDate": "2023-02-14 18:45:45", "calendarYear": "2022", "period": "FY", "revenue": 7605000000, "costOfRevenue": 2340000000, "grossProfit": 5265000000, "grossProfitRatio": 0.6923076923, "researchAndDevelopmentExpenses": 0, "generalAndAdministrativeExpenses": 2340000000, "sellingAndMarketingExpenses": 0, "sellingGeneralAndAdministrativeExpenses": 2340000000, "otherExpenses": 1272000000, "operatingExpenses": 1272000000, "costAndExpenses": 7279000000, "interestIncome": 350000000, "interestExpense": 93000000, "depreciationAndAmortization": 167000000, "ebitda": 493000000, "ebitdaratio": 0.0648257725, "operatingIncome": 326000000, "operatingIncomeRatio": 0.0428665352, "totalOtherIncomeExpensesNet": 1148000000, "incomeBeforeTax": 326000000, "incomeBeforeTaxRatio": 0.0428665352, "incomeTaxExpense": 61000000, "netIncome": 263000000, "netIncomeRatio": 0.0345825115, "eps": 2.46, "epsdiluted": 2.45, "weightedAverageShsOut": 107000000, "weightedAverageShsOutDil": 107300000, "link": "https://www.sec.gov/Archives/edgar/data/1472787/000095017023002816/0000950170-23-002816-index.htm", "finalLink": "https://www.sec.gov/Archives/edgar/data/1472787/000095017023002816/faf-20221231.htm", "calculatedOtherExpenses": 2599000000, "calculatedOperatingExpenses": 4939000000, "calculatedNetInterest": 257000000, "calculatedOtherIncome": -257000000, "calculatedIncomeNonControlling": 2000000, "calculatedEbitda": 493000000}, {"date": "2021-12-31", "symbol": "FAF", "reportedCurrency": "USD", "cik": "0001472787", "fillingDate": "2022-02-17", "acceptedDate": "2022-02-17 15:46:44", "calendarYear": "2021", "period": "FY", "revenue": 9221000000, "costOfRevenue": 0, "grossProfit": 9221000000, "grossProfitRatio": 1, "researchAndDevelopmentExpenses": 0, "generalAndAdministrativeExpenses": 2350000000, "sellingAndMarketingExpenses": 0, "sellingGeneralAndAdministrativeExpenses": 2350000000, "otherExpenses": -11152000000, "operatingExpenses": -8802000000, "costAndExpenses": 7579000000, "interestIncome": 191000000, "interestExpense": 72000000, "depreciationAndAmortization": 158000000, "ebitda": 577000000, "ebitdaratio": 0.0625745581, "operatingIncome": 419000000, "operatingIncomeRatio": 0.0454397571, "totalOtherIncomeExpensesNet": 1223000000, "incomeBeforeTax": 1642000000, "incomeBeforeTaxRatio": 0.1780717926, "incomeTaxExpense": 393000000, "netIncome": 1241100000, "netIncomeRatio": 0.1345949463, "eps": 11.18, "epsdiluted": 11.14, "weightedAverageShsOut": 111000000, "weightedAverageShsOutDil": 111400000, "link": "https://www.sec.gov/Archives/edgar/data/1472787/000156459022005550/0001564590-22-005550-index.htm", "finalLink": "https://www.sec.gov/Archives/edgar/data/1472787/000156459022005550/faf-10k_20211231.htm", "calculatedOtherExpenses": 6452000000, "calculatedOperatingExpenses": 8802000000, "calculatedNetInterest": 119000000, "calculatedOtherIncome": 1104000000, "calculatedIncomeNonControlling": 7900000, "calculatedEbitda": 577000000}, {"date": "2020-12-31", "symbol": "FAF", "reportedCurrency": "USD", "cik": "0001472787", "fillingDate": "2021-02-17", "acceptedDate": "2021-02-16 20:10:17", "calendarYear": "2020", "period": "FY", "revenue": 7086667000, "costOfRevenue": 1119108000, "grossProfit": 5967559000, "grossProfitRatio": 0.8420826039, "researchAndDevelopmentExpenses": 0, "generalAndAdministrativeExpenses": 1941477000, "sellingAndMarketingExpenses": 0, "sellingGeneralAndAdministrativeExpenses": 1941477000, "otherExpenses": -9122301000, "operatingExpenses": -7180824000, "costAndExpenses": 6163397000, "interestIncome": 206441000, "interestExpense": 57467000, "depreciationAndAmortization": 148979000, "ebitda": 54822000, "ebitdaratio": 0.0077359357, "operatingIncome": -94157000, "operatingIncomeRatio": -0.0132864998, "totalOtherIncomeExpensesNet": 1017427000, "incomeBeforeTax": 923270000, "incomeBeforeTaxRatio": 0.1302826844, "incomeTaxExpense": 222774000, "netIncome": 696000000, "netIncomeRatio": 0.0982126012, "eps": 6.18, "epsdiluted": 6.16, "weightedAverageShsOut": 112746000, "weightedAverageShsOutDil": 113020000, "link": "https://www.sec.gov/Archives/edgar/data/1472787/000156459021006163/0001564590-21-006163-index.htm", "finalLink": "https://www.sec.gov/Archives/edgar/data/1472787/000156459021006163/faf-10k_20201231.htm", "calculatedOtherExpenses": 4120239000, "calculatedOperatingExpenses": 6061716000, "calculatedNetInterest": 148974000, "calculatedOtherIncome": 868453000, "calculatedIncomeNonControlling": 4496000, "calculatedEbitda": 54822000}, {"date": "2019-12-31", "symbol": "FAF", "reportedCurrency": "USD", "cik": "0001472787", "fillingDate": "2020-02-18", "acceptedDate": "2020-02-18 17:13:52", "calendarYear": "2019", "period": "FY", "revenue": 6202061000, "costOfRevenue": 923298000, "grossProfit": 5278763000, "grossProfitRatio": 0.8511304549, "researchAndDevelopmentExpenses": 0, "generalAndAdministrativeExpenses": 1806005000, "sellingAndMarketingExpenses": 0, "sellingGeneralAndAdministrativeExpenses": 1806005000, "otherExpenses": -7893317000, "operatingExpenses": -6087312000, "costAndExpenses": 5297043000, "interestIncome": 298430000, "interestExpense": 47801000, "depreciationAndAmortization": 129021000, "ebitda": 243770000, "ebitdaratio": 0.0393046763, "operatingIncome": 114749000, "operatingIncomeRatio": 0.0185017529, "totalOtherIncomeExpensesNet": 790269000, "incomeBeforeTax": 905018000, "incomeBeforeTaxRatio": 0.1459221378, "incomeTaxExpense": 195170000, "netIncome": 707410000, "netIncomeRatio": 0.1140604712, "eps": 6.26, "epsdiluted": 6.22, "weightedAverageShsOut": 113080000, "weightedAverageShsOutDil": 113655000, "link": "https://www.sec.gov/Archives/edgar/data/1472787/000156459020005064/0001564590-20-005064-index.htm", "finalLink": "https://www.sec.gov/Archives/edgar/data/1472787/000156459020005064/faf-10k_20191231.htm", "calculatedOtherExpenses": 3358009000, "calculatedOperatingExpenses": 5164014000, "calculatedNetInterest": 250629000, "calculatedOtherIncome": 539640000, "calculatedIncomeNonControlling": 2438000, "calculatedEbitda": 243770000}, {"date": "2018-12-31", "symbol": "FAF", "reportedCurrency": "USD", "cik": "0001472787", "fillingDate": "2019-02-20", "acceptedDate": "2019-02-20 16:18:41", "calendarYear": "2018", "period": "FY", "revenue": 5747844000, "costOfRevenue": 900208000, "grossProfit": 4847636000, "grossProfitRatio": 0.8433833625, "researchAndDevelopmentExpenses": 0, "generalAndAdministrativeExpenses": 1748949000, "sellingAndMarketingExpenses": 0, "sellingGeneralAndAdministrativeExpenses": 1748949000, "otherExpenses": -6847679000, "operatingExpenses": -5098730000, "costAndExpenses": 5138306000, "interestIncome": 0, "interestExpense": 40978000, "depreciationAndAmortization": 125927000, "ebitda": 775041000, "ebitdaratio": 0.1348402984, "operatingIncome": 649114000, "operatingIncomeRatio": 0.1129317358, "totalOtherIncomeExpensesNet": 781467000, "incomeBeforeTax": 609538000, "incomeBeforeTaxRatio": 0.1060463715, "incomeTaxExpense": 133640000, "netIncome": 474496000, "netIncomeRatio": 0.0825519969, "eps": 4.21, "epsdiluted": 4.19, "weightedAverageShsOut": 112613000, "weightedAverageShsOutDil": 113279000, "link": "https://www.sec.gov/Archives/edgar/data/1472787/000156459019003456/0001564590-19-003456-index.htm", "finalLink": "https://www.sec.gov/Archives/edgar/data/1472787/000156459019003456/faf-10k_20181231.htm", "calculatedOtherExpenses": 2449573000, "calculatedOperatingExpenses": 4198522000, "calculatedNetInterest": -40978000, "calculatedOtherIncome": 1402000, "calculatedIncomeNonControlling": 1402000, "calculatedEbitda": 775041000}, {"date": "2017-12-31", "symbol": "FAF", "reportedCurrency": "USD", "cik": "0001472787", "fillingDate": "2018-02-16", "acceptedDate": "2018-02-16 15:16:53", "calendarYear": "2017", "period": "FY", "revenue": 5772363000, "costOfRevenue": 880874000, "grossProfit": 4891489000, "grossProfitRatio": 0.847398024, "researchAndDevelopmentExpenses": 0, "generalAndAdministrativeExpenses": 1898551000, "sellingAndMarketingExpenses": 0, "sellingGeneralAndAdministrativeExpenses": 1898551000, "otherExpenses": -6307536000, "operatingExpenses": -4408985000, "costAndExpenses": 5327032000, "interestIncome": 0, "interestExpense": 35987000, "depreciationAndAmortization": 128053000, "ebitda": 610557000, "ebitdaratio": 0.105772454, "operatingIncome": 482504000, "operatingIncomeRatio": 0.0835886447, "totalOtherIncomeExpensesNet": 776214000, "incomeBeforeTax": 445331000, "incomeBeforeTaxRatio": 0.077148821, "incomeTaxExpense": 23468000, "netIncome": 423049000, "netIncomeRatio": 0.0732887034, "eps": 3.79, "epsdiluted": 3.76, "weightedAverageShsOut": 111668000, "weightedAverageShsOutDil": 112435000, "link": "https://www.sec.gov/Archives/edgar/data/1472787/000156459018002317/0001564590-18-002317-index.htm", "finalLink": "https://www.sec.gov/Archives/edgar/data/1472787/000156459018002317/faf-10k_20171231.htm", "calculatedOtherExpenses": 2510434000, "calculatedOperatingExpenses": 4408985000, "calculatedNetInterest": -35987000, "calculatedOtherIncome": -1186000, "calculatedIncomeNonControlling": -1186000, "calculatedEbitda": 610557000}, {"date": "2016-12-31", "symbol": "FAF", "reportedCurrency": "USD", "cik": "0001472787", "fillingDate": "2017-02-17", "acceptedDate": "2017-02-17 14:45:58", "calendarYear": "2016", "period": "FY", "revenue": 5575846000, "costOfRevenue": 853841000, "grossProfit": 4722005000, "grossProfitRatio": 0.8468679013, "researchAndDevelopmentExpenses": 0, "generalAndAdministrativeExpenses": 1756633000, "sellingAndMarketingExpenses": 0, "sellingGeneralAndAdministrativeExpenses": 1756633000, "otherExpenses": -5969326000, "operatingExpenses": -4212693000, "costAndExpenses": 5098265000, "interestIncome": 0, "interestExpense": 32214000, "depreciationAndAmortization": 99047000, "ebitda": 608359000, "ebitdaratio": 0.1091061338, "operatingIncome": 509312000, "operatingIncomeRatio": 0.0913425514, "totalOtherIncomeExpensesNet": 723990000, "incomeBeforeTax": 477581000, "incomeBeforeTaxRatio": 0.0856517558, "incomeTaxExpense": 134105000, "netIncome": 342993000, "netIncomeRatio": 0.0615140734, "eps": 3.1, "epsdiluted": 3.09, "weightedAverageShsOut": 110548000, "weightedAverageShsOutDil": 111156000, "link": "https://www.sec.gov/Archives/edgar/data/1472787/000156459017001755/0001564590-17-001755-index.htm", "finalLink": "https://www.sec.gov/Archives/edgar/data/1472787/000156459017001755/faf-10k_20161231.htm", "calculatedOtherExpenses": 2456060000, "calculatedOperatingExpenses": 4212693000, "calculatedNetInterest": -32214000, "calculatedOtherIncome": 483000, "calculatedIncomeNonControlling": 483000, "calculatedEbitda": 608359000}, {"date": "2015-12-31", "symbol": "FAF", "reportedCurrency": "USD", "cik": "0001472787", "fillingDate": "2016-02-19", "acceptedDate": "2016-02-19 16:56:26", "calendarYear": "2015", "period": "FY", "revenue": 5175456000, "costOfRevenue": 820969000, "grossProfit": 4354487000, "grossProfitRatio": 0.8413726249, "researchAndDevelopmentExpenses": 0, "generalAndAdministrativeExpenses": 1594935000, "sellingAndMarketingExpenses": 0, "sellingGeneralAndAdministrativeExpenses": 1594935000, "otherExpenses": -5488333000, "operatingExpenses": -3893398000, "costAndExpenses": 4742691000, "interestIncome": 0, "interestExpense": 29108000, "depreciationAndAmortization": 85596000, "ebitda": 546685000, "ebitdaratio": 0.1056303058, "operatingIncome": 461089000, "operatingIncomeRatio": 0.0890914733, "totalOtherIncomeExpensesNet": 673138000, "incomeBeforeTax": 432765000, "incomeBeforeTaxRatio": 0.0836187188, "incomeTaxExpense": 143895000, "netIncome": 288086000, "netIncomeRatio": 0.0556638874, "eps": 2.65, "epsdiluted": 2.62, "weightedAverageShsOut": 108427000, "weightedAverageShsOutDil": 109826000, "link": "https://www.sec.gov/Archives/edgar/data/1472787/000156459016012941/0001564590-16-012941-index.htm", "finalLink": "https://www.sec.gov/Archives/edgar/data/1472787/000156459016012941/faf-10k_20151231.htm", "calculatedOtherExpenses": 2298463000, "calculatedOperatingExpenses": 3893398000, "calculatedNetInterest": -29108000, "calculatedOtherIncome": 784000, "calculatedIncomeNonControlling": 784000, "calculatedEbitda": 546685000}, {"date": "2014-12-31", "symbol": "FAF", "reportedCurrency": "USD", "cik": "0001472787", "fillingDate": "2015-02-23", "acceptedDate": "2015-02-23 14:30:36", "calendarYear": "2014", "period": "FY", "revenue": 4677949000, "costOfRevenue": 833681000, "grossProfit": 3844268000, "grossProfitRatio": 0.8217849318, "researchAndDevelopmentExpenses": 0, "generalAndAdministrativeExpenses": 1410752000, "sellingAndMarketingExpenses": 0, "sellingGeneralAndAdministrativeExpenses": 1410752000, "otherExpenses": -4885894000, "operatingExpenses": -3475142000, "costAndExpenses": 4327389000, "interestIncome": 0, "interestExpense": 19247000, "depreciationAndAmortization": 85597000, "ebitda": 454723000, "ebitdaratio": 0.0972056343, "operatingIncome": 369126000, "operatingIncomeRatio": 0.078907658, "totalOtherIncomeExpensesNet": 619949000, "incomeBeforeTax": 350560000, "incomeBeforeTaxRatio": 0.0749388247, "incomeTaxExpense": 116345000, "netIncome": 233534000, "netIncomeRatio": 0.0499223057, "eps": 2.18, "epsdiluted": 2.15, "weightedAverageShsOut": 106884000, "weightedAverageShsOutDil": 108688000, "link": "https://www.sec.gov/Archives/edgar/data/1472787/000156459015000816/0001564590-15-000816-index.htm", "finalLink": "https://www.sec.gov/Archives/edgar/data/1472787/000156459015000816/faf-10k_20141231.htm", "calculatedOtherExpenses": 2064390000, "calculatedOperatingExpenses": 3475142000, "calculatedNetInterest": -19247000, "calculatedOtherIncome": 681000, "calculatedIncomeNonControlling": 681000, "calculatedEbitda": 454723000}, {"date": "2013-12-31", "symbol": "FAF", "reportedCurrency": "USD", "cik": "0001472787", "fillingDate": "2014-02-25", "acceptedDate": "2014-02-25 12:27:38", "calendarYear": "2013", "period": "FY", "revenue": 4956077000, "costOfRevenue": 836319000, "grossProfit": 4119758000, "grossProfitRatio": 0.8312538324, "researchAndDevelopmentExpenses": 0, "generalAndAdministrativeExpenses": 1445582000, "sellingAndMarketingExpenses": 0, "sellingGeneralAndAdministrativeExpenses": 1445582000, "otherExpenses": -5240028000, "operatingExpenses": -3794446000, "costAndExpenses": 4645369000, "interestIncome": 0, "interestExpense": 15301000, "depreciationAndAmortization": 74916000, "ebitda": 400228000, "ebitdaratio": 0.0807550004, "operatingIncome": 325312000, "operatingIncomeRatio": 0.0656390125, "totalOtherIncomeExpensesNet": 627645000, "incomeBeforeTax": 310708000, "incomeBeforeTaxRatio": 0.062692327, "incomeTaxExpense": 123644000, "netIncome": 186367000, "netIncomeRatio": 0.0376037338, "eps": 1.74, "epsdiluted": 1.71, "weightedAverageShsOut": 106991000, "weightedAverageShsOutDil": 109102000, "link": "https://www.sec.gov/Archives/edgar/data/1472787/000156459014000338/0001564590-14-000338-index.htm", "finalLink": "https://www.sec.gov/Archives/edgar/data/1472787/000156459014000338/faf-10k_20131231.htm", "calculatedOtherExpenses": 2348864000, "calculatedOperatingExpenses": 3794446000, "calculatedNetInterest": -15301000, "calculatedOtherIncome": 697000, "calculatedIncomeNonControlling": 697000, "calculatedEbitda": 400228000}, {"date": "2012-12-31", "symbol": "FAF", "reportedCurrency": "USD", "cik": "0001472787", "fillingDate": "2013-02-28", "acceptedDate": "2013-02-28 16:51:29", "calendarYear": "2012", "period": "FY", "revenue": 4541821000, "costOfRevenue": 0, "grossProfit": 4541821000, "grossProfitRatio": 1, "researchAndDevelopmentExpenses": 0, "generalAndAdministrativeExpenses": 1334866000, "sellingAndMarketingExpenses": 0, "sellingGeneralAndAdministrativeExpenses": 1334866000, "otherExpenses": -5400902000, "operatingExpenses": -4066036000, "costAndExpenses": 4074415000, "interestIncome": 0, "interestExpense": 9066000, "depreciationAndAmortization": 74950000, "ebitda": 550735000, "ebitdaratio": 0.1212586317, "operatingIncome": 475785000, "operatingIncomeRatio": 0.1047564402, "totalOtherIncomeExpensesNet": 4396668000, "incomeBeforeTax": 467406000, "incomeBeforeTaxRatio": 0.1029115855, "incomeTaxExpense": 165678000, "netIncome": 301041000, "netIncomeRatio": 0.0662820045, "eps": 2.83, "epsdiluted": 2.77, "weightedAverageShsOut": 106307000, "weightedAverageShsOutDil": 108542000, "link": "https://www.sec.gov/Archives/edgar/data/1472787/000119312513084593/0001193125-13-084593-index.htm", "finalLink": "https://www.sec.gov/Archives/edgar/data/1472787/000119312513084593/d447646d10k.htm", "calculatedOtherExpenses": 2731170000, "calculatedOperatingExpenses": 4066036000, "calculatedNetInterest": -9066000, "calculatedOtherIncome": 687000, "calculatedIncomeNonControlling": 687000, "calculatedEbitda": 550735000}, {"date": "2011-12-31", "symbol": "FAF", "reportedCurrency": "USD", "cik": "0001472787", "fillingDate": "2012-02-27", "acceptedDate": "2012-02-27 16:39:35", "calendarYear": "2011", "period": "FY", "revenue": 3820574000, "costOfRevenue": 0, "grossProfit": 3820574000, "grossProfitRatio": 1, "researchAndDevelopmentExpenses": 0, "generalAndAdministrativeExpenses": 1186479000, "sellingAndMarketingExpenses": 1195282000, "sellingGeneralAndAdministrativeExpenses": 2381761000, "otherExpenses": -6060263000, "operatingExpenses": -3678502000, "costAndExpenses": 3690281000, "interestIncome": 0, "interestExpense": 12082000, "depreciationAndAmortization": 76889000, "ebitda": 218961000, "ebitdaratio": 0.0573110219, "operatingIncome": 142072000, "operatingIncomeRatio": 0.0371860354, "totalOtherIncomeExpensesNet": 621483000, "incomeBeforeTax": 130293000, "incomeBeforeTaxRatio": 0.0341029908, "incomeTaxExpense": 51714000, "netIncome": 78276000, "netIncomeRatio": 0.0204880209, "eps": 0.74, "epsdiluted": 0.73, "weightedAverageShsOut": 105197000, "weightedAverageShsOutDil": 106914000, "link": "https://www.sec.gov/Archives/edgar/data/1472787/000119312512081753/0001193125-12-081753-index.htm", "finalLink": "https://www.sec.gov/Archives/edgar/data/1472787/000119312512081753/d263954d10k.htm", "calculatedOtherExpenses": 1296741000, "calculatedOperatingExpenses": 3678502000, "calculatedNetInterest": -12082000, "calculatedOtherIncome": 303000, "calculatedIncomeNonControlling": 303000, "calculatedEbitda": 218961000}, {"date": "2010-12-31", "symbol": "FAF", "reportedCurrency": "USD", "cik": "0001472787", "fillingDate": "2011-03-01", "acceptedDate": "2011-03-01 15:02:14", "calendarYear": "2010", "period": "FY", "revenue": 3906612000, "costOfRevenue": 0, "grossProfit": 3906612000, "grossProfitRatio": 1, "researchAndDevelopmentExpenses": 0, "generalAndAdministrativeExpenses": 1216050000, "sellingAndMarketingExpenses": 1222274000, "sellingGeneralAndAdministrativeExpenses": 2438324000, "otherExpenses": -6119058000, "operatingExpenses": -3680734000, "costAndExpenses": 3694506000, "interestIncome": 0, "interestExpense": 14899000, "depreciationAndAmortization": 78911000, "ebitda": 304789000, "ebitdaratio": 0.0780187538, "operatingIncome": 225878000, "operatingIncomeRatio": 0.0578194098, "totalOtherIncomeExpensesNet": 597809000, "incomeBeforeTax": 212106000, "incomeBeforeTaxRatio": 0.0542941045, "incomeTaxExpense": 83150000, "netIncome": 127829000, "netIncomeRatio": 0.0327211917, "eps": 1.22, "epsdiluted": 1.2, "weightedAverageShsOut": 104134000, "weightedAverageShsOutDil": 106177000, "link": "https://www.sec.gov/Archives/edgar/data/1472787/000119312511051851/0001193125-11-051851-index.htm", "finalLink": "https://www.sec.gov/Archives/edgar/data/1472787/000119312511051851/d10k.htm", "calculatedOtherExpenses": 1242410000, "calculatedOperatingExpenses": 3680734000, "calculatedNetInterest": -14899000, "calculatedOtherIncome": 1127000, "calculatedIncomeNonControlling": 1127000, "calculatedEbitda": 304789000}, {"date": "2009-12-31", "symbol": "FAF", "reportedCurrency": "USD", "cik": "0001472787", "fillingDate": "2009-12-31", "acceptedDate": "2009-12-30 19:00:00", "calendarYear": "2009", "period": "FY", "revenue": 4046834000, "costOfRevenue": 0, "grossProfit": 4046834000, "grossProfitRatio": 1, "researchAndDevelopmentExpenses": 0, "generalAndAdministrativeExpenses": 1218192000, "sellingAndMarketingExpenses": 1237566000, "sellingGeneralAndAdministrativeExpenses": 2455758000, "otherExpenses": -6290316000, "operatingExpenses": -3834558000, "costAndExpenses": 3842489000, "interestIncome": 0, "interestExpense": 19819000, "depreciationAndAmortization": 82475000, "ebitda": 294751000, "ebitdaratio": 0.0728349618, "operatingIncome": 212276000, "operatingIncomeRatio": 0.0524548326, "totalOtherIncomeExpensesNet": -7931000, "incomeBeforeTax": 204345000, "incomeBeforeTaxRatio": 0.050495029, "incomeTaxExpense": 70068000, "netIncome": 122389000, "netIncomeRatio": 0.0302431481, "eps": 1.18, "epsdiluted": 1.18, "weightedAverageShsOut": 104006000, "weightedAverageShsOutDil": 104006000, "link": "", "finalLink": "", "calculatedOtherExpenses": 1378800000, "calculatedOperatingExpenses": 3834558000, "calculatedNetInterest": -19819000, "calculatedOtherIncome": 11888000, "calculatedIncomeNonControlling": 11888000, "calculatedEbitda": 294751000}, {"date": "2008-12-31", "symbol": "FAF", "reportedCurrency": "USD", "cik": "0001472787", "fillingDate": "2008-12-31", "acceptedDate": "2008-12-30 19:00:00", "calendarYear": "2008", "period": "FY", "revenue": 4367725000, "costOfRevenue": 0, "grossProfit": 4367725000, "grossProfitRatio": 1, "researchAndDevelopmentExpenses": 0, "generalAndAdministrativeExpenses": 1388175000, "sellingAndMarketingExpenses": 1374452000, "sellingGeneralAndAdministrativeExpenses": 2762627000, "otherExpenses": -7230575000, "operatingExpenses": -4467948000, "costAndExpenses": 4483640000, "interestIncome": 0, "interestExpense": 27215000, "depreciationAndAmortization": 95242000, "ebitda": -4981000, "ebitdaratio": -0.0011404106, "operatingIncome": -100223000, "operatingIncomeRatio": -0.0229462707, "totalOtherIncomeExpensesNet": -15692000, "incomeBeforeTax": -115915000, "incomeBeforeTaxRatio": -0.0265389877, "incomeTaxExpense": -43433000, "netIncome": -84005000, "netIncomeRatio": -0.0192331248, "eps": -0.81, "epsdiluted": -0.81, "weightedAverageShsOut": 104006000, "weightedAverageShsOutDil": 104006000, "link": "", "finalLink": "", "calculatedOtherExpenses": 1705321000, "calculatedOperatingExpenses": 4467948000, "calculatedNetInterest": -27215000, "calculatedOtherIncome": 11523000, "calculatedIncomeNonControlling": 11523000, "calculatedEbitda": -4981000}, {"date": "2007-12-31", "symbol": "FAF", "reportedCurrency": "USD", "cik": "0001472787", "fillingDate": "2007-12-31", "acceptedDate": "2007-12-30 19:00:00", "calendarYear": "2007", "period": "FY", "revenue": 6076132000, "costOfRevenue": 0, "grossProfit": 6076132000, "grossProfitRatio": 1, "researchAndDevelopmentExpenses": 0, "generalAndAdministrativeExpenses": 1822627000, "sellingAndMarketingExpenses": 2111798000, "sellingGeneralAndAdministrativeExpenses": 3934425000, "otherExpenses": -10197320000, "operatingExpenses": -6262895000, "costAndExpenses": 6284965000, "interestIncome": 0, "interestExpense": 42607000, "depreciationAndAmortization": 94816000, "ebitda": -91947000, "ebitdaratio": -0.0151324889, "operatingIncome": -186763000, "operatingIncomeRatio": -0.0307371532, "totalOtherIncomeExpensesNet": -22070000, "incomeBeforeTax": -208833000, "incomeBeforeTaxRatio": -0.0343693982, "incomeTaxExpense": -86387000, "netIncome": -142983000, "netIncomeRatio": -0.0235319114, "eps": -1.37, "epsdiluted": -1.37, "weightedAverageShsOut": 104006000, "weightedAverageShsOutDil": 104006000, "link": "", "finalLink": "", "calculatedOtherExpenses": 2328470000, "calculatedOperatingExpenses": 6262895000, "calculatedNetInterest": -42607000, "calculatedOtherIncome": 20537000, "calculatedIncomeNonControlling": 20537000, "calculatedEbitda": -91947000}]}