{"originalCurrency": "USD", "convertedCurrency": "USD", "report": [{"date": "2023-12-31", "symbol": "FANG", "reportedCurrency": "USD", "cik": "0001539838", "fillingDate": "2024-02-22", "acceptedDate": "2024-02-22 16:08:18", "calendarYear": "2023", "period": "FY", "revenue": 8339000000, "costOfRevenue": 3541000000, "grossProfit": 4798000000, "grossProfitRatio": 0.5753687493, "researchAndDevelopmentExpenses": 0, "generalAndAdministrativeExpenses": 150000000, "sellingAndMarketingExpenses": 0, "sellingGeneralAndAdministrativeExpenses": 150000000, "otherExpenses": 68000000, "operatingExpenses": 217000000, "costAndExpenses": 3758000000, "interestIncome": 2000000, "interestExpense": 175000000, "depreciationAndAmortization": 1746000000, "ebitda": 6395000000, "ebitdaratio": 0.7668785226, "operatingIncome": 4570000000, "operatingIncomeRatio": 0.5480273414, "totalOtherIncomeExpensesNet": -158000000, "incomeBeforeTax": 4248000000, "incomeBeforeTaxRatio": 0.5094135988, "incomeTaxExpense": 912000000, "netIncome": 3143000000, "netIncomeRatio": 0.3769037055, "eps": 17.34, "epsdiluted": 17.34, "weightedAverageShsOut": 179999000, "weightedAverageShsOutDil": 179999000, "link": "https://www.sec.gov/Archives/edgar/data/1539838/000153983824000019/0001539838-24-000019-index.htm", "finalLink": "https://www.sec.gov/Archives/edgar/data/1539838/000153983824000019/fang-20231231.htm", "calculatedOtherExpenses": 78000000, "calculatedOperatingExpenses": 228000000, "calculatedNetInterest": -173000000, "calculatedOtherIncome": -149000000, "calculatedIncomeNonControlling": 193000000, "calculatedEbitda": 6316000000}, {"date": "2022-12-31", "symbol": "FANG", "reportedCurrency": "USD", "cik": "0001539838", "fillingDate": "2023-02-23", "acceptedDate": "2023-02-23 16:27:14", "calendarYear": "2022", "period": "FY", "revenue": 9643000000, "costOfRevenue": 2865000000, "grossProfit": 6778000000, "grossProfitRatio": 0.7028932905, "researchAndDevelopmentExpenses": 0, "generalAndAdministrativeExpenses": 144000000, "sellingAndMarketingExpenses": 0, "sellingGeneralAndAdministrativeExpenses": 144000000, "otherExpenses": 112000000, "operatingExpenses": 256000000, "costAndExpenses": 3121000000, "interestIncome": 1000000, "interestExpense": 159000000, "depreciationAndAmortization": 1353000000, "ebitda": 7861000000, "ebitdaratio": 0.8152027377, "operatingIncome": 6508000000, "operatingIncomeRatio": 0.6748937053, "totalOtherIncomeExpensesNet": -772000000, "incomeBeforeTax": 5736000000, "incomeBeforeTaxRatio": 0.5948356321, "incomeTaxExpense": 1174000000, "netIncome": 4386000000, "netIncomeRatio": 0.4548377061, "eps": 24.61, "epsdiluted": 24.61, "weightedAverageShsOut": 176539000, "weightedAverageShsOutDil": 176539000, "link": "https://www.sec.gov/Archives/edgar/data/1539838/000153983823000022/0001539838-23-000022-index.htm", "finalLink": "https://www.sec.gov/Archives/edgar/data/1539838/000153983823000022/fang-20221231.htm", "calculatedOtherExpenses": 126000000, "calculatedOperatingExpenses": 270000000, "calculatedNetInterest": -158000000, "calculatedOtherIncome": -614000000, "calculatedIncomeNonControlling": 176000000, "calculatedEbitda": 7861000000}, {"date": "2021-12-31", "symbol": "FANG", "reportedCurrency": "USD", "cik": "0001539838", "fillingDate": "2022-02-24", "acceptedDate": "2022-02-24 17:27:49", "calendarYear": "2021", "period": "FY", "revenue": 6797000000, "costOfRevenue": 2566000000, "grossProfit": 4231000000, "grossProfitRatio": 0.6224805061, "researchAndDevelopmentExpenses": 0, "generalAndAdministrativeExpenses": 146000000, "sellingAndMarketingExpenses": 0, "sellingGeneralAndAdministrativeExpenses": 146000000, "otherExpenses": 6000000, "operatingExpenses": 152000000, "costAndExpenses": 2718000000, "interestIncome": 1000000, "interestExpense": 199000000, "depreciationAndAmortization": 1343000000, "ebitda": 5344000000, "ebitdaratio": 0.7862292188, "operatingIncome": 4001000000, "operatingIncomeRatio": 0.588642048, "totalOtherIncomeExpensesNet": -1094000000, "incomeBeforeTax": 2907000000, "incomeBeforeTaxRatio": 0.4276886862, "incomeTaxExpense": 631000000, "netIncome": 2182000000, "netIncomeRatio": 0.3210239812, "eps": 12.35, "epsdiluted": 12.3, "weightedAverageShsOut": 176643000, "weightedAverageShsOutDil": 177359000, "link": "https://www.sec.gov/Archives/edgar/data/1539838/000153983822000008/0001539838-22-000008-index.htm", "finalLink": "https://www.sec.gov/Archives/edgar/data/1539838/000153983822000008/fang-20211231.htm", "calculatedOtherExpenses": 84000000, "calculatedOperatingExpenses": 230000000, "calculatedNetInterest": -198000000, "calculatedOtherIncome": -896000000, "calculatedIncomeNonControlling": 94000000, "calculatedEbitda": 5344000000}, {"date": "2020-12-31", "symbol": "FANG", "reportedCurrency": "USD", "cik": "0001539838", "fillingDate": "2021-02-25", "acceptedDate": "2021-02-25 16:34:19", "calendarYear": "2020", "period": "FY", "revenue": 2813000000, "costOfRevenue": 2169000000, "grossProfit": 644000000, "grossProfitRatio": 0.2289370779, "researchAndDevelopmentExpenses": 0, "generalAndAdministrativeExpenses": 88000000, "sellingAndMarketingExpenses": 0, "sellingGeneralAndAdministrativeExpenses": 88000000, "otherExpenses": 11000000, "operatingExpenses": 99000000, "costAndExpenses": 2268000000, "interestIncome": 4000000, "interestExpense": 197000000, "depreciationAndAmortization": 1304000000, "ebitda": 1851000000, "ebitdaratio": 0.6580163526, "operatingIncome": 547000000, "operatingIncomeRatio": 0.1944543192, "totalOtherIncomeExpensesNet": -6323000000, "incomeBeforeTax": -5776000000, "incomeBeforeTaxRatio": -2.0533238535, "incomeTaxExpense": -1104000000, "netIncome": -4672000000, "netIncomeRatio": -1.6608602915, "eps": -29.57, "epsdiluted": -29.57, "weightedAverageShsOut": 157976000, "weightedAverageShsOutDil": 157976000, "link": "https://www.sec.gov/Archives/edgar/data/1539838/000153983821000015/0001539838-21-000015-index.htm", "finalLink": "https://www.sec.gov/Archives/edgar/data/1539838/000153983821000015/fang-20201231.htm", "calculatedOtherExpenses": 9000000, "calculatedOperatingExpenses": 97000000, "calculatedNetInterest": -193000000, "calculatedOtherIncome": -6130000000, "calculatedIncomeNonControlling": 0, "calculatedEbitda": 1851000000}, {"date": "2019-12-31", "symbol": "FANG", "reportedCurrency": "USD", "cik": "0001539838", "fillingDate": "2020-02-27", "acceptedDate": "2020-02-26 18:38:37", "calendarYear": "2019", "period": "FY", "revenue": 3964000000, "costOfRevenue": 2364000000, "grossProfit": 1600000000, "grossProfitRatio": 0.4036326942, "researchAndDevelopmentExpenses": 0, "generalAndAdministrativeExpenses": 104000000, "sellingAndMarketingExpenses": 0, "sellingGeneralAndAdministrativeExpenses": 104000000, "otherExpenses": 11000000, "operatingExpenses": 115000000, "costAndExpenses": 2479000000, "interestIncome": 1000000, "interestExpense": 172000000, "depreciationAndAmortization": 1447000000, "ebitda": 3881000000, "ebitdaratio": 0.979061554, "operatingIncome": 2434000000, "operatingIncomeRatio": 0.6140262361, "totalOtherIncomeExpensesNet": -2072000000, "incomeBeforeTax": 362000000, "incomeBeforeTaxRatio": 0.0913218971, "incomeTaxExpense": 47000000, "netIncome": 240000000, "netIncomeRatio": 0.0605449041, "eps": 1.47, "epsdiluted": 1.46, "weightedAverageShsOut": 163493000, "weightedAverageShsOutDil": 163843000, "link": "https://www.sec.gov/Archives/edgar/data/1539838/000153983820000021/0001539838-20-000021-index.htm", "finalLink": "https://www.sec.gov/Archives/edgar/data/1539838/000153983820000021/diamondback201910-k.htm", "calculatedOtherExpenses": -938000000, "calculatedOperatingExpenses": -834000000, "calculatedNetInterest": -171000000, "calculatedOtherIncome": -1901000000, "calculatedIncomeNonControlling": 75000000, "calculatedEbitda": 3881000000}, {"date": "2018-12-31", "symbol": "FANG", "reportedCurrency": "USD", "cik": "0001539838", "fillingDate": "2019-02-25", "acceptedDate": "2019-02-25 06:35:46", "calendarYear": "2018", "period": "FY", "revenue": 2166954000, "costOfRevenue": 1058666000, "grossProfit": 1108288000, "grossProfitRatio": 0.5114497124, "researchAndDevelopmentExpenses": 0, "generalAndAdministrativeExpenses": 64554000, "sellingAndMarketingExpenses": 0, "sellingGeneralAndAdministrativeExpenses": 64554000, "otherExpenses": 88996000, "operatingExpenses": 60669000, "costAndExpenses": 1119335000, "interestIncome": 0, "interestExpense": 87276000, "depreciationAndAmortization": 623039000, "ebitda": 983701000, "ebitdaratio": 0.4539556447, "operatingIncome": 1010788000, "operatingIncomeRatio": 0.4664556793, "totalOtherIncomeExpensesNet": 152914000, "incomeBeforeTax": 1113257000, "incomeBeforeTaxRatio": 0.5137427929, "incomeTaxExpense": 168362000, "netIncome": 845672000, "netIncomeRatio": 0.3902583996, "eps": 8.08, "epsdiluted": 8.06, "weightedAverageShsOut": 104622000, "weightedAverageShsOutDil": 104929000, "link": "https://www.sec.gov/Archives/edgar/data/1539838/000153983819000008/0001539838-19-000008-index.htm", "finalLink": "https://www.sec.gov/Archives/edgar/data/1539838/000153983819000008/diamondback201810-k.htm", "calculatedOtherExpenses": 32946000, "calculatedOperatingExpenses": 97500000, "calculatedNetInterest": -87276000, "calculatedOtherIncome": 189745000, "calculatedIncomeNonControlling": 99223000, "calculatedEbitda": 1633827000}, {"date": "2017-12-31", "symbol": "FANG", "reportedCurrency": "USD", "cik": "0001539838", "fillingDate": "2018-02-15", "acceptedDate": "2018-02-14 21:06:11", "calendarYear": "2017", "period": "FY", "revenue": 1205111000, "costOfRevenue": 550031000, "grossProfit": 655080000, "grossProfitRatio": 0.5435847818, "researchAndDevelopmentExpenses": 0, "generalAndAdministrativeExpenses": 48669000, "sellingAndMarketingExpenses": 0, "sellingGeneralAndAdministrativeExpenses": 48669000, "otherExpenses": 10235000, "operatingExpenses": 50060000, "costAndExpenses": 600091000, "interestIncome": 0, "interestExpense": 40554000, "depreciationAndAmortization": 326759000, "ebitda": 615255000, "ebitdaratio": 0.5105380334, "operatingIncome": 605020000, "operatingIncomeRatio": 0.5020450398, "totalOtherIncomeExpensesNet": -67277000, "incomeBeforeTax": 497189000, "incomeBeforeTaxRatio": 0.4125669752, "incomeTaxExpense": -19568000, "netIncome": 482261000, "netIncomeRatio": 0.4001797345, "eps": 4.95, "epsdiluted": 4.94, "weightedAverageShsOut": 97458000, "weightedAverageShsOutDil": 97688000, "link": "https://www.sec.gov/Archives/edgar/data/1539838/000153983818000014/0001539838-18-000014-index.htm", "finalLink": "https://www.sec.gov/Archives/edgar/data/1539838/000153983818000014/diamondback201710-k.htm", "calculatedOtherExpenses": 1391000, "calculatedOperatingExpenses": 50060000, "calculatedNetInterest": -40554000, "calculatedOtherIncome": -67277000, "calculatedIncomeNonControlling": 34496000, "calculatedEbitda": 931779000}, {"date": "2016-12-31", "symbol": "FANG", "reportedCurrency": "USD", "cik": "0001539838", "fillingDate": "2017-02-15", "acceptedDate": "2017-02-15 17:26:25", "calendarYear": "2016", "period": "FY", "revenue": 527107000, "costOfRevenue": 306505000, "grossProfit": 220602000, "grossProfitRatio": 0.4185146469, "researchAndDevelopmentExpenses": 0, "generalAndAdministrativeExpenses": 42619000, "sellingAndMarketingExpenses": 0, "sellingGeneralAndAdministrativeExpenses": 42619000, "otherExpenses": 3064000, "operatingExpenses": 43683000, "costAndExpenses": 350188000, "interestIncome": -40684000, "interestExpense": 40684000, "depreciationAndAmortization": 178015000, "ebitda": 179983000, "ebitdaratio": 0.3414543916, "operatingIncome": -68617000, "operatingIncomeRatio": -0.1301766055, "totalOtherIncomeExpensesNet": -300951000, "incomeBeforeTax": -164716000, "incomeBeforeTaxRatio": -0.3124906328, "incomeTaxExpense": 192000, "netIncome": -165034000, "netIncomeRatio": -0.3130939259, "eps": -2.2, "epsdiluted": -2.2, "weightedAverageShsOut": 75015454, "weightedAverageShsOutDil": 75077000, "link": "https://www.sec.gov/Archives/edgar/data/1539838/000153983817000009/0001539838-17-000009-index.htm", "finalLink": "https://www.sec.gov/Archives/edgar/data/1539838/000153983817000009/diamondback201610-k.htm", "calculatedOtherExpenses": 246600000, "calculatedOperatingExpenses": 289219000, "calculatedNetInterest": -81368000, "calculatedOtherIncome": -14731000, "calculatedIncomeNonControlling": 126000, "calculatedEbitda": 109398000}, {"date": "2015-12-31", "symbol": "FANG", "reportedCurrency": "USD", "cik": "0001539838", "fillingDate": "2016-02-19", "acceptedDate": "2016-02-19 16:41:46", "calendarYear": "2015", "period": "FY", "revenue": 446733000, "costOfRevenue": 339403000, "grossProfit": 107330000, "grossProfitRatio": 0.2402553651, "researchAndDevelopmentExpenses": 0, "generalAndAdministrativeExpenses": 31968000, "sellingAndMarketingExpenses": 0, "sellingGeneralAndAdministrativeExpenses": 31968000, "otherExpenses": 728000, "operatingExpenses": 32801000, "costAndExpenses": 372204000, "interestIncome": 0, "interestExpense": 41510000, "depreciationAndAmortization": 217697000, "ebitda": 75257000, "ebitdaratio": 0.1684608032, "operatingIncome": -740269000, "operatingIncomeRatio": -1.6570725691, "totalOtherIncomeExpensesNet": -782119000, "incomeBeforeTax": -749100000, "incomeBeforeTaxRatio": -1.6768405289, "incomeTaxExpense": -201310000, "netIncome": -550628000, "netIncomeRatio": -1.2325662085, "eps": -8.74, "epsdiluted": -8.74, "weightedAverageShsOut": 63000915, "weightedAverageShsOutDil": 63019000, "link": "https://www.sec.gov/Archives/edgar/data/1539838/000153983816000129/0001539838-16-000129-index.htm", "finalLink": "https://www.sec.gov/Archives/edgar/data/1539838/000153983816000129/diamondback201510-k.htm", "calculatedOtherExpenses": 815631000, "calculatedOperatingExpenses": 847599000, "calculatedNetInterest": -41510000, "calculatedOtherIncome": 32679000, "calculatedIncomeNonControlling": 2838000, "calculatedEbitda": -522572000}, {"date": "2014-12-31", "symbol": "FANG", "reportedCurrency": "USD", "cik": "0001539838", "fillingDate": "2015-02-20", "acceptedDate": "2015-02-19 19:09:53", "calendarYear": "2014", "period": "FY", "revenue": 495718000, "costOfRevenue": 261315000, "grossProfit": 234403000, "grossProfitRatio": 0.4728555348, "researchAndDevelopmentExpenses": 0, "generalAndAdministrativeExpenses": 21266000, "sellingAndMarketingExpenses": 0, "sellingGeneralAndAdministrativeExpenses": 21266000, "otherExpenses": -739000, "operatingExpenses": 21733000, "costAndExpenses": 283048000, "interestIncome": 1000, "interestExpense": 34514000, "depreciationAndAmortization": 170005000, "ebitda": 211931000, "ebitdaratio": 0.4275233096, "operatingIncome": 212670000, "operatingIncomeRatio": 0.4290140766, "totalOtherIncomeExpensesNet": 126800000, "incomeBeforeTax": 304956000, "incomeBeforeTaxRatio": 0.615180405, "incomeTaxExpense": 108985000, "netIncome": 193755000, "netIncomeRatio": 0.3908573019, "eps": 3.67, "epsdiluted": 3.64, "weightedAverageShsOut": 52826000, "weightedAverageShsOutDil": 53297000, "link": "https://www.sec.gov/Archives/edgar/data/1539838/000153983815000005/0001539838-15-000005-index.htm", "finalLink": "https://www.sec.gov/Archives/edgar/data/1539838/000153983815000005/a12311410-k.htm", "calculatedOtherExpenses": 467000, "calculatedOperatingExpenses": 21733000, "calculatedNetInterest": -34513000, "calculatedOtherIncome": 126799000, "calculatedIncomeNonControlling": 2216000, "calculatedEbitda": 382675000}, {"date": "2013-12-31", "symbol": "FANG", "reportedCurrency": "USD", "cik": "0001539838", "fillingDate": "2014-02-19", "acceptedDate": "2014-02-19 17:29:30", "calendarYear": "2013", "period": "FY", "revenue": 208002000, "costOfRevenue": 101571000, "grossProfit": 106431000, "grossProfitRatio": 0.51168258, "researchAndDevelopmentExpenses": 0, "generalAndAdministrativeExpenses": 11036000, "sellingAndMarketingExpenses": 0, "sellingGeneralAndAdministrativeExpenses": 11036000, "otherExpenses": 1077000, "operatingExpenses": 11237000, "costAndExpenses": 112808000, "interestIncome": 1000, "interestExpense": 8058000, "depreciationAndAmortization": 66597000, "ebitda": 96271000, "ebitdaratio": 0.4628368958, "operatingIncome": 95194000, "operatingIncomeRatio": 0.457659061, "totalOtherIncomeExpensesNet": -795000, "incomeBeforeTax": 86341000, "incomeBeforeTaxRatio": 0.4150969702, "incomeTaxExpense": 31754000, "netIncome": 54587000, "netIncomeRatio": 0.2624349766, "eps": 1.3, "epsdiluted": 1.29, "weightedAverageShsOut": 42014783, "weightedAverageShsOutDil": 42255014, "link": "https://www.sec.gov/Archives/edgar/data/1539838/000153983814000007/0001539838-14-000007-index.htm", "finalLink": "https://www.sec.gov/Archives/edgar/data/1539838/000153983814000007/a12311310-k.htm", "calculatedOtherExpenses": 201000, "calculatedOperatingExpenses": 11237000, "calculatedNetInterest": -8057000, "calculatedOtherIncome": -796000, "calculatedIncomeNonControlling": 0, "calculatedEbitda": 161791000}, {"date": "2012-12-31", "symbol": "FANG", "reportedCurrency": "USD", "cik": "0001539838", "fillingDate": "2013-03-01", "acceptedDate": "2013-03-01 16:52:42", "calendarYear": "2012", "period": "FY", "revenue": 74962000, "costOfRevenue": 47181000, "grossProfit": 27781000, "grossProfitRatio": 0.3706011046, "researchAndDevelopmentExpenses": 0, "generalAndAdministrativeExpenses": 10376000, "sellingAndMarketingExpenses": 0, "sellingGeneralAndAdministrativeExpenses": 10376000, "otherExpenses": 2132000, "operatingExpenses": 10474000, "costAndExpenses": 57655000, "interestIncome": 3000, "interestExpense": 3610000, "depreciationAndAmortization": 26273000, "ebitda": 45715000, "ebitdaratio": 0.6098423201, "operatingIncome": 17307000, "operatingIncomeRatio": 0.2308769777, "totalOtherIncomeExpensesNet": 4682000, "incomeBeforeTax": 18382000, "incomeBeforeTaxRatio": 0.2452175769, "incomeTaxExpense": 6553000, "netIncome": 11829000, "netIncomeRatio": 0.157799952, "eps": -0.99, "epsdiluted": -0.99, "weightedAverageShsOut": 36986532, "weightedAverageShsOutDil": 36986532, "link": "https://www.sec.gov/Archives/edgar/data/1539838/000153983813000004/0001539838-13-000004-index.htm", "finalLink": "https://www.sec.gov/Archives/edgar/data/1539838/000153983813000004/a12311210-k.htm", "calculatedOtherExpenses": 98000, "calculatedOperatingExpenses": 10474000, "calculatedNetInterest": -3607000, "calculatedOtherIncome": 4682000, "calculatedIncomeNonControlling": 0, "calculatedEbitda": 43580000}, {"date": "2011-12-31", "symbol": "FANG", "reportedCurrency": "USD", "cik": "0001539838", "fillingDate": "2011-12-31", "acceptedDate": "2011-12-30 19:00:00", "calendarYear": "2011", "period": "FY", "revenue": 48671712, "costOfRevenue": 4268573, "grossProfit": 44403139, "grossProfitRatio": 0.912298688, "researchAndDevelopmentExpenses": 0, "generalAndAdministrativeExpenses": 0, "sellingAndMarketingExpenses": 0, "sellingGeneralAndAdministrativeExpenses": 3603479, "otherExpenses": 29414919, "operatingExpenses": 29414919, "costAndExpenses": 33683492, "interestIncome": 11197, "interestExpense": 2528058, "depreciationAndAmortization": 15905315, "ebitda": 43902928, "ebitdaratio": 0.9020214452, "operatingIncome": 14988220, "operatingIncomeRatio": 0.3079451982, "totalOtherIncomeExpensesNet": -13016410, "incomeBeforeTax": 1971810, "incomeBeforeTaxRatio": 0.0405124439, "incomeTaxExpense": 15526254, "netIncome": -545051, "netIncomeRatio": -0.0111985171, "eps": -0.0241, "epsdiluted": -0.0241, "weightedAverageShsOut": 22611532, "weightedAverageShsOutDil": 22611532, "link": "", "finalLink": "", "calculatedOtherExpenses": 25811440, "calculatedOperatingExpenses": 29414919, "calculatedNetInterest": -2516861, "calculatedOtherIncome": -10499549, "calculatedIncomeNonControlling": -13009393, "calculatedEbitda": 30893535}, {"date": "2010-12-31", "symbol": "FANG", "reportedCurrency": "USD", "cik": "0001539838", "fillingDate": "2010-12-31", "acceptedDate": "2010-12-30 19:00:00", "calendarYear": "2010", "period": "FY", "revenue": 27253174, "costOfRevenue": 2263996, "grossProfit": 24989178, "grossProfitRatio": 0.9169272541, "researchAndDevelopmentExpenses": 0, "generalAndAdministrativeExpenses": 0, "sellingAndMarketingExpenses": 0, "sellingGeneralAndAdministrativeExpenses": 3051627, "otherExpenses": 15823185, "operatingExpenses": 15823185, "costAndExpenses": 18087181, "interestIncome": 34474, "interestExpense": 836265, "depreciationAndAmortization": 8145143, "ebitda": 17459119, "ebitdaratio": 0.6406269963, "operatingIncome": 9165993, "operatingIncomeRatio": 0.3363275412, "totalOtherIncomeExpensesNet": -147983, "incomeBeforeTax": 9018010, "incomeBeforeTaxRatio": 0.3308976048, "incomeTaxExpense": 949774, "netIncome": 8216219, "netIncomeRatio": 0.3014775086, "eps": 0.36, "epsdiluted": 0.36, "weightedAverageShsOut": 22611532, "weightedAverageShsOutDil": 22611532, "link": "", "finalLink": "", "calculatedOtherExpenses": 12771558, "calculatedOperatingExpenses": 15823185, "calculatedNetInterest": -801791, "calculatedOtherIncome": 653808, "calculatedIncomeNonControlling": -147983, "calculatedEbitda": 17311136}, {"date": "2009-12-31", "symbol": "FANG", "reportedCurrency": "USD", "cik": "0001539838", "fillingDate": "2009-12-31", "acceptedDate": "2009-12-30 19:00:00", "calendarYear": "2009", "period": "FY", "revenue": 12716011, "costOfRevenue": 705159, "grossProfit": 12010852, "grossProfitRatio": 0.9445455812, "researchAndDevelopmentExpenses": 0, "generalAndAdministrativeExpenses": 0, "sellingAndMarketingExpenses": 0, "sellingGeneralAndAdministrativeExpenses": 5062618, "otherExpenses": 10673066, "operatingExpenses": 10673066, "costAndExpenses": 11378225, "interestIncome": 35075, "interestExpense": 10938, "depreciationAndAmortization": 3215891, "ebitda": 8621682, "ebitdaratio": 0.6780178155, "operatingIncome": 1337786, "operatingIncomeRatio": 0.1052048477, "totalOtherIncomeExpensesNet": -4068005, "incomeBeforeTax": -2730219, "incomeBeforeTaxRatio": -0.2147071908, "incomeTaxExpense": 4043868, "netIncome": -2706082, "netIncomeRatio": -0.2128090326, "eps": -0.12, "epsdiluted": -0.12, "weightedAverageShsOut": 22611532, "weightedAverageShsOutDil": 22611532, "link": "", "finalLink": "", "calculatedOtherExpenses": 5610448, "calculatedOperatingExpenses": 10673066, "calculatedNetInterest": 24137, "calculatedOtherIncome": -4092142, "calculatedIncomeNonControlling": -4068005, "calculatedEbitda": 4553677}]}