{"originalCurrency": "USD", "convertedCurrency": "USD", "report": [{"date": "2023-12-30", "symbol": "FBIN", "reportedCurrency": "USD", "cik": "0001519751", "fillingDate": "2024-02-27", "acceptedDate": "2024-02-27 16:14:21", "calendarYear": "2023", "period": "FY", "revenue": 4626200000, "costOfRevenue": 2776900000, "grossProfit": 1849300000, "grossProfitRatio": 0.399744931, "researchAndDevelopmentExpenses": 64599999, "generalAndAdministrativeExpenses": 1166800000, "sellingAndMarketingExpenses": 1600000, "sellingGeneralAndAdministrativeExpenses": 1168400000, "otherExpenses": 300000, "operatingExpenses": 1168400000, "costAndExpenses": 3945300000, "interestIncome": 14200000, "interestExpense": 116500000, "depreciationAndAmortization": 152500000, "ebitda": 833400000, "ebitdaratio": 0.1801478535, "operatingIncome": 680900000, "operatingIncomeRatio": 0.1471834335, "totalOtherIncomeExpensesNet": -163000000, "incomeBeforeTax": 517900000, "incomeBeforeTaxRatio": 0.1119493321, "incomeTaxExpense": 112400000, "netIncome": 404500000, "netIncomeRatio": 0.0874367732, "eps": 3.19, "epsdiluted": 3.17, "weightedAverageShsOut": 126900000, "weightedAverageShsOutDil": 127700000, "link": "https://www.sec.gov/Archives/edgar/data/1519751/000095017024021148/0000950170-24-021148-index.htm", "finalLink": "https://www.sec.gov/Archives/edgar/data/1519751/000095017024021148/fbin-20231230.htm", "calculatedOtherExpenses": -64599999, "calculatedOperatingExpenses": 1168400000, "calculatedNetInterest": -102300000, "calculatedOtherIncome": -60700000, "calculatedIncomeNonControlling": 1000000, "calculatedEbitda": 833400000}, {"date": "2022-12-31", "symbol": "FBIN", "reportedCurrency": "USD", "cik": "0001519751", "fillingDate": "2023-02-28", "acceptedDate": "2023-02-28 16:24:45", "calendarYear": "2022", "period": "FY", "revenue": 4723000000, "costOfRevenue": 2790100000, "grossProfit": 1932900000, "grossProfitRatio": 0.4092525937, "researchAndDevelopmentExpenses": 62000000, "generalAndAdministrativeExpenses": 1069200000, "sellingAndMarketingExpenses": 8700000, "sellingGeneralAndAdministrativeExpenses": 1077900000, "otherExpenses": 48300000, "operatingExpenses": 1126200000, "costAndExpenses": 3916300000, "interestIncome": 119200000, "interestExpense": 119200000, "depreciationAndAmortization": 236000000, "ebitda": 1010300000, "ebitdaratio": 0.21391065, "operatingIncome": 774300000, "operatingIncomeRatio": 0.1639424095, "totalOtherIncomeExpensesNet": -107200000, "incomeBeforeTax": 667100000, "incomeBeforeTaxRatio": 0.1412449714, "incomeTaxExpense": 127200000, "netIncome": 539900000, "netIncomeRatio": 0.1143129367, "eps": 4.14, "epsdiluted": 4.11, "weightedAverageShsOut": 130300000, "weightedAverageShsOutDil": 131300000, "link": "https://www.sec.gov/Archives/edgar/data/1519751/000095017023005127/0000950170-23-005127-index.htm", "finalLink": "https://www.sec.gov/Archives/edgar/data/1519751/000095017023005127/fbhs-20221231.htm", "calculatedOtherExpenses": 18700000, "calculatedOperatingExpenses": 1158600000, "calculatedNetInterest": 0, "calculatedOtherIncome": -107200000, "calculatedIncomeNonControlling": 0, "calculatedEbitda": 1010300000}, {"date": "2021-12-31", "symbol": "FBIN", "reportedCurrency": "USD", "cik": "0001519751", "fillingDate": "2021-12-31", "acceptedDate": "2021-12-31 00:00:00", "calendarYear": "2021", "period": "FY", "revenue": 7656100000, "costOfRevenue": 4909100000, "grossProfit": 2747000000, "grossProfitRatio": 0.3587988663, "researchAndDevelopmentExpenses": 64099999, "generalAndAdministrativeExpenses": 1569900000, "sellingAndMarketingExpenses": 9100000, "sellingGeneralAndAdministrativeExpenses": 1579000000, "otherExpenses": 64100000, "operatingExpenses": 1643100000, "costAndExpenses": 6552200000, "interestIncome": 84300000, "interestExpense": 84400000, "depreciationAndAmortization": 201700000, "ebitda": 1292100000, "ebitdaratio": 0.1687673881, "operatingIncome": 1090400000, "operatingIncomeRatio": 0.1424223822, "totalOtherIncomeExpensesNet": -85300000, "incomeBeforeTax": 1005100000, "incomeBeforeTaxRatio": 0.1312809394, "incomeTaxExpense": 232700000, "netIncome": 772400000, "netIncomeRatio": 0.1008868745, "eps": 5.62, "epsdiluted": 5.54, "weightedAverageShsOut": 137500000, "weightedAverageShsOutDil": 139500000, "link": null, "finalLink": null, "calculatedOtherExpenses": 13500001, "calculatedOperatingExpenses": 1656600000, "calculatedNetInterest": -100000, "calculatedOtherIncome": -85200000, "calculatedIncomeNonControlling": 0, "calculatedEbitda": 1292100000}, {"date": "2020-12-31", "symbol": "FBIN", "reportedCurrency": "USD", "cik": "0001519751", "fillingDate": "2020-12-31", "acceptedDate": "2020-12-31 00:00:00", "calendarYear": "2020", "period": "FY", "revenue": 6090300000, "costOfRevenue": 3925900000, "grossProfit": 2164400000, "grossProfitRatio": 0.3553847922, "researchAndDevelopmentExpenses": 49900000, "generalAndAdministrativeExpenses": 1281300000, "sellingAndMarketingExpenses": 1300000, "sellingGeneralAndAdministrativeExpenses": 1282600000, "otherExpenses": 42000000, "operatingExpenses": 1324600000, "costAndExpenses": 5250500000, "interestIncome": 83800000, "interestExpense": 83900000, "depreciationAndAmortization": 215200000, "ebitda": 1016600000, "ebitdaratio": 0.1669211697, "operatingIncome": 801400000, "operatingIncomeRatio": 0.131586293, "totalOtherIncomeExpensesNet": -70600000, "incomeBeforeTax": 730800000, "incomeBeforeTaxRatio": 0.119994089, "incomeTaxExpense": 168800000, "netIncome": 553100000, "netIncomeRatio": 0.0908165443, "eps": 3.99, "epsdiluted": 3.95, "weightedAverageShsOut": 138700000, "weightedAverageShsOutDil": 140200000, "link": null, "finalLink": null, "calculatedOtherExpenses": 30500000, "calculatedOperatingExpenses": 1363000000, "calculatedNetInterest": -100000, "calculatedOtherIncome": -70500000, "calculatedIncomeNonControlling": 8900000, "calculatedEbitda": 1016600000}, {"date": "2019-12-31", "symbol": "FBIN", "reportedCurrency": "USD", "cik": "0001519751", "fillingDate": "2019-12-31", "acceptedDate": "2019-12-31 00:00:00", "calendarYear": "2019", "period": "FY", "revenue": 5764600000, "costOfRevenue": 3712200000, "grossProfit": 2052400000, "grossProfitRatio": 0.3560351108, "researchAndDevelopmentExpenses": 48200000, "generalAndAdministrativeExpenses": 1288200000, "sellingAndMarketingExpenses": -31900000, "sellingGeneralAndAdministrativeExpenses": 1256300000, "otherExpenses": 41400000, "operatingExpenses": 1297700000, "costAndExpenses": 5009900000, "interestIncome": 94200000, "interestExpense": 94200000, "depreciationAndAmortization": 179900000, "ebitda": 878400000, "ebitdaratio": 0.152378309, "operatingIncome": 698500000, "operatingIncomeRatio": 0.1211705929, "totalOtherIncomeExpensesNet": -123200000, "incomeBeforeTax": 575300000, "incomeBeforeTaxRatio": 0.0997987718, "incomeTaxExpense": 144000000, "netIncome": 431900000, "netIncomeRatio": 0.0749228047, "eps": 3.09, "epsdiluted": 3.06, "weightedAverageShsOut": 139900000, "weightedAverageShsOutDil": 141300000, "link": null, "finalLink": null, "calculatedOtherExpenses": 49400000, "calculatedOperatingExpenses": 1353900000, "calculatedNetInterest": 0, "calculatedOtherIncome": -123200000, "calculatedIncomeNonControlling": -600000, "calculatedEbitda": 878400000}, {"date": "2018-12-31", "symbol": "FBIN", "reportedCurrency": "USD", "cik": "0001519751", "fillingDate": "2018-12-31", "acceptedDate": "2018-12-30 19:00:00", "calendarYear": "2018", "period": "FY", "revenue": 5485100000, "costOfRevenue": 3525700000, "grossProfit": 1959400000, "grossProfitRatio": 0.3572222931, "researchAndDevelopmentExpenses": 0, "generalAndAdministrativeExpenses": 1234900000, "sellingAndMarketingExpenses": 6500000, "sellingGeneralAndAdministrativeExpenses": 1241400000, "otherExpenses": 16300000, "operatingExpenses": 1277500000, "costAndExpenses": 4803200000, "interestIncome": 0, "interestExpense": 74500000, "depreciationAndAmortization": 149600000, "ebitda": 847800000, "ebitdaratio": 0.154564183, "operatingIncome": 595200000, "operatingIncomeRatio": 0.1085121511, "totalOtherIncomeExpensesNet": -70400000, "incomeBeforeTax": 537000000, "incomeBeforeTaxRatio": 0.0979015879, "incomeTaxExpense": 147000000, "netIncome": 389600000, "netIncomeRatio": 0.0710287871, "eps": 2.69, "epsdiluted": 2.66, "weightedAverageShsOut": 144600000, "weightedAverageShsOutDil": 146400000, "link": "", "finalLink": "", "calculatedOtherExpenses": 122800000, "calculatedOperatingExpenses": 1364200000, "calculatedNetInterest": -74500000, "calculatedOtherIncome": 16300000, "calculatedIncomeNonControlling": 400000, "calculatedEbitda": 744800000}, {"date": "2017-12-31", "symbol": "FBIN", "reportedCurrency": "USD", "cik": "0001519751", "fillingDate": "2017-12-31", "acceptedDate": "2017-12-30 19:00:00", "calendarYear": "2017", "period": "FY", "revenue": 5283300000, "costOfRevenue": 3350800000, "grossProfit": 1932500000, "grossProfitRatio": 0.3657751784, "researchAndDevelopmentExpenses": 0, "generalAndAdministrativeExpenses": 0, "sellingAndMarketingExpenses": 0, "sellingGeneralAndAdministrativeExpenses": 1194800000, "otherExpenses": -7900000, "operatingExpenses": 1226500000, "costAndExpenses": 4577300000, "interestIncome": 0, "interestExpense": 49400000, "depreciationAndAmortization": 130300000, "ebitda": 828400000, "ebitdaratio": 0.1567959419, "operatingIncome": 692100000, "operatingIncomeRatio": 0.1309976719, "totalOtherIncomeExpensesNet": -21800000, "incomeBeforeTax": 634800000, "incomeBeforeTaxRatio": 0.1201521776, "incomeTaxExpense": 159500000, "netIncome": 472600000, "netIncomeRatio": 0.0894516685, "eps": 3.08, "epsdiluted": 3.03, "weightedAverageShsOut": 153200000, "weightedAverageShsOutDil": 155800000, "link": "", "finalLink": "", "calculatedOtherExpenses": 45600000, "calculatedOperatingExpenses": 1240400000, "calculatedNetInterest": -49400000, "calculatedOtherIncome": -7900000, "calculatedIncomeNonControlling": 2700000, "calculatedEbitda": 822400000}, {"date": "2016-12-31", "symbol": "FBIN", "reportedCurrency": "USD", "cik": "0001519751", "fillingDate": "2016-12-31", "acceptedDate": "2016-12-30 19:00:00", "calendarYear": "2016", "period": "FY", "revenue": 4984900000, "costOfRevenue": 3180300000, "grossProfit": 1804600000, "grossProfitRatio": 0.3620132801, "researchAndDevelopmentExpenses": 0, "generalAndAdministrativeExpenses": 0, "sellingAndMarketingExpenses": 0, "sellingGeneralAndAdministrativeExpenses": 1129900000, "otherExpenses": -1500000, "operatingExpenses": 1158000000, "costAndExpenses": 4338300000, "interestIncome": 0, "interestExpense": 49100000, "depreciationAndAmortization": 122700000, "ebitda": 767800000, "ebitdaratio": 0.154025156, "operatingIncome": 632700000, "operatingIncomeRatio": 0.1269233084, "totalOtherIncomeExpensesNet": -15400000, "incomeBeforeTax": 582100000, "incomeBeforeTaxRatio": 0.1167726534, "incomeTaxExpense": 169700000, "netIncome": 413200000, "netIncomeRatio": 0.0828903288, "eps": 2.68, "epsdiluted": 2.62, "weightedAverageShsOut": 154300000, "weightedAverageShsOutDil": 157800000, "link": "", "finalLink": "", "calculatedOtherExpenses": 42000000, "calculatedOperatingExpenses": 1171900000, "calculatedNetInterest": -49100000, "calculatedOtherIncome": -1500000, "calculatedIncomeNonControlling": -800000, "calculatedEbitda": 755400000}, {"date": "2015-12-31", "symbol": "FBIN", "reportedCurrency": "USD", "cik": "0001519751", "fillingDate": "2015-12-31", "acceptedDate": "2015-12-30 19:00:00", "calendarYear": "2015", "period": "FY", "revenue": 4579400000, "costOfRevenue": 2997500000, "grossProfit": 1581900000, "grossProfitRatio": 0.345438267, "researchAndDevelopmentExpenses": 0, "generalAndAdministrativeExpenses": 0, "sellingAndMarketingExpenses": 0, "sellingGeneralAndAdministrativeExpenses": 1047600000, "otherExpenses": -4300000, "operatingExpenses": 1069200000, "costAndExpenses": 4066700000, "interestIncome": 0, "interestExpense": 31900000, "depreciationAndAmortization": 115100000, "ebitda": 623500000, "ebitdaratio": 0.1361532078, "operatingIncome": 496100000, "operatingIncomeRatio": 0.1083329694, "totalOtherIncomeExpensesNet": -20900000, "incomeBeforeTax": 459900000, "incomeBeforeTaxRatio": 0.1004280037, "incomeTaxExpense": 153400000, "netIncome": 315000000, "netIncomeRatio": 0.0687863039, "eps": 1.97, "epsdiluted": 1.93, "weightedAverageShsOut": 159500000, "weightedAverageShsOutDil": 163000000, "link": "", "finalLink": "", "calculatedOtherExpenses": 38200000, "calculatedOperatingExpenses": 1085800000, "calculatedNetInterest": -31900000, "calculatedOtherIncome": -4300000, "calculatedIncomeNonControlling": -8500000, "calculatedEbitda": 611200000}, {"date": "2014-12-31", "symbol": "FBIN", "reportedCurrency": "USD", "cik": "0001519751", "fillingDate": "2014-12-31", "acceptedDate": "2014-12-30 19:00:00", "calendarYear": "2014", "period": "FY", "revenue": 4013600000, "costOfRevenue": 2646700000, "grossProfit": 1366900000, "grossProfitRatio": 0.340567072, "researchAndDevelopmentExpenses": 0, "generalAndAdministrativeExpenses": 0, "sellingAndMarketingExpenses": 0, "sellingGeneralAndAdministrativeExpenses": 943300000, "otherExpenses": -1200000, "operatingExpenses": 956400000, "costAndExpenses": 3603100000, "interestIncome": 0, "interestExpense": 10400000, "depreciationAndAmortization": 98800000, "ebitda": 508100000, "ebitdaratio": 0.1265945784, "operatingIncome": 403500000, "operatingIncomeRatio": 0.1005331872, "totalOtherIncomeExpensesNet": -8200000, "incomeBeforeTax": 391900000, "incomeBeforeTaxRatio": 0.0976430138, "incomeTaxExpense": 118300000, "netIncome": 158100000, "netIncomeRatio": 0.0393910704, "eps": 0.98, "epsdiluted": 0.95, "weightedAverageShsOut": 161800000, "weightedAverageShsOutDil": 166300000, "link": "", "finalLink": "", "calculatedOtherExpenses": 20100000, "calculatedOperatingExpenses": 963400000, "calculatedNetInterest": -10400000, "calculatedOtherIncome": -1200000, "calculatedIncomeNonControlling": 115500000, "calculatedEbitda": 502300000}, {"date": "2013-12-31", "symbol": "FBIN", "reportedCurrency": "USD", "cik": "0001519751", "fillingDate": "2013-12-31", "acceptedDate": "2013-12-30 19:00:00", "calendarYear": "2013", "period": "FY", "revenue": 4157400000, "costOfRevenue": 2718600000, "grossProfit": 1438800000, "grossProfitRatio": 0.3460816857, "researchAndDevelopmentExpenses": 0, "generalAndAdministrativeExpenses": 0, "sellingAndMarketingExpenses": 0, "sellingGeneralAndAdministrativeExpenses": 1043100000, "otherExpenses": -5000000, "operatingExpenses": 1056300000, "costAndExpenses": 3774900000, "interestIncome": 0, "interestExpense": 7200000, "depreciationAndAmortization": 90400000, "ebitda": 467900000, "ebitdaratio": 0.112546303, "operatingIncome": 357100000, "operatingIncomeRatio": 0.0858950305, "totalOtherIncomeExpensesNet": -30400000, "incomeBeforeTax": 344900000, "incomeBeforeTaxRatio": 0.0829605042, "incomeTaxExpense": 114000000, "netIncome": 229700000, "netIncomeRatio": 0.055250878, "eps": 1.39, "epsdiluted": 1.34, "weightedAverageShsOut": 165500000, "weightedAverageShsOutDil": 171300000, "link": "", "finalLink": "", "calculatedOtherExpenses": 38600000, "calculatedOperatingExpenses": 1081700000, "calculatedNetInterest": -7200000, "calculatedOtherIncome": -5000000, "calculatedIncomeNonControlling": 1200000, "calculatedEbitda": 447500000}, {"date": "2012-12-31", "symbol": "FBIN", "reportedCurrency": "USD", "cik": "0001519751", "fillingDate": "2012-12-31", "acceptedDate": "2012-12-30 19:00:00", "calendarYear": "2012", "period": "FY", "revenue": 3591100000, "costOfRevenue": 2421100000, "grossProfit": 1170000000, "grossProfitRatio": 0.3258054635, "researchAndDevelopmentExpenses": 0, "generalAndAdministrativeExpenses": 0, "sellingAndMarketingExpenses": 0, "sellingGeneralAndAdministrativeExpenses": 976900000, "otherExpenses": 1000000, "operatingExpenses": 988000000, "costAndExpenses": 3409100000, "interestIncome": 0, "interestExpense": 8700000, "depreciationAndAmortization": 101300000, "ebitda": 284300000, "ebitdaratio": 0.079167943, "operatingIncome": 161700000, "operatingIncomeRatio": 0.0450279859, "totalOtherIncomeExpensesNet": -19300000, "incomeBeforeTax": 154000000, "incomeBeforeTaxRatio": 0.0428837961, "incomeTaxExpense": 34300000, "netIncome": 118700000, "netIncomeRatio": 0.0330539389, "eps": 0.74, "epsdiluted": 0.71, "weightedAverageShsOut": 160600000, "weightedAverageShsOutDil": 166100000, "link": "", "finalLink": "", "calculatedOtherExpenses": 31400000, "calculatedOperatingExpenses": 1008300000, "calculatedNetInterest": -8700000, "calculatedOtherIncome": 1000000, "calculatedIncomeNonControlling": 1000000, "calculatedEbitda": 263000000}, {"date": "2011-12-31", "symbol": "FBIN", "reportedCurrency": "USD", "cik": "0001519751", "fillingDate": "2011-12-31", "acceptedDate": "2011-12-30 19:00:00", "calendarYear": "2011", "period": "FY", "revenue": 3328600000, "costOfRevenue": 2332100000, "grossProfit": 996500000, "grossProfitRatio": 0.2993751127, "researchAndDevelopmentExpenses": 0, "generalAndAdministrativeExpenses": 0, "sellingAndMarketingExpenses": 0, "sellingGeneralAndAdministrativeExpenses": 903000000, "otherExpenses": 14400000, "operatingExpenses": 917400000, "costAndExpenses": 3249500000, "interestIncome": 0, "interestExpense": 26400000, "depreciationAndAmortization": 111500000, "ebitda": 190600000, "ebitdaratio": 0.0572613111, "operatingIncome": -15600000, "operatingIncomeRatio": -0.0046866551, "totalOtherIncomeExpensesNet": -96300000, "incomeBeforeTax": -43600000, "incomeBeforeTaxRatio": -0.0130986, "incomeTaxExpense": -9000000, "netIncome": -35600000, "netIncomeRatio": -0.0106951872, "eps": -0.23, "epsdiluted": -0.23, "weightedAverageShsOut": 155200000, "weightedAverageShsOutDil": 155200000, "link": "", "finalLink": "", "calculatedOtherExpenses": 109100000, "calculatedOperatingExpenses": 1012100000, "calculatedNetInterest": -26400000, "calculatedOtherIncome": -1600000, "calculatedIncomeNonControlling": 1000000, "calculatedEbitda": 95900000}, {"date": "2010-12-31", "symbol": "FBIN", "reportedCurrency": "USD", "cik": "0001519751", "fillingDate": "2010-12-31", "acceptedDate": "2010-12-30 19:00:00", "calendarYear": "2010", "period": "FY", "revenue": 3233500000, "costOfRevenue": 2182400000, "grossProfit": 1051100000, "grossProfitRatio": 0.3250657183, "researchAndDevelopmentExpenses": 0, "generalAndAdministrativeExpenses": 0, "sellingAndMarketingExpenses": 0, "sellingGeneralAndAdministrativeExpenses": 839600000, "otherExpenses": 15700000, "operatingExpenses": 855300000, "costAndExpenses": 3037700000, "interestIncome": 0, "interestExpense": 116300000, "depreciationAndAmortization": 111600000, "ebitda": 307400000, "ebitdaratio": 0.0950672646, "operatingIncome": 187800000, "operatingIncomeRatio": 0.0580794804, "totalOtherIncomeExpensesNet": -7000000, "incomeBeforeTax": 72500000, "incomeBeforeTaxRatio": 0.0224215247, "incomeTaxExpense": 14100000, "netIncome": 57200000, "netIncomeRatio": 0.0176898098, "eps": 0.41, "epsdiluted": 0.41, "weightedAverageShsOut": 155100000, "weightedAverageShsOutDil": 155100000, "link": "", "finalLink": "", "calculatedOtherExpenses": 23700000, "calculatedOperatingExpenses": 863300000, "calculatedNetInterest": -116300000, "calculatedOtherIncome": 1000000, "calculatedIncomeNonControlling": 1200000, "calculatedEbitda": 299400000}, {"date": "2009-12-31", "symbol": "FBIN", "reportedCurrency": "USD", "cik": "0001519751", "fillingDate": "2009-12-31", "acceptedDate": "2009-12-30 19:00:00", "calendarYear": "2009", "period": "FY", "revenue": 3006800000, "costOfRevenue": 2104300000, "grossProfit": 902500000, "grossProfitRatio": 0.3001529866, "researchAndDevelopmentExpenses": 0, "generalAndAdministrativeExpenses": 0, "sellingAndMarketingExpenses": 0, "sellingGeneralAndAdministrativeExpenses": 815200000, "otherExpenses": 16100000, "operatingExpenses": 831300000, "costAndExpenses": 2935600000, "interestIncome": 0, "interestExpense": 85200000, "depreciationAndAmortization": 131100000, "ebitda": 202300000, "ebitdaratio": 0.0672808301, "operatingIncome": 49400000, "operatingIncomeRatio": 0.0164294266, "totalOtherIncomeExpensesNet": -20800000, "incomeBeforeTax": -34800000, "incomeBeforeTaxRatio": -0.0115737661, "incomeTaxExpense": 6300000, "netIncome": -41900000, "netIncomeRatio": -0.0139350805, "eps": -0.27, "epsdiluted": -0.27, "weightedAverageShsOut": 155100000, "weightedAverageShsOutDil": 155100000, "link": "", "finalLink": "", "calculatedOtherExpenses": 37900000, "calculatedOperatingExpenses": 853100000, "calculatedNetInterest": -85200000, "calculatedOtherIncome": 1000000, "calculatedIncomeNonControlling": 800000, "calculatedEbitda": 180500000}]}