{"originalCurrency": "USD", "convertedCurrency": "USD", "report": [{"date": "2023-12-31", "symbol": "FCFS", "reportedCurrency": "USD", "cik": "0000840489", "fillingDate": "2024-02-05", "acceptedDate": "2024-02-05 16:53:51", "calendarYear": "2023", "period": "FY", "revenue": 3151796000, "costOfRevenue": 1644557000, "grossProfit": 1507239000, "grossProfitRatio": 0.4782159125, "researchAndDevelopmentExpenses": 0, "generalAndAdministrativeExpenses": 176315000, "sellingAndMarketingExpenses": 4300000, "sellingGeneralAndAdministrativeExpenses": 176315000, "otherExpenses": 1402000, "operatingExpenses": 1117625000, "costAndExpenses": 2762182000, "interestIncome": 1469000, "interestExpense": 93243000, "depreciationAndAmortization": 520616000, "ebitda": 913101000, "ebitdaratio": 0.2897081537, "operatingIncome": 675090000, "operatingIncomeRatio": 0.2141921622, "totalOtherIncomeExpensesNet": -4991000, "incomeBeforeTax": 292849000, "incomeBeforeTaxRatio": 0.0929149602, "incomeTaxExpense": 73548000, "netIncome": 219301000, "netIncomeRatio": 0.0695796936, "eps": 4.82, "epsdiluted": 4.8, "weightedAverageShsOut": 45452000, "weightedAverageShsOutDil": 45693000, "link": "https://www.sec.gov/Archives/edgar/data/840489/000084048924000042/0000840489-24-000042-index.htm", "finalLink": "https://www.sec.gov/Archives/edgar/data/840489/000084048924000042/fcfs-20231231.htm", "calculatedOtherExpenses": 655834000, "calculatedOperatingExpenses": 832149000, "calculatedNetInterest": -91774000, "calculatedOtherIncome": -290467000, "calculatedIncomeNonControlling": 0, "calculatedEbitda": 1195706000}, {"date": "2022-12-31", "symbol": "FCFS", "reportedCurrency": "USD", "cik": "0000840489", "fillingDate": "2023-02-06", "acceptedDate": "2023-02-06 16:30:53", "calendarYear": "2022", "period": "FY", "revenue": 2728942000, "costOfRevenue": 1464356000, "grossProfit": 1264586000, "grossProfitRatio": 0.4633979029, "researchAndDevelopmentExpenses": 0, "generalAndAdministrativeExpenses": 147943000, "sellingAndMarketingExpenses": 4099999, "sellingGeneralAndAdministrativeExpenses": 147943000, "otherExpenses": 832741000, "operatingExpenses": 980684000, "costAndExpenses": 2445040000, "interestIncome": 1313000, "interestExpense": 70708000, "depreciationAndAmortization": 103832000, "ebitda": 501327000, "ebitdaratio": 0.1837074588, "operatingIncome": 397495000, "operatingIncomeRatio": 0.1456590136, "totalOtherIncomeExpensesNet": -73862000, "incomeBeforeTax": 323633000, "incomeBeforeTaxRatio": 0.1185928466, "incomeTaxExpense": 70138000, "netIncome": 253495000, "netIncomeRatio": 0.092891311, "eps": 5.37, "epsdiluted": 5.36, "weightedAverageShsOut": 47213000, "weightedAverageShsOutDil": 47330000, "link": "https://www.sec.gov/Archives/edgar/data/840489/000084048923000041/0000840489-23-000041-index.htm", "finalLink": "https://www.sec.gov/Archives/edgar/data/840489/000084048923000041/fcfs-20221231.htm", "calculatedOtherExpenses": 719148000, "calculatedOperatingExpenses": 867091000, "calculatedNetInterest": -69395000, "calculatedOtherIncome": -4467000, "calculatedIncomeNonControlling": 0, "calculatedEbitda": 501327000}, {"date": "2021-12-31", "symbol": "FCFS", "reportedCurrency": "USD", "cik": "0000840489", "fillingDate": "2022-02-28", "acceptedDate": "2022-02-28 12:39:43", "calendarYear": "2021", "period": "FY", "revenue": 1698965000, "costOfRevenue": 779813000, "grossProfit": 919152000, "grossProfitRatio": 0.5410070249, "researchAndDevelopmentExpenses": 0, "generalAndAdministrativeExpenses": 111259000, "sellingAndMarketingExpenses": 1000000, "sellingGeneralAndAdministrativeExpenses": 111259000, "otherExpenses": 610738000, "operatingExpenses": 721997000, "costAndExpenses": 1501810000, "interestIncome": 696000, "interestExpense": 32386000, "depreciationAndAmortization": 45906000, "ebitda": 261628000, "ebitdaratio": 0.1539925778, "operatingIncome": 215722000, "operatingIncomeRatio": 0.126972598, "totalOtherIncomeExpensesNet": -49220000, "incomeBeforeTax": 166502000, "incomeBeforeTaxRatio": 0.0980020189, "incomeTaxExpense": 41593000, "netIncome": 124909000, "netIncomeRatio": 0.0735206435, "eps": 3.05, "epsdiluted": 3.04, "weightedAverageShsOut": 40975000, "weightedAverageShsOutDil": 41024000, "link": "https://www.sec.gov/Archives/edgar/data/840489/000084048922000035/0000840489-22-000035-index.htm", "finalLink": "https://www.sec.gov/Archives/edgar/data/840489/000084048922000035/fcfs-20211231.htm", "calculatedOtherExpenses": 592171000, "calculatedOperatingExpenses": 703430000, "calculatedNetInterest": -31690000, "calculatedOtherIncome": -17530000, "calculatedIncomeNonControlling": 0, "calculatedEbitda": 261628000}, {"date": "2020-12-31", "symbol": "FCFS", "reportedCurrency": "USD", "cik": "0000840489", "fillingDate": "2021-02-01", "acceptedDate": "2021-02-01 16:31:16", "calendarYear": "2020", "period": "FY", "revenue": 1631284000, "costOfRevenue": 720145000, "grossProfit": 911139000, "grossProfitRatio": 0.5585410021, "researchAndDevelopmentExpenses": 0, "generalAndAdministrativeExpenses": 110931000, "sellingAndMarketingExpenses": 1100000, "sellingGeneralAndAdministrativeExpenses": 110931000, "otherExpenses": 604263000, "operatingExpenses": 715194000, "costAndExpenses": 1435339000, "interestIncome": 1540000, "interestExpense": 29344000, "depreciationAndAmortization": 42105000, "ebitda": 239590000, "ebitdaratio": 0.1468720345, "operatingIncome": 197485000, "operatingIncomeRatio": 0.1210610783, "totalOtherIncomeExpensesNet": -53786000, "incomeBeforeTax": 143699000, "incomeBeforeTaxRatio": 0.088089505, "incomeTaxExpense": 37120000, "netIncome": 106579000, "netIncomeRatio": 0.0653344237, "eps": 2.57, "epsdiluted": 2.56, "weightedAverageShsOut": 41502000, "weightedAverageShsOutDil": 41600000, "link": "https://www.sec.gov/Archives/edgar/data/840489/000084048921000028/0000840489-21-000028-index.htm", "finalLink": "https://www.sec.gov/Archives/edgar/data/840489/000084048921000028/fcfs-20201231.htm", "calculatedOtherExpenses": 602723000, "calculatedOperatingExpenses": 713654000, "calculatedNetInterest": -27804000, "calculatedOtherIncome": -25982000, "calculatedIncomeNonControlling": 0, "calculatedEbitda": 239590000}, {"date": "2019-12-31", "symbol": "FCFS", "reportedCurrency": "USD", "cik": "0000840489", "fillingDate": "2020-02-03", "acceptedDate": "2020-02-03 16:58:51", "calendarYear": "2019", "period": "FY", "revenue": 1864439000, "costOfRevenue": 846092000, "grossProfit": 1018347000, "grossProfitRatio": 0.5461948608, "researchAndDevelopmentExpenses": 0, "generalAndAdministrativeExpenses": 122334000, "sellingAndMarketingExpenses": 1200000, "sellingGeneralAndAdministrativeExpenses": 122334000, "otherExpenses": 637443000, "operatingExpenses": 759777000, "costAndExpenses": 1605869000, "interestIncome": 1055000, "interestExpense": 34035000, "depreciationAndAmortization": 41904000, "ebitda": 301529000, "ebitdaratio": 0.161726396, "operatingIncome": 259625000, "operatingIncomeRatio": 0.1392510026, "totalOtherIncomeExpensesNet": -35014000, "incomeBeforeTax": 224611000, "incomeBeforeTaxRatio": 0.1204710908, "incomeTaxExpense": 59993000, "netIncome": 164618000, "netIncomeRatio": 0.0882935832, "eps": 3.83, "epsdiluted": 3.81, "weightedAverageShsOut": 43020000, "weightedAverageShsOutDil": 43208000, "link": "https://www.sec.gov/Archives/edgar/data/840489/000084048920000020/0000840489-20-000020-index.htm", "finalLink": "https://www.sec.gov/Archives/edgar/data/840489/000084048920000020/fcfs1231201910-k.htm", "calculatedOtherExpenses": 636388000, "calculatedOperatingExpenses": 758722000, "calculatedNetInterest": -32980000, "calculatedOtherIncome": -2034000, "calculatedIncomeNonControlling": 0, "calculatedEbitda": 301529000}, {"date": "2018-12-31", "symbol": "FCFS", "reportedCurrency": "USD", "cik": "0000840489", "fillingDate": "2019-02-05", "acceptedDate": "2019-02-04 18:16:28", "calendarYear": "2018", "period": "FY", "revenue": 1780858000, "costOfRevenue": 814091000, "grossProfit": 966767000, "grossProfitRatio": 0.5428658545, "researchAndDevelopmentExpenses": 0, "generalAndAdministrativeExpenses": 120042000, "sellingAndMarketingExpenses": 1400000, "sellingGeneralAndAdministrativeExpenses": 120042000, "otherExpenses": 606282000, "operatingExpenses": 726324000, "costAndExpenses": 1540415000, "interestIncome": 2444000, "interestExpense": 29173000, "depreciationAndAmortization": 42961000, "ebitda": 285848000, "ebitdaratio": 0.1605113939, "operatingIncome": 242887000, "operatingIncomeRatio": 0.1363876289, "totalOtherIncomeExpensesNet": -8405000, "incomeBeforeTax": 205309000, "incomeBeforeTaxRatio": 0.1152865641, "incomeTaxExpense": 52103000, "netIncome": 153206000, "netIncomeRatio": 0.0860293185, "eps": 3.42, "epsdiluted": 3.41, "weightedAverageShsOut": 44777000, "weightedAverageShsOutDil": 44884000, "link": "https://www.sec.gov/Archives/edgar/data/840489/000084048919000005/0000840489-19-000005-index.htm", "finalLink": "https://www.sec.gov/Archives/edgar/data/840489/000084048919000005/fcfs1231201810-k.htm", "calculatedOtherExpenses": 603838000, "calculatedOperatingExpenses": 723880000, "calculatedNetInterest": -26729000, "calculatedOtherIncome": -10849000, "calculatedIncomeNonControlling": 0, "calculatedEbitda": 285848000}, {"date": "2017-12-31", "symbol": "FCFS", "reportedCurrency": "USD", "cik": "0000840489", "fillingDate": "2018-02-20", "acceptedDate": "2018-02-20 13:25:31", "calendarYear": "2017", "period": "FY", "revenue": 1779822000, "costOfRevenue": 832316000, "grossProfit": 947506000, "grossProfitRatio": 0.5323599776, "researchAndDevelopmentExpenses": 0, "generalAndAdministrativeExpenses": 122473000, "sellingAndMarketingExpenses": 1800000, "sellingGeneralAndAdministrativeExpenses": 122473000, "otherExpenses": 607107000, "operatingExpenses": 729580000, "costAndExpenses": 1561896000, "interestIncome": 1597000, "interestExpense": 24035000, "depreciationAndAmortization": 55233000, "ebitda": 274756000, "ebitdaratio": 0.1543727406, "operatingIncome": 219523000, "operatingIncomeRatio": 0.1233398621, "totalOtherIncomeExpensesNet": -23176000, "incomeBeforeTax": 172312000, "incomeBeforeTaxRatio": 0.0968141758, "incomeTaxExpense": 28420000, "netIncome": 143892000, "netIncomeRatio": 0.0808462869, "eps": 3.01, "epsdiluted": 3, "weightedAverageShsOut": 47854000, "weightedAverageShsOutDil": 47888000, "link": "https://www.sec.gov/Archives/edgar/data/840489/000084048918000030/0000840489-18-000030-index.htm", "finalLink": "https://www.sec.gov/Archives/edgar/data/840489/000084048918000030/fcfs1231201710-k.htm", "calculatedOtherExpenses": 605510000, "calculatedOperatingExpenses": 727983000, "calculatedNetInterest": -22438000, "calculatedOtherIncome": -24773000, "calculatedIncomeNonControlling": 0, "calculatedEbitda": 274756000}, {"date": "2016-12-31", "symbol": "FCFS", "reportedCurrency": "USD", "cik": "0000840489", "fillingDate": "2017-03-01", "acceptedDate": "2017-03-01 12:47:26", "calendarYear": "2016", "period": "FY", "revenue": 1088377000, "costOfRevenue": 483574000, "grossProfit": 604803000, "grossProfitRatio": 0.5556925587, "researchAndDevelopmentExpenses": 0, "generalAndAdministrativeExpenses": 96537000, "sellingAndMarketingExpenses": 0, "sellingGeneralAndAdministrativeExpenses": 96537000, "otherExpenses": 359879000, "operatingExpenses": 456416000, "costAndExpenses": 939990000, "interestIncome": 751000, "interestExpense": 20320000, "depreciationAndAmortization": 31865000, "ebitda": 181003000, "ebitdaratio": 0.1663054254, "operatingIncome": 149138000, "operatingIncomeRatio": 0.1370278865, "totalOtherIncomeExpensesNet": -35371000, "incomeBeforeTax": 93447000, "incomeBeforeTaxRatio": 0.085859036, "incomeTaxExpense": 33320000, "netIncome": 60127000, "netIncomeRatio": 0.0552446441, "eps": 1.72, "epsdiluted": 1.72, "weightedAverageShsOut": 34997000, "weightedAverageShsOutDil": 35004000, "link": "https://www.sec.gov/Archives/edgar/data/840489/000084048917000032/0000840489-17-000032-index.htm", "finalLink": "https://www.sec.gov/Archives/edgar/data/840489/000084048917000032/fcfs1231201610-k.htm", "calculatedOtherExpenses": 359128000, "calculatedOperatingExpenses": 455665000, "calculatedNetInterest": -19569000, "calculatedOtherIncome": -36122000, "calculatedIncomeNonControlling": 0, "calculatedEbitda": 181003000}, {"date": "2015-12-31", "symbol": "FCFS", "reportedCurrency": "USD", "cik": "0000840489", "fillingDate": "2016-02-17", "acceptedDate": "2016-02-17 17:21:21", "calendarYear": "2015", "period": "FY", "revenue": 704602000, "costOfRevenue": 313418000, "grossProfit": 391184000, "grossProfitRatio": 0.5551843452, "researchAndDevelopmentExpenses": 0, "generalAndAdministrativeExpenses": 54758000, "sellingAndMarketingExpenses": 0, "sellingGeneralAndAdministrativeExpenses": 54758000, "otherExpenses": 225511000, "operatingExpenses": 280269000, "costAndExpenses": 593687000, "interestIncome": 1566000, "interestExpense": 16887000, "depreciationAndAmortization": 17939000, "ebitda": 130420000, "ebitdaratio": 0.1850974025, "operatingIncome": 112481000, "operatingIncomeRatio": 0.1596376394, "totalOtherIncomeExpensesNet": -7913000, "incomeBeforeTax": 87681000, "incomeBeforeTaxRatio": 0.1244404643, "incomeTaxExpense": 26971000, "netIncome": 60710000, "netIncomeRatio": 0.0861621171, "eps": 2.16, "epsdiluted": 2.14, "weightedAverageShsOut": 28138000, "weightedAverageShsOutDil": 28326000, "link": "https://www.sec.gov/Archives/edgar/data/840489/000084048916000076/0000840489-16-000076-index.htm", "finalLink": "https://www.sec.gov/Archives/edgar/data/840489/000084048916000076/fcfs1231201510-k.htm", "calculatedOtherExpenses": 223945000, "calculatedOperatingExpenses": 278703000, "calculatedNetInterest": -15321000, "calculatedOtherIncome": -9479000, "calculatedIncomeNonControlling": 0, "calculatedEbitda": 130420000}, {"date": "2014-12-31", "symbol": "FCFS", "reportedCurrency": "USD", "cik": "0000840489", "fillingDate": "2015-02-12", "acceptedDate": "2015-02-12 16:47:49", "calendarYear": "2014", "period": "FY", "revenue": 712877000, "costOfRevenue": 312004000, "grossProfit": 400873000, "grossProfitRatio": 0.5623312297, "researchAndDevelopmentExpenses": 0, "generalAndAdministrativeExpenses": 54586000, "sellingAndMarketingExpenses": 0, "sellingGeneralAndAdministrativeExpenses": 54586000, "otherExpenses": 216462000, "operatingExpenses": 271048000, "costAndExpenses": 583052000, "interestIncome": 682000, "interestExpense": 13527000, "depreciationAndAmortization": 17476000, "ebitda": 147983000, "ebitdaratio": 0.2075856003, "operatingIncome": 130507000, "operatingIncomeRatio": 0.1830708523, "totalOtherIncomeExpensesNet": -13527000, "incomeBeforeTax": 116980000, "incomeBeforeTaxRatio": 0.1640956294, "incomeTaxExpense": 31542000, "netIncome": 85166000, "netIncomeRatio": 0.1194680148, "eps": 2.97, "epsdiluted": 2.93, "weightedAverageShsOut": 28671000, "weightedAverageShsOutDil": 29070000, "link": "https://www.sec.gov/Archives/edgar/data/840489/000084048915000012/0000840489-15-000012-index.htm", "finalLink": "https://www.sec.gov/Archives/edgar/data/840489/000084048915000012/fcfs1231201410-k.htm", "calculatedOtherExpenses": 215780000, "calculatedOperatingExpenses": 270366000, "calculatedNetInterest": -12845000, "calculatedOtherIncome": -682000, "calculatedIncomeNonControlling": 272000, "calculatedEbitda": 147983000}, {"date": "2013-12-31", "symbol": "FCFS", "reportedCurrency": "USD", "cik": "0000840489", "fillingDate": "2014-02-28", "acceptedDate": "2014-02-28 11:50:23", "calendarYear": "2013", "period": "FY", "revenue": 660848000, "costOfRevenue": 291274000, "grossProfit": 369574000, "grossProfitRatio": 0.5592420647, "researchAndDevelopmentExpenses": 0, "generalAndAdministrativeExpenses": 49530000, "sellingAndMarketingExpenses": 0, "sellingGeneralAndAdministrativeExpenses": 49530000, "otherExpenses": 196682000, "operatingExpenses": 246212000, "costAndExpenses": 537486000, "interestIncome": 322000, "interestExpense": 3492000, "depreciationAndAmortization": 15361000, "ebitda": 139045000, "ebitdaratio": 0.2104039053, "operatingIncome": 123684000, "operatingIncomeRatio": 0.1871595284, "totalOtherIncomeExpensesNet": -3492000, "incomeBeforeTax": 120192000, "incomeBeforeTaxRatio": 0.1818754086, "incomeTaxExpense": 35713000, "netIncome": 83846000, "netIncomeRatio": 0.126876377, "eps": 2.89, "epsdiluted": 2.84, "weightedAverageShsOut": 29079000, "weightedAverageShsOutDil": 29574000, "link": "https://www.sec.gov/Archives/edgar/data/840489/000084048914000010/0000840489-14-000010-index.htm", "finalLink": "https://www.sec.gov/Archives/edgar/data/840489/000084048914000010/fcfs1231201310-k.htm", "calculatedOtherExpenses": 196360000, "calculatedOperatingExpenses": 245890000, "calculatedNetInterest": -3170000, "calculatedOtherIncome": -322000, "calculatedIncomeNonControlling": 633000, "calculatedEbitda": 139045000}, {"date": "2012-12-31", "symbol": "FCFS", "reportedCurrency": "USD", "cik": "0000840489", "fillingDate": "2013-02-22", "acceptedDate": "2013-02-22 15:49:22", "calendarYear": "2012", "period": "FY", "revenue": 595946000, "costOfRevenue": 257284000, "grossProfit": 338662000, "grossProfitRatio": 0.5682763203, "researchAndDevelopmentExpenses": 0, "generalAndAdministrativeExpenses": 50099000, "sellingAndMarketingExpenses": 0, "sellingGeneralAndAdministrativeExpenses": 50099000, "otherExpenses": 164680000, "operatingExpenses": 214779000, "costAndExpenses": 472063000, "interestIncome": 216000, "interestExpense": 1488000, "depreciationAndAmortization": 12949000, "ebitda": 137048000, "ebitdaratio": 0.2299671447, "operatingIncome": 124099000, "operatingIncomeRatio": 0.2082386659, "totalOtherIncomeExpensesNet": -1488000, "incomeBeforeTax": 122611000, "incomeBeforeTaxRatio": 0.2057417954, "incomeTaxExpense": 41506000, "netIncome": 80359000, "netIncomeRatio": 0.1348427542, "eps": 2.78, "epsdiluted": 2.7, "weightedAverageShsOut": 28912000, "weightedAverageShsOutDil": 29713000, "link": "https://www.sec.gov/Archives/edgar/data/840489/000084048913000005/0000840489-13-000005-index.htm", "finalLink": "https://www.sec.gov/Archives/edgar/data/840489/000084048913000005/fcfs1231201210-k.htm", "calculatedOtherExpenses": 164464000, "calculatedOperatingExpenses": 214563000, "calculatedNetInterest": -1272000, "calculatedOtherIncome": -216000, "calculatedIncomeNonControlling": 746000, "calculatedEbitda": 137048000}, {"date": "2011-12-31", "symbol": "FCFS", "reportedCurrency": "USD", "cik": "0000840489", "fillingDate": "2012-02-29", "acceptedDate": "2012-02-29 14:49:52", "calendarYear": "2011", "period": "FY", "revenue": 521302000, "costOfRevenue": 226552000, "grossProfit": 294750000, "grossProfitRatio": 0.5654112204, "researchAndDevelopmentExpenses": 0, "generalAndAdministrativeExpenses": 0, "sellingAndMarketingExpenses": 0, "sellingGeneralAndAdministrativeExpenses": 175676000, "otherExpenses": 11014000, "operatingExpenses": 186690000, "costAndExpenses": 413242000, "interestIncome": 278000, "interestExpense": 135000, "depreciationAndAmortization": 11014000, "ebitda": 119352000, "ebitdaratio": 0.2289498218, "operatingIncome": 108338000, "operatingIncomeRatio": 0.2078219535, "totalOtherIncomeExpensesNet": -135000, "incomeBeforeTax": 108203000, "incomeBeforeTaxRatio": 0.2075629865, "incomeTaxExpense": 37338000, "netIncome": 77782000, "netIncomeRatio": 0.1492071774, "eps": 2.53, "epsdiluted": 2.47, "weightedAverageShsOut": 30706000, "weightedAverageShsOutDil": 31498000, "link": "https://www.sec.gov/Archives/edgar/data/840489/000092623612000020/0000926236-12-000020-index.htm", "finalLink": "https://www.sec.gov/Archives/edgar/data/840489/000092623612000020/fcfs2011q4.htm", "calculatedOtherExpenses": 10736000, "calculatedOperatingExpenses": 186412000, "calculatedNetInterest": 143000, "calculatedOtherIncome": -278000, "calculatedIncomeNonControlling": -6917000, "calculatedEbitda": 119352000}, {"date": "2010-12-31", "symbol": "FCFS", "reportedCurrency": "USD", "cik": "0000840489", "fillingDate": "2011-02-25", "acceptedDate": "2011-02-25 11:46:57", "calendarYear": "2010", "period": "FY", "revenue": 431147000, "costOfRevenue": 176942000, "grossProfit": 254205000, "grossProfitRatio": 0.5896016904, "researchAndDevelopmentExpenses": 0, "generalAndAdministrativeExpenses": 0, "sellingAndMarketingExpenses": 0, "sellingGeneralAndAdministrativeExpenses": 158776000, "otherExpenses": 10506000, "operatingExpenses": 169282000, "costAndExpenses": 346224000, "interestIncome": 97000, "interestExpense": 391000, "depreciationAndAmortization": 10506000, "ebitda": 95526000, "ebitdaratio": 0.2215624833, "operatingIncome": 85020000, "operatingIncomeRatio": 0.1971949242, "totalOtherIncomeExpensesNet": -391000, "incomeBeforeTax": 84629000, "incomeBeforeTaxRatio": 0.196288041, "incomeTaxExpense": 30374000, "netIncome": 57658000, "netIncomeRatio": 0.1337316507, "eps": 1.9, "epsdiluted": 1.86, "weightedAverageShsOut": 30266000, "weightedAverageShsOutDil": 31058000, "link": "https://www.sec.gov/Archives/edgar/data/840489/000092623611000015/0000926236-11-000015-index.htm", "finalLink": "https://www.sec.gov/Archives/edgar/data/840489/000092623611000015/fcf2010q4.htm", "calculatedOtherExpenses": 10409000, "calculatedOperatingExpenses": 169185000, "calculatedNetInterest": -294000, "calculatedOtherIncome": -97000, "calculatedIncomeNonControlling": -3403000, "calculatedEbitda": 95526000}, {"date": "2009-12-31", "symbol": "FCFS", "reportedCurrency": "USD", "cik": "0000840489", "fillingDate": "2010-03-15", "acceptedDate": "2010-03-15 15:23:57", "calendarYear": "2009", "period": "FY", "revenue": 365954000, "costOfRevenue": 152474000, "grossProfit": 213480000, "grossProfitRatio": 0.583352006, "researchAndDevelopmentExpenses": 0, "generalAndAdministrativeExpenses": 0, "sellingAndMarketingExpenses": 0, "sellingGeneralAndAdministrativeExpenses": 135855000, "otherExpenses": 10073000, "operatingExpenses": 145928000, "costAndExpenses": 298402000, "interestIncome": 67000, "interestExpense": 765000, "depreciationAndAmortization": 10073000, "ebitda": 77692000, "ebitdaratio": 0.2122999065, "operatingIncome": 67619000, "operatingIncomeRatio": 0.1847745892, "totalOtherIncomeExpensesNet": -765000, "incomeBeforeTax": 66854000, "incomeBeforeTaxRatio": 0.1826841625, "incomeTaxExpense": 25003000, "netIncome": 49764000, "netIncomeRatio": 0.135984304, "eps": 1.68, "epsdiluted": 1.65, "weightedAverageShsOut": 29559000, "weightedAverageShsOutDil": 30191000, "link": "https://www.sec.gov/Archives/edgar/data/840489/000092623610000010/0000926236-10-000010-index.htm", "finalLink": "https://www.sec.gov/Archives/edgar/data/840489/000092623610000010/fcf09q4.htm", "calculatedOtherExpenses": 10006000, "calculatedOperatingExpenses": 145861000, "calculatedNetInterest": -698000, "calculatedOtherIncome": -67000, "calculatedIncomeNonControlling": -7913000, "calculatedEbitda": 77692000}, {"date": "2008-12-31", "symbol": "FCFS", "reportedCurrency": "USD", "cik": "0000840489", "fillingDate": "2009-03-16", "acceptedDate": "2009-03-16 12:22:59", "calendarYear": "2008", "period": "FY", "revenue": 333528000, "costOfRevenue": 130764000, "grossProfit": 202764000, "grossProfitRatio": 0.6079369648, "researchAndDevelopmentExpenses": 0, "generalAndAdministrativeExpenses": 0, "sellingAndMarketingExpenses": 0, "sellingGeneralAndAdministrativeExpenses": 130289000, "otherExpenses": 11114000, "operatingExpenses": 141403000, "costAndExpenses": 272167000, "interestIncome": -55000, "interestExpense": 60394000, "depreciationAndAmortization": 12122000, "ebitda": 73483000, "ebitdaratio": 0.2203203329, "operatingIncome": 61361000, "operatingIncomeRatio": 0.1839755583, "totalOtherIncomeExpensesNet": -738000, "incomeBeforeTax": 60623000, "incomeBeforeTaxRatio": 0.1817628505, "incomeTaxExpense": 22503000, "netIncome": -21536000, "netIncomeRatio": -0.064570291, "eps": -0.73, "epsdiluted": -0.71, "weightedAverageShsOut": 29575000, "weightedAverageShsOutDil": 30216000, "link": "https://www.sec.gov/Archives/edgar/data/840489/000092623609000014/0000926236-09-000014-index.htm", "finalLink": "https://www.sec.gov/Archives/edgar/data/840489/000092623609000014/fcf08q4.htm", "calculatedOtherExpenses": 11114000, "calculatedOperatingExpenses": 141403000, "calculatedNetInterest": -60449000, "calculatedOtherIncome": 59711000, "calculatedIncomeNonControlling": 59656000, "calculatedEbitda": 73483000}, {"date": "2007-12-31", "symbol": "FCFS", "reportedCurrency": "USD", "cik": "0000840489", "fillingDate": "2008-03-14", "acceptedDate": "2008-03-14 16:44:51", "calendarYear": "2007", "period": "FY", "revenue": 388450000, "costOfRevenue": 193113000, "grossProfit": 195337000, "grossProfitRatio": 0.5028626593, "researchAndDevelopmentExpenses": 0, "generalAndAdministrativeExpenses": 0, "sellingAndMarketingExpenses": 0, "sellingGeneralAndAdministrativeExpenses": 130744000, "otherExpenses": 10803000, "operatingExpenses": 141547000, "costAndExpenses": 334660000, "interestIncome": -78000, "interestExpense": -218000, "depreciationAndAmortization": 11074000, "ebitda": 64864000, "ebitdaratio": 0.1669815935, "operatingIncome": 53790000, "operatingIncomeRatio": 0.13847342, "totalOtherIncomeExpensesNet": -2360000, "incomeBeforeTax": 51430000, "incomeBeforeTaxRatio": 0.132397992, "incomeTaxExpense": 18720000, "netIncome": 35288000, "netIncomeRatio": 0.0908430943, "eps": 1.12, "epsdiluted": 1.08, "weightedAverageShsOut": 31564000, "weightedAverageShsOutDil": 32824000, "link": "https://www.sec.gov/Archives/edgar/data/840489/000092623608000022/0000926236-08-000022-index.htm", "finalLink": "https://www.sec.gov/Archives/edgar/data/840489/000092623608000022/fcf07q4.htm", "calculatedOtherExpenses": 10803000, "calculatedOperatingExpenses": 141547000, "calculatedNetInterest": 140000, "calculatedOtherIncome": -2500000, "calculatedIncomeNonControlling": -2578000, "calculatedEbitda": 64864000}, {"date": "2006-12-31", "symbol": "FCFS", "reportedCurrency": "USD", "cik": "0000840489", "fillingDate": "2007-03-16", "acceptedDate": "2007-03-16 15:52:09", "calendarYear": "2006", "period": "FY", "revenue": 269722000, "costOfRevenue": 106132000, "grossProfit": 163590000, "grossProfitRatio": 0.606513373, "researchAndDevelopmentExpenses": 0, "generalAndAdministrativeExpenses": 0, "sellingAndMarketingExpenses": 0, "sellingGeneralAndAdministrativeExpenses": 105760000, "otherExpenses": 8041000, "operatingExpenses": 113801000, "costAndExpenses": 219933000, "interestIncome": 0, "interestExpense": 189000, "depreciationAndAmortization": 8041000, "ebitda": 57830000, "ebitdaratio": 0.2144059439, "operatingIncome": 49789000, "operatingIncomeRatio": 0.1845937669, "totalOtherIncomeExpensesNet": -189000, "incomeBeforeTax": 49600000, "incomeBeforeTaxRatio": 0.1838930454, "incomeTaxExpense": 17856000, "netIncome": 31744000, "netIncomeRatio": 0.1176915491, "eps": 1.01, "epsdiluted": 0.97, "weightedAverageShsOut": 31429703, "weightedAverageShsOutDil": 32725773, "link": "https://www.sec.gov/Archives/edgar/data/840489/000092623607000023/0000926236-07-000023-index.htm", "finalLink": "https://www.sec.gov/Archives/edgar/data/840489/000092623607000023/fcf06q4.txt", "calculatedOtherExpenses": 8041000, "calculatedOperatingExpenses": 113801000, "calculatedNetInterest": -189000, "calculatedOtherIncome": 0, "calculatedIncomeNonControlling": 0, "calculatedEbitda": 57830000}, {"date": "2005-12-31", "symbol": "FCFS", "reportedCurrency": "USD", "cik": "0000840489", "fillingDate": "2006-03-16", "acceptedDate": "2006-03-16 14:37:22", "calendarYear": "2005", "period": "FY", "revenue": 207775000, "costOfRevenue": 75768000, "grossProfit": 132007000, "grossProfitRatio": 0.6353363013, "researchAndDevelopmentExpenses": 0, "generalAndAdministrativeExpenses": 0, "sellingAndMarketingExpenses": 0, "sellingGeneralAndAdministrativeExpenses": 86842000, "otherExpenses": 5804000, "operatingExpenses": 92646000, "costAndExpenses": 168414000, "interestIncome": 0, "interestExpense": -317000, "depreciationAndAmortization": 5804000, "ebitda": 45165000, "ebitdaratio": 0.2173745638, "operatingIncome": 39361000, "operatingIncomeRatio": 0.1894405005, "totalOtherIncomeExpensesNet": 317000, "incomeBeforeTax": 39678000, "incomeBeforeTaxRatio": 0.1909661894, "incomeTaxExpense": 14295000, "netIncome": 25383000, "netIncomeRatio": 0.1221658044, "eps": 0.81, "epsdiluted": 0.76, "weightedAverageShsOut": 31337037, "weightedAverageShsOutDil": 33398684, "link": "https://www.sec.gov/Archives/edgar/data/840489/000092623606000036/0000926236-06-000036-index.htm", "finalLink": "https://www.sec.gov/Archives/edgar/data/840489/000092623606000036/fcf05q4.txt", "calculatedOtherExpenses": 5804000, "calculatedOperatingExpenses": 92646000, "calculatedNetInterest": 317000, "calculatedOtherIncome": 0, "calculatedIncomeNonControlling": 0, "calculatedEbitda": 45165000}, {"date": "2004-12-31", "symbol": "FCFS", "reportedCurrency": "USD", "cik": "0000840489", "fillingDate": "2005-03-16", "acceptedDate": "2005-03-16 16:38:56", "calendarYear": "2004", "period": "FY", "revenue": 179813000, "costOfRevenue": 63867000, "grossProfit": 115946000, "grossProfitRatio": 0.6448143349, "researchAndDevelopmentExpenses": 0, "generalAndAdministrativeExpenses": 0, "sellingAndMarketingExpenses": 0, "sellingGeneralAndAdministrativeExpenses": 78900000, "otherExpenses": 4173000, "operatingExpenses": 83073000, "costAndExpenses": 146940000, "interestIncome": 0, "interestExpense": 6000, "depreciationAndAmortization": 4173000, "ebitda": 37046000, "ebitdaratio": 0.2060251483, "operatingIncome": 32873000, "operatingIncomeRatio": 0.1828177051, "totalOtherIncomeExpensesNet": -6000, "incomeBeforeTax": 32867000, "incomeBeforeTaxRatio": 0.1827843371, "incomeTaxExpense": 12161000, "netIncome": 20706000, "netIncomeRatio": 0.1151529645, "eps": 0.66, "epsdiluted": 0.61, "weightedAverageShsOut": 31372727, "weightedAverageShsOutDil": 33944262, "link": "https://www.sec.gov/Archives/edgar/data/840489/000092623605000027/0000926236-05-000027-index.htm", "finalLink": "https://www.sec.gov/Archives/edgar/data/840489/000092623605000027/fcf04q4.txt", "calculatedOtherExpenses": 4173000, "calculatedOperatingExpenses": 83073000, "calculatedNetInterest": -6000, "calculatedOtherIncome": 0, "calculatedIncomeNonControlling": 0, "calculatedEbitda": 37046000}, {"date": "2003-12-31", "symbol": "FCFS", "reportedCurrency": "USD", "cik": "0000840489", "fillingDate": "2004-03-12", "acceptedDate": "2004-03-12 16:03:13", "calendarYear": "2003", "period": "FY", "revenue": 145468000, "costOfRevenue": 103036000, "grossProfit": 42432000, "grossProfitRatio": 0.2916930184, "researchAndDevelopmentExpenses": 0, "generalAndAdministrativeExpenses": 0, "sellingAndMarketingExpenses": 0, "sellingGeneralAndAdministrativeExpenses": 14807000, "otherExpenses": 3019000, "operatingExpenses": 17826000, "costAndExpenses": 120862000, "interestIncome": 0, "interestExpense": 234000, "depreciationAndAmortization": 3019000, "ebitda": 27625000, "ebitdaratio": 0.1899043089, "operatingIncome": 24606000, "operatingIncomeRatio": 0.1691506036, "totalOtherIncomeExpensesNet": 123000, "incomeBeforeTax": 24729000, "incomeBeforeTaxRatio": 0.1699961504, "incomeTaxExpense": 9397000, "netIncome": 14975000, "netIncomeRatio": 0.1029436027, "eps": 0.54, "epsdiluted": 0.48, "weightedAverageShsOut": 27990654, "weightedAverageShsOutDil": 31526316, "link": "https://www.sec.gov/Archives/edgar/data/840489/000092623604000034/0000926236-04-000034-index.htm", "finalLink": "https://www.sec.gov/Archives/edgar/data/840489/000092623604000034/fcf03q4.txt", "calculatedOtherExpenses": 3019000, "calculatedOperatingExpenses": 17826000, "calculatedNetInterest": -234000, "calculatedOtherIncome": 357000, "calculatedIncomeNonControlling": 357000, "calculatedEbitda": 27625000}, {"date": "2002-12-31", "symbol": "FCFS", "reportedCurrency": "USD", "cik": "0000840489", "fillingDate": "2003-03-27", "acceptedDate": "2003-03-27 16:27:06", "calendarYear": "2002", "period": "FY", "revenue": 118793000, "costOfRevenue": 86980000, "grossProfit": 31813000, "grossProfitRatio": 0.2678019749, "researchAndDevelopmentExpenses": 0, "generalAndAdministrativeExpenses": 0, "sellingAndMarketingExpenses": 0, "sellingGeneralAndAdministrativeExpenses": 11580000, "otherExpenses": 2548000, "operatingExpenses": 14128000, "costAndExpenses": 101108000, "interestIncome": 0, "interestExpense": 294000, "depreciationAndAmortization": 2548000, "ebitda": 20233000, "ebitdaratio": 0.1703214836, "operatingIncome": 17685000, "operatingIncomeRatio": 0.1488724083, "totalOtherIncomeExpensesNet": -294000, "incomeBeforeTax": 17391000, "incomeBeforeTaxRatio": 0.146397515, "incomeTaxExpense": 6451000, "netIncome": 10940000, "netIncomeRatio": 0.0920929684, "eps": 0.41, "epsdiluted": 0.38, "weightedAverageShsOut": 26467742, "weightedAverageShsOutDil": 28789474, "link": "https://www.sec.gov/Archives/edgar/data/840489/000092623603000039/0000926236-03-000039-index.htm", "finalLink": "https://www.sec.gov/Archives/edgar/data/840489/000092623603000039/fcf02q4.txt", "calculatedOtherExpenses": 2548000, "calculatedOperatingExpenses": 14128000, "calculatedNetInterest": -294000, "calculatedOtherIncome": 0, "calculatedIncomeNonControlling": 0, "calculatedEbitda": 20233000}, {"date": "2001-12-31", "symbol": "FCFS", "reportedCurrency": "USD", "cik": "0000840489", "fillingDate": "2002-03-28", "acceptedDate": "2002-03-28 00:00:00", "calendarYear": "2001", "period": "FY", "revenue": 110427000, "costOfRevenue": 83280000, "grossProfit": 27147000, "grossProfitRatio": 0.245836616, "researchAndDevelopmentExpenses": 0, "generalAndAdministrativeExpenses": 9420000, "sellingAndMarketingExpenses": 0, "sellingGeneralAndAdministrativeExpenses": 9420000, "otherExpenses": 3813000, "operatingExpenses": 13233000, "costAndExpenses": 96513000, "interestIncome": 0, "interestExpense": 1537000, "depreciationAndAmortization": 3813000, "ebitda": 17727000, "ebitdaratio": 0.1605313918, "operatingIncome": 13914000, "operatingIncomeRatio": 0.126001793, "totalOtherIncomeExpensesNet": -1395000, "incomeBeforeTax": 12519000, "incomeBeforeTaxRatio": 0.113369013, "incomeTaxExpense": 4507000, "netIncome": 7870000, "netIncomeRatio": 0.071268802, "eps": 0.3, "epsdiluted": 0.28, "weightedAverageShsOut": 26233333, "weightedAverageShsOutDil": 27776471, "link": "https://www.sec.gov/Archives/edgar/data/840489/000092623602000054/0000926236-02-000054-index.htm", "finalLink": "https://www.sec.gov/Archives/edgar/data/840489/000092623602000054/fcf10k01a.txt", "calculatedOtherExpenses": 3813000, "calculatedOperatingExpenses": 13233000, "calculatedNetInterest": -1537000, "calculatedOtherIncome": 142000, "calculatedIncomeNonControlling": 142000, "calculatedEbitda": 17727000}, {"date": "2000-12-31", "symbol": "FCFS", "reportedCurrency": "USD", "cik": "0000840489", "fillingDate": "2001-03-30", "acceptedDate": "2001-03-30 00:00:00", "calendarYear": "2000", "period": "FY", "revenue": 105858000, "costOfRevenue": 82222000, "grossProfit": 23636000, "grossProfitRatio": 0.2232802433, "researchAndDevelopmentExpenses": 0, "generalAndAdministrativeExpenses": 8387000, "sellingAndMarketingExpenses": 0, "sellingGeneralAndAdministrativeExpenses": 8387000, "otherExpenses": 4483000, "operatingExpenses": 12870000, "costAndExpenses": 95092000, "interestIncome": 0, "interestExpense": 5146000, "depreciationAndAmortization": 4483000, "ebitda": 15249000, "ebitdaratio": 0.1440514652, "operatingIncome": 10766000, "operatingIncomeRatio": 0.1017022804, "totalOtherIncomeExpensesNet": -2859000, "incomeBeforeTax": 7907000, "incomeBeforeTaxRatio": 0.0746944019, "incomeTaxExpense": 3005000, "netIncome": 2615000, "netIncomeRatio": 0.0247029039, "eps": 0.1, "epsdiluted": 0.0967, "weightedAverageShsOut": 26150000, "weightedAverageShsOutDil": 27051724, "link": "https://www.sec.gov/Archives/edgar/data/840489/000092623601000032/0000926236-01-000032-index.htm", "finalLink": "https://www.sec.gov/Archives/edgar/data/840489/000092623601000032/0000926236-01-000032-0001.txt", "calculatedOtherExpenses": 4483000, "calculatedOperatingExpenses": 12870000, "calculatedNetInterest": -5146000, "calculatedOtherIncome": 2287000, "calculatedIncomeNonControlling": 2287000, "calculatedEbitda": 15249000}, {"date": "1999-12-31", "symbol": "FCFS", "reportedCurrency": "USD", "cik": "0000840489", "fillingDate": "2000-03-31", "acceptedDate": "2000-03-31 00:00:00", "calendarYear": "1999", "period": "FY", "revenue": 97751000, "costOfRevenue": 36260000, "grossProfit": 61491000, "grossProfitRatio": 0.6290575032, "researchAndDevelopmentExpenses": 0, "generalAndAdministrativeExpenses": 46110000, "sellingAndMarketingExpenses": 0, "sellingGeneralAndAdministrativeExpenses": 46110000, "otherExpenses": 3090000, "operatingExpenses": 49200000, "costAndExpenses": 85460000, "interestIncome": 0, "interestExpense": 2602000, "depreciationAndAmortization": 3090000, "ebitda": 15381000, "ebitdaratio": 0.1573487739, "operatingIncome": 12291000, "operatingIncomeRatio": 0.1257378441, "totalOtherIncomeExpensesNet": -2602000, "incomeBeforeTax": 9689000, "incomeBeforeTaxRatio": 0.0991191906, "incomeTaxExpense": 3211000, "netIncome": 6478000, "netIncomeRatio": 0.0662704218, "eps": 0.25, "epsdiluted": 0.23, "weightedAverageShsOut": 25912000, "weightedAverageShsOutDil": 27762857, "link": "https://www.sec.gov/Archives/edgar/data/840489/000084048900000009/0000840489-00-000009-index.htm", "finalLink": "https://www.sec.gov/Archives/edgar/data/840489/000084048900000009/", "calculatedOtherExpenses": 3090000, "calculatedOperatingExpenses": 49200000, "calculatedNetInterest": -2602000, "calculatedOtherIncome": 0, "calculatedIncomeNonControlling": 0, "calculatedEbitda": 15381000}, {"date": "1998-07-31", "symbol": "FCFS", "reportedCurrency": "USD", "cik": "0000840489", "fillingDate": "1998-10-27", "acceptedDate": "1998-10-27 00:00:00", "calendarYear": "1998", "period": "FY", "revenue": 59000000, "costOfRevenue": 45100000, "grossProfit": 13900000, "grossProfitRatio": 0.2355932203, "researchAndDevelopmentExpenses": 0, "generalAndAdministrativeExpenses": 0, "sellingAndMarketingExpenses": 0, "sellingGeneralAndAdministrativeExpenses": 4100000, "otherExpenses": 1700000, "operatingExpenses": 5800000, "costAndExpenses": 50900000, "interestIncome": 0, "interestExpense": 2000000, "depreciationAndAmortization": 1700000, "ebitda": 9800000, "ebitdaratio": 0.1661016949, "operatingIncome": 8100000, "operatingIncomeRatio": 0.1372881356, "totalOtherIncomeExpensesNet": -2000000, "incomeBeforeTax": 6100000, "incomeBeforeTaxRatio": 0.1033898305, "incomeTaxExpense": 2300000, "netIncome": 3800000, "netIncomeRatio": 0.0644067797, "eps": 0.25, "epsdiluted": 0.2, "weightedAverageShsOut": 13721953, "weightedAverageShsOutDil": 19322034, "link": "https://www.sec.gov/Archives/edgar/data/840489/000084048998000018/0000840489-98-000018-index.htm", "finalLink": "https://www.sec.gov/Archives/edgar/data/840489/", "calculatedOtherExpenses": 1700000, "calculatedOperatingExpenses": 5800000, "calculatedNetInterest": -2000000, "calculatedOtherIncome": 0, "calculatedIncomeNonControlling": 0, "calculatedEbitda": 9800000}, {"date": "1997-07-31", "symbol": "FCFS", "reportedCurrency": "USD", "cik": "0000840489", "fillingDate": "1997-10-10", "acceptedDate": "1997-10-10 00:00:00", "calendarYear": "1997", "period": "FY", "revenue": 49400000, "costOfRevenue": 38300000, "grossProfit": 11100000, "grossProfitRatio": 0.2246963563, "researchAndDevelopmentExpenses": 0, "generalAndAdministrativeExpenses": 3800000, "sellingAndMarketingExpenses": 0, "sellingGeneralAndAdministrativeExpenses": 3800000, "otherExpenses": 1400000, "operatingExpenses": 5200000, "costAndExpenses": 43500000, "interestIncome": 0, "interestExpense": 2300000, "depreciationAndAmortization": 1400000, "ebitda": 7300000, "ebitdaratio": 0.1477732794, "operatingIncome": 5900000, "operatingIncomeRatio": 0.1194331984, "totalOtherIncomeExpensesNet": -2300000, "incomeBeforeTax": 3600000, "incomeBeforeTaxRatio": 0.0728744939, "incomeTaxExpense": 1300000, "netIncome": 2300000, "netIncomeRatio": 0.0465587045, "eps": 0.2, "epsdiluted": 0.15, "weightedAverageShsOut": 11494253, "weightedAverageShsOutDil": 14992504, "link": "https://www.sec.gov/Archives/edgar/data/840489/000084048997000021/0000840489-97-000021-index.htm", "finalLink": "https://www.sec.gov/Archives/edgar/data/840489/", "calculatedOtherExpenses": 1400000, "calculatedOperatingExpenses": 5200000, "calculatedNetInterest": -2300000, "calculatedOtherIncome": 0, "calculatedIncomeNonControlling": 0, "calculatedEbitda": 7300000}, {"date": "1996-07-31", "symbol": "FCFS", "reportedCurrency": "USD", "cik": "0000840489", "fillingDate": "1996-10-29", "acceptedDate": "1996-10-29 00:00:00", "calendarYear": "1996", "period": "FY", "revenue": 38000000, "costOfRevenue": 29300000, "grossProfit": 8700000, "grossProfitRatio": 0.2289473684, "researchAndDevelopmentExpenses": 0, "generalAndAdministrativeExpenses": 3200000, "sellingAndMarketingExpenses": 0, "sellingGeneralAndAdministrativeExpenses": 3200000, "otherExpenses": 1100000, "operatingExpenses": 4300000, "costAndExpenses": 33600000, "interestIncome": 0, "interestExpense": 2100000, "depreciationAndAmortization": 1100000, "ebitda": 5500000, "ebitdaratio": 0.1447368421, "operatingIncome": 4400000, "operatingIncomeRatio": 0.1157894737, "totalOtherIncomeExpensesNet": -2100000, "incomeBeforeTax": 2300000, "incomeBeforeTaxRatio": 0.0605263158, "incomeTaxExpense": 900000, "netIncome": 1400000, "netIncomeRatio": 0.0368421053, "eps": 0.13, "epsdiluted": 0.13, "weightedAverageShsOut": 11007000, "weightedAverageShsOutDil": 11373624, "link": "https://www.sec.gov/Archives/edgar/data/840489/000084048996000006/0000840489-96-000006-index.html", "finalLink": "https://www.sec.gov/Archives/edgar/data/840489/", "calculatedOtherExpenses": 1100000, "calculatedOperatingExpenses": 4300000, "calculatedNetInterest": -2100000, "calculatedOtherIncome": 0, "calculatedIncomeNonControlling": 0, "calculatedEbitda": 5500000}, {"date": "1995-07-31", "symbol": "FCFS", "reportedCurrency": "USD", "cik": "0000840489", "fillingDate": "1995-07-31", "acceptedDate": "1995-07-31 00:00:00", "calendarYear": "1995", "period": "FY", "revenue": 32200000, "costOfRevenue": 24300000, "grossProfit": 7900000, "grossProfitRatio": 0.2453416149, "researchAndDevelopmentExpenses": 0, "generalAndAdministrativeExpenses": 0, "sellingAndMarketingExpenses": 0, "sellingGeneralAndAdministrativeExpenses": 3000000, "otherExpenses": 1000000, "operatingExpenses": 4000000, "costAndExpenses": 28300000, "interestIncome": 0, "interestExpense": 2200000, "depreciationAndAmortization": 1000000, "ebitda": 4900000, "ebitdaratio": 0.152173913, "operatingIncome": 3900000, "operatingIncomeRatio": 0.1211180124, "totalOtherIncomeExpensesNet": -2200000, "incomeBeforeTax": 1700000, "incomeBeforeTaxRatio": 0.0527950311, "incomeTaxExpense": 600000, "netIncome": 1100000, "netIncomeRatio": 0.0341614907, "eps": 0.1, "epsdiluted": 0.1, "weightedAverageShsOut": 10994503, "weightedAverageShsOutDil": 10994503, "link": null, "finalLink": null, "calculatedOtherExpenses": 1000000, "calculatedOperatingExpenses": 4000000, "calculatedNetInterest": -2200000, "calculatedOtherIncome": 0, "calculatedIncomeNonControlling": 0, "calculatedEbitda": 4900000}, {"date": "1994-07-31", "symbol": "FCFS", "reportedCurrency": "USD", "cik": "0000840489", "fillingDate": "1994-07-31", "acceptedDate": "1994-07-31 00:00:00", "calendarYear": "1994", "period": "FY", "revenue": 20600000, "costOfRevenue": 15600000, "grossProfit": 5000000, "grossProfitRatio": 0.2427184466, "researchAndDevelopmentExpenses": 0, "generalAndAdministrativeExpenses": 0, "sellingAndMarketingExpenses": 0, "sellingGeneralAndAdministrativeExpenses": 1800000, "otherExpenses": 700000, "operatingExpenses": 2500000, "costAndExpenses": 18100000, "interestIncome": 0, "interestExpense": 900000, "depreciationAndAmortization": 700000, "ebitda": 3200000, "ebitdaratio": 0.1553398058, "operatingIncome": 2500000, "operatingIncomeRatio": 0.1213592233, "totalOtherIncomeExpensesNet": -900000, "incomeBeforeTax": 1600000, "incomeBeforeTaxRatio": 0.0776699029, "incomeTaxExpense": 500000, "netIncome": 1100000, "netIncomeRatio": 0.0533980583, "eps": 0.09, "epsdiluted": 0.09, "weightedAverageShsOut": 11105558, "weightedAverageShsOutDil": 11105558, "link": null, "finalLink": null, "calculatedOtherExpenses": 700000, "calculatedOperatingExpenses": 2500000, "calculatedNetInterest": -900000, "calculatedOtherIncome": 0, "calculatedIncomeNonControlling": 0, "calculatedEbitda": 3200000}, {"date": "1993-07-31", "symbol": "FCFS", "reportedCurrency": "USD", "cik": "0000840489", "fillingDate": "1993-07-31", "acceptedDate": "1993-07-31 00:00:00", "calendarYear": "1993", "period": "FY", "revenue": 15800000, "costOfRevenue": 11700000, "grossProfit": 4100000, "grossProfitRatio": 0.2594936709, "researchAndDevelopmentExpenses": 0, "generalAndAdministrativeExpenses": 0, "sellingAndMarketingExpenses": 0, "sellingGeneralAndAdministrativeExpenses": 1200000, "otherExpenses": 600000, "operatingExpenses": 1800000, "costAndExpenses": 13500000, "interestIncome": 0, "interestExpense": 500000, "depreciationAndAmortization": 600000, "ebitda": 2900000, "ebitdaratio": 0.1835443038, "operatingIncome": 2300000, "operatingIncomeRatio": 0.1455696203, "totalOtherIncomeExpensesNet": -500000, "incomeBeforeTax": 1800000, "incomeBeforeTaxRatio": 0.1139240506, "incomeTaxExpense": 800000, "netIncome": 1000000, "netIncomeRatio": 0.0632911392, "eps": 0.1, "epsdiluted": 0.1, "weightedAverageShsOut": 9995002, "weightedAverageShsOutDil": 9995002, "link": null, "finalLink": null, "calculatedOtherExpenses": 600000, "calculatedOperatingExpenses": 1800000, "calculatedNetInterest": -500000, "calculatedOtherIncome": 0, "calculatedIncomeNonControlling": 0, "calculatedEbitda": 2900000}, {"date": "1992-07-31", "symbol": "FCFS", "reportedCurrency": "USD", "cik": "0000840489", "fillingDate": "1992-07-31", "acceptedDate": "1992-07-31 00:00:00", "calendarYear": "1992", "period": "FY", "revenue": 8800000, "costOfRevenue": 6400000, "grossProfit": 2400000, "grossProfitRatio": 0.2727272727, "researchAndDevelopmentExpenses": 0, "generalAndAdministrativeExpenses": 0, "sellingAndMarketingExpenses": 0, "sellingGeneralAndAdministrativeExpenses": 600000, "otherExpenses": 200000, "operatingExpenses": 800000, "costAndExpenses": 7200000, "interestIncome": 0, "interestExpense": 400000, "depreciationAndAmortization": 200000, "ebitda": 1800000, "ebitdaratio": 0.2045454545, "operatingIncome": 1600000, "operatingIncomeRatio": 0.1818181818, "totalOtherIncomeExpensesNet": -400000, "incomeBeforeTax": 1200000, "incomeBeforeTaxRatio": 0.1363636364, "incomeTaxExpense": 500000, "netIncome": 700000, "netIncomeRatio": 0.0795454545, "eps": 0.13, "epsdiluted": 0.13, "weightedAverageShsOut": 5381924, "weightedAverageShsOutDil": 5381924, "link": null, "finalLink": null, "calculatedOtherExpenses": 200000, "calculatedOperatingExpenses": 800000, "calculatedNetInterest": -400000, "calculatedOtherIncome": 0, "calculatedIncomeNonControlling": 0, "calculatedEbitda": 1800000}, {"date": "1991-07-31", "symbol": "FCFS", "reportedCurrency": "USD", "cik": "0000840489", "fillingDate": "1991-07-31", "acceptedDate": "1991-07-31 00:00:00", "calendarYear": "1991", "period": "FY", "revenue": 2100000, "costOfRevenue": 800000, "grossProfit": 1300000, "grossProfitRatio": 0.619047619, "researchAndDevelopmentExpenses": 0, "generalAndAdministrativeExpenses": 0, "sellingAndMarketingExpenses": 0, "sellingGeneralAndAdministrativeExpenses": 1000000, "otherExpenses": 100000, "operatingExpenses": 1100000, "costAndExpenses": 1900000, "interestIncome": 0, "interestExpense": 0, "depreciationAndAmortization": 100000, "ebitda": 300000, "ebitdaratio": 0.1428571429, "operatingIncome": 200000, "operatingIncomeRatio": 0.0952380952, "totalOtherIncomeExpensesNet": 0, "incomeBeforeTax": 0, "incomeBeforeTaxRatio": 0, "incomeTaxExpense": 0, "netIncome": 0, "netIncomeRatio": 0, "eps": 0.0133, "epsdiluted": 0.0133, "weightedAverageShsOut": 4797602, "weightedAverageShsOutDil": 4797602, "link": null, "finalLink": null, "calculatedOtherExpenses": 100000, "calculatedOperatingExpenses": 1100000, "calculatedNetInterest": 0, "calculatedOtherIncome": -200000, "calculatedIncomeNonControlling": 0, "calculatedEbitda": 300000}, {"date": "1990-07-31", "symbol": "FCFS", "reportedCurrency": "USD", "cik": "0000840489", "fillingDate": "1990-07-31", "acceptedDate": "1990-07-31 00:00:00", "calendarYear": "1990", "period": "FY", "revenue": 1400000, "costOfRevenue": 600000, "grossProfit": 800000, "grossProfitRatio": 0.5714285714, "researchAndDevelopmentExpenses": 0, "generalAndAdministrativeExpenses": 0, "sellingAndMarketingExpenses": 0, "sellingGeneralAndAdministrativeExpenses": 600000, "otherExpenses": 0, "operatingExpenses": 600000, "costAndExpenses": 1200000, "interestIncome": 0, "interestExpense": 0, "depreciationAndAmortization": 0, "ebitda": 200000, "ebitdaratio": 0.1428571429, "operatingIncome": 200000, "operatingIncomeRatio": 0.1428571429, "totalOtherIncomeExpensesNet": 0, "incomeBeforeTax": 0, "incomeBeforeTaxRatio": 0, "incomeTaxExpense": 100000, "netIncome": 100000, "netIncomeRatio": 0.0714285714, "eps": -0.06, "epsdiluted": -0.06, "weightedAverageShsOut": 4797602, "weightedAverageShsOutDil": 4797602, "link": null, "finalLink": null, "calculatedOtherExpenses": 0, "calculatedOperatingExpenses": 600000, "calculatedNetInterest": 0, "calculatedOtherIncome": -200000, "calculatedIncomeNonControlling": -200000, "calculatedEbitda": 200000}]}