{"originalCurrency": "USD", "convertedCurrency": "USD", "report": [{"date": "2023-12-31", "symbol": "FCN", "reportedCurrency": "USD", "cik": "0000887936", "fillingDate": "2024-02-22", "acceptedDate": "2024-02-22 07:30:14", "calendarYear": "2023", "period": "FY", "revenue": 3489242000, "costOfRevenue": 2354216000, "grossProfit": 1135026000, "grossProfitRatio": 0.3252930006, "researchAndDevelopmentExpenses": 0, "generalAndAdministrativeExpenses": 728306000, "sellingAndMarketingExpenses": 23000000, "sellingGeneralAndAdministrativeExpenses": 751306000, "otherExpenses": -736000, "operatingExpenses": 757465000, "costAndExpenses": 3111681000, "interestIncome": 5210000, "interestExpense": 14331000, "depreciationAndAmortization": 47238000, "ebitda": 429273000, "ebitdaratio": 0.1230275802, "operatingIncome": 377561000, "operatingIncomeRatio": 0.1082071694, "totalOtherIncomeExpensesNet": -10077000, "incomeBeforeTax": 358363000, "incomeBeforeTaxRatio": 0.1027051147, "incomeTaxExpense": 83471000, "netIncome": 274892000, "netIncomeRatio": 0.078782727, "eps": 8.1, "epsdiluted": 7.71, "weightedAverageShsOut": 33924000, "weightedAverageShsOutDil": 35646000, "link": "https://www.sec.gov/Archives/edgar/data/887936/000088793624000015/0000887936-24-000015-index.htm", "finalLink": "https://www.sec.gov/Archives/edgar/data/887936/000088793624000015/fcn-20231231.htm", "calculatedOtherExpenses": 6159000, "calculatedOperatingExpenses": 757465000, "calculatedNetInterest": -9121000, "calculatedOtherIncome": -10077000, "calculatedIncomeNonControlling": 0, "calculatedEbitda": 424799000}, {"date": "2022-12-31", "symbol": "FCN", "reportedCurrency": "USD", "cik": "0000887936", "fillingDate": "2023-02-23", "acceptedDate": "2023-02-23 07:30:08", "calendarYear": "2022", "period": "FY", "revenue": 3028908000, "costOfRevenue": 2065977000, "grossProfit": 962931000, "grossProfitRatio": 0.3179135847, "researchAndDevelopmentExpenses": 0, "generalAndAdministrativeExpenses": 641070000, "sellingAndMarketingExpenses": 19400000, "sellingGeneralAndAdministrativeExpenses": 641070000, "otherExpenses": 9643000, "operatingExpenses": 650713000, "costAndExpenses": 2716690000, "interestIncome": 3918000, "interestExpense": 10047000, "depreciationAndAmortization": 57799000, "ebitda": 361677000, "ebitdaratio": 0.1194083808, "operatingIncome": 303878000, "operatingIncomeRatio": 0.100325926, "totalOtherIncomeExpensesNet": -6129000, "incomeBeforeTax": 297749000, "incomeBeforeTaxRatio": 0.0983024245, "incomeTaxExpense": 62235000, "netIncome": 235514000, "netIncomeRatio": 0.0777554155, "eps": 6.99, "epsdiluted": 6.58, "weightedAverageShsOut": 33693000, "weightedAverageShsOutDil": 35783000, "link": "https://www.sec.gov/Archives/edgar/data/887936/000088793623000016/0000887936-23-000016-index.htm", "finalLink": "https://www.sec.gov/Archives/edgar/data/887936/000088793623000016/fcn-20221231.htm", "calculatedOtherExpenses": 17983000, "calculatedOperatingExpenses": 659053000, "calculatedNetInterest": -6129000, "calculatedOtherIncome": 0, "calculatedIncomeNonControlling": 0, "calculatedEbitda": 361677000}, {"date": "2021-12-31", "symbol": "FCN", "reportedCurrency": "USD", "cik": "0000887936", "fillingDate": "2022-02-24", "acceptedDate": "2022-02-24 07:29:49", "calendarYear": "2021", "period": "FY", "revenue": 2776222000, "costOfRevenue": 1915507000, "grossProfit": 860715000, "grossProfitRatio": 0.3100310422, "researchAndDevelopmentExpenses": 0, "generalAndAdministrativeExpenses": 537844000, "sellingAndMarketingExpenses": 13000000, "sellingGeneralAndAdministrativeExpenses": 537844000, "otherExpenses": 10823000, "operatingExpenses": 548667000, "costAndExpenses": 2464174000, "interestIncome": 6193000, "interestExpense": 20294000, "depreciationAndAmortization": 51285000, "ebitda": 363333000, "ebitdaratio": 0.1308731795, "operatingIncome": 312048000, "operatingIncomeRatio": 0.1124002331, "totalOtherIncomeExpensesNet": -14101000, "incomeBeforeTax": 297947000, "incomeBeforeTaxRatio": 0.1073210284, "incomeTaxExpense": 62981000, "netIncome": 234966000, "netIncomeRatio": 0.0846351625, "eps": 7.02, "epsdiluted": 6.65, "weightedAverageShsOut": 33488999, "weightedAverageShsOutDil": 35337000, "link": "https://www.sec.gov/Archives/edgar/data/887936/000088793622000013/0000887936-22-000013-index.htm", "finalLink": "https://www.sec.gov/Archives/edgar/data/887936/000088793622000013/fcn-20211231.htm", "calculatedOtherExpenses": 10823000, "calculatedOperatingExpenses": 548667000, "calculatedNetInterest": -14101000, "calculatedOtherIncome": 0, "calculatedIncomeNonControlling": 0, "calculatedEbitda": 363333000}, {"date": "2020-12-31", "symbol": "FCN", "reportedCurrency": "USD", "cik": "0000887936", "fillingDate": "2021-02-25", "acceptedDate": "2021-02-25 16:42:32", "calendarYear": "2020", "period": "FY", "revenue": 2461275000, "costOfRevenue": 1672711000, "grossProfit": 788564000, "grossProfitRatio": 0.3203884166, "researchAndDevelopmentExpenses": 0, "generalAndAdministrativeExpenses": 488411000, "sellingAndMarketingExpenses": 15200000, "sellingGeneralAndAdministrativeExpenses": 488411000, "otherExpenses": 10387000, "operatingExpenses": 498798000, "costAndExpenses": 2171509000, "interestIncome": 3735000, "interestExpense": 20217000, "depreciationAndAmortization": 50151000, "ebitda": 332814000, "ebitdaratio": 0.1352201603, "operatingIncome": 282663000, "operatingIncomeRatio": 0.1148441357, "totalOtherIncomeExpensesNet": -20217000, "incomeBeforeTax": 262446000, "incomeBeforeTaxRatio": 0.1066301003, "incomeTaxExpense": 51764000, "netIncome": 210682000, "netIncomeRatio": 0.0855987242, "eps": 5.92, "epsdiluted": 5.67, "weightedAverageShsOut": 35602000, "weightedAverageShsOutDil": 37149000, "link": "https://www.sec.gov/Archives/edgar/data/887936/000088793621000013/0000887936-21-000013-index.htm", "finalLink": "https://www.sec.gov/Archives/edgar/data/887936/000088793621000013/fcn-20201231.htm", "calculatedOtherExpenses": 17490000, "calculatedOperatingExpenses": 505901000, "calculatedNetInterest": -16482000, "calculatedOtherIncome": -3735000, "calculatedIncomeNonControlling": 0, "calculatedEbitda": 332814000}, {"date": "2019-12-31", "symbol": "FCN", "reportedCurrency": "USD", "cik": "0000887936", "fillingDate": "2020-02-25", "acceptedDate": "2020-02-25 07:30:27", "calendarYear": "2019", "period": "FY", "revenue": 2352717000, "costOfRevenue": 1534896000, "grossProfit": 817821000, "grossProfitRatio": 0.3476070433, "researchAndDevelopmentExpenses": 0, "generalAndAdministrativeExpenses": 504074000, "sellingAndMarketingExpenses": 18600000, "sellingGeneralAndAdministrativeExpenses": 504074000, "otherExpenses": 8152000, "operatingExpenses": 512226000, "costAndExpenses": 2047122000, "interestIncome": 2061000, "interestExpense": 19206000, "depreciationAndAmortization": 40366000, "ebitda": 345961000, "ebitdaratio": 0.1470474349, "operatingIncome": 305595000, "operatingIncomeRatio": 0.1298902503, "totalOtherIncomeExpensesNet": -17145000, "incomeBeforeTax": 288450000, "incomeBeforeTaxRatio": 0.122602931, "incomeTaxExpense": 71724000, "netIncome": 216726000, "netIncomeRatio": 0.0921173265, "eps": 5.89, "epsdiluted": 5.69, "weightedAverageShsOut": 36774000, "weightedAverageShsOutDil": 38111000, "link": "https://www.sec.gov/Archives/edgar/data/887936/000088793620000017/0000887936-20-000017-index.htm", "finalLink": "https://www.sec.gov/Archives/edgar/data/887936/000088793620000017/fti-123119x10k.htm", "calculatedOtherExpenses": 8152000, "calculatedOperatingExpenses": 512226000, "calculatedNetInterest": -17145000, "calculatedOtherIncome": 0, "calculatedIncomeNonControlling": 0, "calculatedEbitda": 345961000}, {"date": "2018-12-31", "symbol": "FCN", "reportedCurrency": "USD", "cik": "0000887936", "fillingDate": "2019-02-27", "acceptedDate": "2019-02-27 07:29:26", "calendarYear": "2018", "period": "FY", "revenue": 2027877000, "costOfRevenue": 1328074000, "grossProfit": 699803000, "grossProfitRatio": 0.3450914429, "researchAndDevelopmentExpenses": 0, "generalAndAdministrativeExpenses": 465636000, "sellingAndMarketingExpenses": 0, "sellingGeneralAndAdministrativeExpenses": 465636000, "otherExpenses": -732000, "operatingExpenses": 473798000, "costAndExpenses": 1801872000, "interestIncome": 4977000, "interestExpense": 27149000, "depreciationAndAmortization": 39698000, "ebitda": 270680000, "ebitdaratio": 0.133479496, "operatingIncome": 226005000, "operatingIncomeRatio": 0.1114490672, "totalOtherIncomeExpensesNet": 3959000, "incomeBeforeTax": 207792000, "incomeBeforeTaxRatio": 0.1024677532, "incomeTaxExpense": 57181000, "netIncome": 150611000, "netIncomeRatio": 0.0742702837, "eps": 4.06, "epsdiluted": 3.93, "weightedAverageShsOut": 37098000, "weightedAverageShsOutDil": 38318000, "link": "https://www.sec.gov/Archives/edgar/data/887936/000088793619000011/0000887936-19-000011-index.htm", "finalLink": "https://www.sec.gov/Archives/edgar/data/887936/000088793619000011/fti-123118x10k.htm", "calculatedOtherExpenses": 8162000, "calculatedOperatingExpenses": 473798000, "calculatedNetInterest": -22172000, "calculatedOtherIncome": 3959000, "calculatedIncomeNonControlling": 0, "calculatedEbitda": 265703000}, {"date": "2017-12-31", "symbol": "FCN", "reportedCurrency": "USD", "cik": "0000887936", "fillingDate": "2018-02-22", "acceptedDate": "2018-02-22 07:56:33", "calendarYear": "2017", "period": "FY", "revenue": 1807732000, "costOfRevenue": 1215560000, "grossProfit": 592172000, "grossProfitRatio": 0.3275773179, "researchAndDevelopmentExpenses": 0, "generalAndAdministrativeExpenses": 429722000, "sellingAndMarketingExpenses": 0, "sellingGeneralAndAdministrativeExpenses": 429722000, "otherExpenses": -139000, "operatingExpenses": 440285000, "costAndExpenses": 1655845000, "interestIncome": 3752000, "interestExpense": 25358000, "depreciationAndAmortization": 41740000, "ebitda": 197379000, "ebitdaratio": 0.1091859855, "operatingIncome": 108711000, "operatingIncomeRatio": 0.0601366796, "totalOtherIncomeExpensesNet": -43176000, "incomeBeforeTax": 87105000, "incomeBeforeTaxRatio": 0.0481846867, "incomeTaxExpense": -20857000, "netIncome": 107962000, "netIncomeRatio": 0.0597223482, "eps": 2.79, "epsdiluted": 2.75, "weightedAverageShsOut": 38697000, "weightedAverageShsOutDil": 39192000, "link": "https://www.sec.gov/Archives/edgar/data/887936/000088793618000005/0000887936-18-000005-index.htm", "finalLink": "https://www.sec.gov/Archives/edgar/data/887936/000088793618000005/fti-123117x10k.htm", "calculatedOtherExpenses": 53739000, "calculatedOperatingExpenses": 483461000, "calculatedNetInterest": -21606000, "calculatedOtherIncome": 0, "calculatedIncomeNonControlling": 0, "calculatedEbitda": 150451000}, {"date": "2016-12-31", "symbol": "FCN", "reportedCurrency": "USD", "cik": "0000887936", "fillingDate": "2017-02-28", "acceptedDate": "2017-02-28 07:32:02", "calendarYear": "2016", "period": "FY", "revenue": 1810394000, "costOfRevenue": 1210771000, "grossProfit": 599623000, "grossProfitRatio": 0.3312113275, "researchAndDevelopmentExpenses": 0, "generalAndAdministrativeExpenses": 434552000, "sellingAndMarketingExpenses": 0, "sellingGeneralAndAdministrativeExpenses": 434552000, "otherExpenses": 1109000, "operatingExpenses": 444858000, "costAndExpenses": 1655629000, "interestIncome": 10466000, "interestExpense": 24819000, "depreciationAndAmortization": 49006000, "ebitda": 214237000, "ebitdaratio": 0.1183372238, "operatingIncome": 142156000, "operatingIncomeRatio": 0.0785221339, "totalOtherIncomeExpensesNet": -12609000, "incomeBeforeTax": 127803000, "incomeBeforeTaxRatio": 0.0705940254, "incomeTaxExpense": 42283000, "netIncome": 85520000, "netIncomeRatio": 0.047238336, "eps": 2.09, "epsdiluted": 2.05, "weightedAverageShsOut": 40943000, "weightedAverageShsOutDil": 41709000, "link": "https://www.sec.gov/Archives/edgar/data/887936/000156459017002713/0001564590-17-002713-index.htm", "finalLink": "https://www.sec.gov/Archives/edgar/data/887936/000156459017002713/fcn-10k_20161231.htm", "calculatedOtherExpenses": 22915000, "calculatedOperatingExpenses": 457467000, "calculatedNetInterest": -14353000, "calculatedOtherIncome": 0, "calculatedIncomeNonControlling": 0, "calculatedEbitda": 191162000}, {"date": "2015-12-31", "symbol": "FCN", "reportedCurrency": "USD", "cik": "0000887936", "fillingDate": "2016-02-25", "acceptedDate": "2016-02-25 07:54:41", "calendarYear": "2015", "period": "FY", "revenue": 1779149000, "costOfRevenue": 1171444000, "grossProfit": 607705000, "grossProfitRatio": 0.3415706048, "researchAndDevelopmentExpenses": 0, "generalAndAdministrativeExpenses": 432668000, "sellingAndMarketingExpenses": 0, "sellingGeneralAndAdministrativeExpenses": 432668000, "otherExpenses": -824000, "operatingExpenses": 444394000, "costAndExpenses": 1615838000, "interestIncome": 3232000, "interestExpense": 42768000, "depreciationAndAmortization": 43118000, "ebitda": 209661000, "ebitdaratio": 0.1178434184, "operatingIncome": 164511000, "operatingIncomeRatio": 0.0924661172, "totalOtherIncomeExpensesNet": -18389000, "incomeBeforeTax": 105386000, "incomeBeforeTaxRatio": 0.0592339371, "incomeTaxExpense": 39333000, "netIncome": 66053000, "netIncomeRatio": 0.0371261766, "eps": 1.62, "epsdiluted": 1.58, "weightedAverageShsOut": 40846000, "weightedAverageShsOutDil": 41729000, "link": "https://www.sec.gov/Archives/edgar/data/887936/000156459016013288/0001564590-16-013288-index.htm", "finalLink": "https://www.sec.gov/Archives/edgar/data/887936/000156459016013288/fcn-10k_20151231.htm", "calculatedOtherExpenses": 10526000, "calculatedOperatingExpenses": 443194000, "calculatedNetInterest": -39536000, "calculatedOtherIncome": -19589000, "calculatedIncomeNonControlling": 0, "calculatedEbitda": 207629000}, {"date": "2014-12-31", "symbol": "FCN", "reportedCurrency": "USD", "cik": "0000887936", "fillingDate": "2015-02-24", "acceptedDate": "2015-02-23 21:10:35", "calendarYear": "2014", "period": "FY", "revenue": 1756212000, "costOfRevenue": 1144757000, "grossProfit": 611455000, "grossProfitRatio": 0.3481669639, "researchAndDevelopmentExpenses": 0, "generalAndAdministrativeExpenses": 433845000, "sellingAndMarketingExpenses": 0, "sellingGeneralAndAdministrativeExpenses": 433845000, "otherExpenses": 1647000, "operatingExpenses": 449366000, "costAndExpenses": 1594123000, "interestIncome": 4670000, "interestExpense": 50685000, "depreciationAndAmortization": 50647000, "ebitda": 217406000, "ebitdaratio": 0.1237925717, "operatingIncome": 147426000, "operatingIncomeRatio": 0.0839454462, "totalOtherIncomeExpensesNet": -14663000, "incomeBeforeTax": 101411000, "incomeBeforeTaxRatio": 0.0577441676, "incomeTaxExpense": 42604000, "netIncome": 58807000, "netIncomeRatio": 0.0334851373, "eps": 1.48, "epsdiluted": 1.44, "weightedAverageShsOut": 39726000, "weightedAverageShsOutDil": 40729000, "link": "https://www.sec.gov/Archives/edgar/data/887936/000119312515058655/0001193125-15-058655-index.htm", "finalLink": "https://www.sec.gov/Archives/edgar/data/887936/000119312515058655/d835042d10k.htm", "calculatedOtherExpenses": 30184000, "calculatedOperatingExpenses": 464029000, "calculatedNetInterest": -46015000, "calculatedOtherIncome": 0, "calculatedIncomeNonControlling": 0, "calculatedEbitda": 198073000}, {"date": "2013-12-31", "symbol": "FCN", "reportedCurrency": "USD", "cik": "0000887936", "fillingDate": "2014-02-24", "acceptedDate": "2014-02-24 06:36:19", "calendarYear": "2013", "period": "FY", "revenue": 1652432000, "costOfRevenue": 1042061000, "grossProfit": 610371000, "grossProfitRatio": 0.3693773783, "researchAndDevelopmentExpenses": 0, "generalAndAdministrativeExpenses": 394681000, "sellingAndMarketingExpenses": 0, "sellingGeneralAndAdministrativeExpenses": 394681000, "otherExpenses": -1365000, "operatingExpenses": 417635000, "costAndExpenses": 1459696000, "interestIncome": 1748000, "interestExpense": 51376000, "depreciationAndAmortization": 55592000, "ebitda": 250076000, "ebitdaratio": 0.1513381489, "operatingIncome": 81439000, "operatingIncomeRatio": 0.0492843276, "totalOtherIncomeExpensesNet": -111297000, "incomeBeforeTax": 31811000, "incomeBeforeTaxRatio": 0.0192510191, "incomeTaxExpense": 42405000, "netIncome": -10594000, "netIncomeRatio": -0.0064111564, "eps": -0.27, "epsdiluted": -0.27, "weightedAverageShsOut": 39188000, "weightedAverageShsOutDil": 39188000, "link": "https://www.sec.gov/Archives/edgar/data/887936/000119312514063706/0001193125-14-063706-index.htm", "finalLink": "https://www.sec.gov/Archives/edgar/data/887936/000119312514063706/d643883d10k.htm", "calculatedOtherExpenses": 134251000, "calculatedOperatingExpenses": 528932000, "calculatedNetInterest": -49628000, "calculatedOtherIncome": 0, "calculatedIncomeNonControlling": 0, "calculatedEbitda": 137031000}, {"date": "2012-12-31", "symbol": "FCN", "reportedCurrency": "USD", "cik": "0000887936", "fillingDate": "2013-02-28", "acceptedDate": "2013-02-28 17:25:10", "calendarYear": "2012", "period": "FY", "revenue": 1576871000, "costOfRevenue": 980532000, "grossProfit": 596339000, "grossProfitRatio": 0.3781786842, "researchAndDevelopmentExpenses": 0, "generalAndAdministrativeExpenses": 378016000, "sellingAndMarketingExpenses": 0, "sellingGeneralAndAdministrativeExpenses": 378016000, "otherExpenses": -941000, "operatingExpenses": 400423000, "costAndExpenses": 1380955000, "interestIncome": 5659000, "interestExpense": 56731000, "depreciationAndAmortization": 56505000, "ebitda": 258080000, "ebitdaratio": 0.1636658928, "operatingIncome": 59036000, "operatingIncomeRatio": 0.0374386998, "totalOtherIncomeExpensesNet": -141730000, "incomeBeforeTax": 3114000, "incomeBeforeTaxRatio": 0.0019747969, "incomeTaxExpense": 40100000, "netIncome": -36986000, "netIncomeRatio": -0.0234553112, "eps": -0.92, "epsdiluted": -0.92, "weightedAverageShsOut": 40202173, "weightedAverageShsOutDil": 40316000, "link": "https://www.sec.gov/Archives/edgar/data/887936/000119312513084880/0001193125-13-084880-index.htm", "finalLink": "https://www.sec.gov/Archives/edgar/data/887936/000119312513084880/d445467d10k.htm", "calculatedOtherExpenses": 159287000, "calculatedOperatingExpenses": 537303000, "calculatedNetInterest": -51072000, "calculatedOtherIncome": -4850000, "calculatedIncomeNonControlling": 0, "calculatedEbitda": 115541000}, {"date": "2011-12-31", "symbol": "FCN", "reportedCurrency": "USD", "cik": "0000887936", "fillingDate": "2012-02-24", "acceptedDate": "2012-02-24 17:00:25", "calendarYear": "2011", "period": "FY", "revenue": 1566768000, "costOfRevenue": 956908000, "grossProfit": 609860000, "grossProfitRatio": 0.3892471636, "researchAndDevelopmentExpenses": 0, "generalAndAdministrativeExpenses": 0, "sellingAndMarketingExpenses": 0, "sellingGeneralAndAdministrativeExpenses": 373295000, "otherExpenses": 22371000, "operatingExpenses": 395666000, "costAndExpenses": 1352574000, "interestIncome": 0, "interestExpense": 58624000, "depreciationAndAmortization": 50953000, "ebitda": 265147000, "ebitdaratio": 0.1692318199, "operatingIncome": 205447000, "operatingIncomeRatio": 0.1311279015, "totalOtherIncomeExpensesNet": -2443000, "incomeBeforeTax": 153127000, "incomeBeforeTaxRatio": 0.0977343168, "incomeTaxExpense": 49224000, "netIncome": 103903000, "netIncomeRatio": 0.0663167744, "eps": 2.53, "epsdiluted": 2.39, "weightedAverageShsOut": 41131000, "weightedAverageShsOutDil": 43473000, "link": "https://www.sec.gov/Archives/edgar/data/887936/000119312512078356/0001193125-12-078356-index.htm", "finalLink": "https://www.sec.gov/Archives/edgar/data/887936/000119312512078356/d258545d10k.htm", "calculatedOtherExpenses": 31118000, "calculatedOperatingExpenses": 404413000, "calculatedNetInterest": -58624000, "calculatedOtherIncome": 6304000, "calculatedIncomeNonControlling": 0, "calculatedEbitda": 256400000}, {"date": "2010-12-31", "symbol": "FCN", "reportedCurrency": "USD", "cik": "0000887936", "fillingDate": "2011-02-25", "acceptedDate": "2011-02-25 17:05:16", "calendarYear": "2010", "period": "FY", "revenue": 1401461000, "costOfRevenue": 815776000, "grossProfit": 585685000, "grossProfitRatio": 0.4179103093, "researchAndDevelopmentExpenses": 0, "generalAndAdministrativeExpenses": 0, "sellingAndMarketingExpenses": 0, "sellingGeneralAndAdministrativeExpenses": 341314000, "otherExpenses": 23910000, "operatingExpenses": 365224000, "costAndExpenses": 1181000000, "interestIncome": 4423000, "interestExpense": 50263000, "depreciationAndAmortization": 79000000, "ebitda": 303884000, "ebitdaratio": 0.2168337185, "operatingIncome": 168441000, "operatingIncomeRatio": 0.1201895736, "totalOtherIncomeExpensesNet": -57181000, "incomeBeforeTax": 117440000, "incomeBeforeTaxRatio": 0.0837982648, "incomeTaxExpense": 45550000, "netIncome": 71890000, "netIncomeRatio": 0.0512964685, "eps": 1.45, "epsdiluted": 1.38, "weightedAverageShsOut": 45557000, "weightedAverageShsOutDil": 47664000, "link": "https://www.sec.gov/Archives/edgar/data/887936/000119312511047591/0001193125-11-047591-index.htm", "finalLink": "https://www.sec.gov/Archives/edgar/data/887936/000119312511047591/d10k.htm", "calculatedOtherExpenses": 75930000, "calculatedOperatingExpenses": 417244000, "calculatedNetInterest": -45840000, "calculatedOtherIncome": -5161000, "calculatedIncomeNonControlling": 0, "calculatedEbitda": 247441000}, {"date": "2009-12-31", "symbol": "FCN", "reportedCurrency": "USD", "cik": "0000887936", "fillingDate": "2010-02-26", "acceptedDate": "2010-02-26 16:37:40", "calendarYear": "2009", "period": "FY", "revenue": 1399946000, "costOfRevenue": 767387000, "grossProfit": 632559000, "grossProfitRatio": 0.4518452855, "researchAndDevelopmentExpenses": 0, "generalAndAdministrativeExpenses": 0, "sellingAndMarketingExpenses": 0, "sellingGeneralAndAdministrativeExpenses": 344318000, "otherExpenses": 24701000, "operatingExpenses": 369019000, "costAndExpenses": 1136406000, "interestIncome": 8408000, "interestExpense": 44923000, "depreciationAndAmortization": 53467000, "ebitda": 325415000, "ebitdaratio": 0.2324482516, "operatingIncome": 263540000, "operatingIncomeRatio": 0.1882501182, "totalOtherIncomeExpensesNet": -36515000, "incomeBeforeTax": 227025000, "incomeBeforeTaxRatio": 0.1621669693, "incomeTaxExpense": 83999000, "netIncome": 143026000, "netIncomeRatio": 0.1021653692, "eps": 2.86, "epsdiluted": 2.7, "weightedAverageShsOut": 49963000, "weightedAverageShsOutDil": 53044000, "link": "https://www.sec.gov/Archives/edgar/data/887936/000119312510043017/0001193125-10-043017-index.htm", "finalLink": "https://www.sec.gov/Archives/edgar/data/887936/000119312510043017/d10k.htm", "calculatedOtherExpenses": 24701000, "calculatedOperatingExpenses": 369019000, "calculatedNetInterest": -36515000, "calculatedOtherIncome": 0, "calculatedIncomeNonControlling": 0, "calculatedEbitda": 317007000}, {"date": "2008-12-31", "symbol": "FCN", "reportedCurrency": "USD", "cik": "0000887936", "fillingDate": "2009-03-02", "acceptedDate": "2009-03-02 15:00:15", "calendarYear": "2008", "period": "FY", "revenue": 1293145000, "costOfRevenue": 705611000, "grossProfit": 587534000, "grossProfitRatio": 0.454345027, "researchAndDevelopmentExpenses": 0, "generalAndAdministrativeExpenses": 0, "sellingAndMarketingExpenses": 0, "sellingGeneralAndAdministrativeExpenses": 330052000, "otherExpenses": 18824000, "operatingExpenses": 348876000, "costAndExpenses": 1054487000, "interestIncome": 8685000, "interestExpense": 41051000, "depreciationAndAmortization": 44861000, "ebitda": 292204000, "ebitdaratio": 0.2259638324, "operatingIncome": 238658000, "operatingIncomeRatio": 0.1845562563, "totalOtherIncomeExpensesNet": -661000, "incomeBeforeTax": 205631000, "incomeBeforeTaxRatio": 0.1590161969, "incomeTaxExpense": 80196000, "netIncome": 125435000, "netIncomeRatio": 0.0969999497, "eps": 2.55, "epsdiluted": 2.34, "weightedAverageShsOut": 49193000, "weightedAverageShsOutDil": 53603000, "link": "https://www.sec.gov/Archives/edgar/data/887936/000119312509042382/0001193125-09-042382-index.htm", "finalLink": "https://www.sec.gov/Archives/edgar/data/887936/000119312509042382/d10k.htm", "calculatedOtherExpenses": 18824000, "calculatedOperatingExpenses": 348876000, "calculatedNetInterest": -32366000, "calculatedOtherIncome": -661000, "calculatedIncomeNonControlling": 0, "calculatedEbitda": 283519000}, {"date": "2007-12-31", "symbol": "FCN", "reportedCurrency": "USD", "cik": "0000887936", "fillingDate": "2008-02-29", "acceptedDate": "2008-02-29 14:28:12", "calendarYear": "2007", "period": "FY", "revenue": 1001270000, "costOfRevenue": 548407000, "grossProfit": 452863000, "grossProfitRatio": 0.4522885935, "researchAndDevelopmentExpenses": 0, "generalAndAdministrativeExpenses": 0, "sellingAndMarketingExpenses": 0, "sellingGeneralAndAdministrativeExpenses": 255238000, "otherExpenses": 10615000, "operatingExpenses": 265853000, "costAndExpenses": 814260000, "interestIncome": 8173000, "interestExpense": -44391000, "depreciationAndAmortization": 29966000, "ebitda": 217978000, "ebitdaratio": 0.2177015191, "operatingIncome": 187010000, "operatingIncomeRatio": 0.1867727985, "totalOtherIncomeExpensesNet": -1002000, "incomeBeforeTax": 149790000, "incomeBeforeTaxRatio": 0.149600008, "incomeTaxExpense": 57669000, "netIncome": 92121000, "netIncomeRatio": 0.0920041547, "eps": 2.14, "epsdiluted": 2, "weightedAverageShsOut": 43028000, "weightedAverageShsOutDil": 45974000, "link": "https://www.sec.gov/Archives/edgar/data/887936/000119312508043417/0001193125-08-043417-index.htm", "finalLink": "https://www.sec.gov/Archives/edgar/data/887936/000119312508043417/d10k.htm", "calculatedOtherExpenses": 10615000, "calculatedOperatingExpenses": 265853000, "calculatedNetInterest": 52564000, "calculatedOtherIncome": -89784000, "calculatedIncomeNonControlling": 0, "calculatedEbitda": 216976000}, {"date": "2006-12-31", "symbol": "FCN", "reportedCurrency": "USD", "cik": "0000887936", "fillingDate": "2007-03-13", "acceptedDate": "2007-03-12 21:24:19", "calendarYear": "2006", "period": "FY", "revenue": 707933000, "costOfRevenue": 389032000, "grossProfit": 318901000, "grossProfitRatio": 0.4504677703, "researchAndDevelopmentExpenses": 0, "generalAndAdministrativeExpenses": 0, "sellingAndMarketingExpenses": 0, "sellingGeneralAndAdministrativeExpenses": 178572000, "otherExpenses": 34147000, "operatingExpenses": 212719000, "costAndExpenses": 601751000, "interestIncome": 2575000, "interestExpense": -29405000, "depreciationAndAmortization": 24372000, "ebitda": 153713000, "ebitdaratio": 0.2171293046, "operatingIncome": 106182000, "operatingIncomeRatio": 0.1499887701, "totalOtherIncomeExpensesNet": -23159000, "incomeBeforeTax": 79165000, "incomeBeforeTaxRatio": 0.1118255541, "incomeTaxExpense": 37141000, "netIncome": 42024000, "netIncomeRatio": 0.0593615498, "eps": 1.06, "epsdiluted": 1.04, "weightedAverageShsOut": 39645283, "weightedAverageShsOutDil": 40407692, "link": "https://www.sec.gov/Archives/edgar/data/887936/000119312507052567/0001193125-07-052567-index.htm", "finalLink": "https://www.sec.gov/Archives/edgar/data/887936/000119312507052567/d10k.htm", "calculatedOtherExpenses": 34147000, "calculatedOperatingExpenses": 212719000, "calculatedNetInterest": 31980000, "calculatedOtherIncome": -58997000, "calculatedIncomeNonControlling": 0, "calculatedEbitda": 130554000}, {"date": "2005-12-31", "symbol": "FCN", "reportedCurrency": "USD", "cik": "0000887936", "fillingDate": "2006-03-07", "acceptedDate": "2006-03-06 18:17:20", "calendarYear": "2005", "period": "FY", "revenue": 539545000, "costOfRevenue": 291592000, "grossProfit": 247953000, "grossProfitRatio": 0.4595594436, "researchAndDevelopmentExpenses": 0, "generalAndAdministrativeExpenses": 0, "sellingAndMarketingExpenses": 0, "sellingGeneralAndAdministrativeExpenses": 127727000, "otherExpenses": 6534000, "operatingExpenses": 134261000, "costAndExpenses": 425853000, "interestIncome": 1875000, "interestExpense": -15064000, "depreciationAndAmortization": 17894000, "ebitda": 134902000, "ebitdaratio": 0.2500291913, "operatingIncome": 113692000, "operatingIncomeRatio": 0.2107182904, "totalOtherIncomeExpensesNet": -3316000, "incomeBeforeTax": 97187000, "incomeBeforeTaxRatio": 0.1801277002, "incomeTaxExpense": 40819000, "netIncome": 56368000, "netIncomeRatio": 0.1044732135, "eps": 1.38, "epsdiluted": 1.35, "weightedAverageShsOut": 40846377, "weightedAverageShsOutDil": 41754074, "link": "https://www.sec.gov/Archives/edgar/data/887936/000119312506046295/0001193125-06-046295-index.htm", "finalLink": "https://www.sec.gov/Archives/edgar/data/887936/000119312506046295/d10k.htm", "calculatedOtherExpenses": 6534000, "calculatedOperatingExpenses": 134261000, "calculatedNetInterest": 16939000, "calculatedOtherIncome": -33444000, "calculatedIncomeNonControlling": 0, "calculatedEbitda": 131586000}, {"date": "2004-12-31", "symbol": "FCN", "reportedCurrency": "USD", "cik": "0000887936", "fillingDate": "2005-03-15", "acceptedDate": "2005-03-15 16:32:01", "calendarYear": "2004", "period": "FY", "revenue": 427005000, "costOfRevenue": 234970000, "grossProfit": 192035000, "grossProfitRatio": 0.4497254131, "researchAndDevelopmentExpenses": 0, "generalAndAdministrativeExpenses": 0, "sellingAndMarketingExpenses": 0, "sellingGeneralAndAdministrativeExpenses": 102060000, "otherExpenses": 11506000, "operatingExpenses": 113566000, "costAndExpenses": 348536000, "interestIncome": 788000, "interestExpense": -6399000, "depreciationAndAmortization": 15949000, "ebitda": 97891000, "ebitdaratio": 0.229250243, "operatingIncome": 78469000, "operatingIncomeRatio": 0.1837659981, "totalOtherIncomeExpensesNet": -3473000, "incomeBeforeTax": 74055000, "incomeBeforeTaxRatio": 0.1734288826, "incomeTaxExpense": 31177000, "netIncome": 42878000, "netIncomeRatio": 0.100415686, "eps": 1.02, "epsdiluted": 1.01, "weightedAverageShsOut": 42037255, "weightedAverageShsOutDil": 42453465, "link": "https://www.sec.gov/Archives/edgar/data/887936/000119312505051105/0001193125-05-051105-index.htm", "finalLink": "https://www.sec.gov/Archives/edgar/data/887936/000119312505051105/d10k.htm", "calculatedOtherExpenses": 11506000, "calculatedOperatingExpenses": 113566000, "calculatedNetInterest": 7187000, "calculatedOtherIncome": -11601000, "calculatedIncomeNonControlling": 0, "calculatedEbitda": 94418000}, {"date": "2003-12-31", "symbol": "FCN", "reportedCurrency": "USD", "cik": "0000887936", "fillingDate": "2004-03-12", "acceptedDate": "2004-03-12 14:42:17", "calendarYear": "2003", "period": "FY", "revenue": 375695000, "costOfRevenue": 176353000, "grossProfit": 199342000, "grossProfitRatio": 0.5305952967, "researchAndDevelopmentExpenses": 0, "generalAndAdministrativeExpenses": 0, "sellingAndMarketingExpenses": 0, "sellingGeneralAndAdministrativeExpenses": 78777000, "otherExpenses": 6740000, "operatingExpenses": 85517000, "costAndExpenses": 261870000, "interestIncome": 1193000, "interestExpense": -5389000, "depreciationAndAmortization": 10683000, "ebitda": 127568000, "ebitdaratio": 0.3395520302, "operatingIncome": 113825000, "operatingIncomeRatio": 0.3029718255, "totalOtherIncomeExpensesNet": -3060000, "incomeBeforeTax": 109629000, "incomeBeforeTaxRatio": 0.2918031914, "incomeTaxExpense": 44838000, "netIncome": 59469000, "netIncomeRatio": 0.1582906347, "eps": 1.45, "epsdiluted": 1.41, "weightedAverageShsOut": 41013103, "weightedAverageShsOutDil": 42176596, "link": "https://www.sec.gov/Archives/edgar/data/887936/000119312504040354/0001193125-04-040354-index.htm", "finalLink": "https://www.sec.gov/Archives/edgar/data/887936/000119312504040354/d10k.htm", "calculatedOtherExpenses": 6740000, "calculatedOperatingExpenses": 85517000, "calculatedNetInterest": 6582000, "calculatedOtherIncome": -10778000, "calculatedIncomeNonControlling": 5322000, "calculatedEbitda": 124508000}, {"date": "2002-12-31", "symbol": "FCN", "reportedCurrency": "USD", "cik": "0000887936", "fillingDate": "2003-03-27", "acceptedDate": "2003-03-27 17:00:46", "calendarYear": "2002", "period": "FY", "revenue": 224113000, "costOfRevenue": 108104000, "grossProfit": 116009000, "grossProfitRatio": 0.5176361925, "researchAndDevelopmentExpenses": 0, "generalAndAdministrativeExpenses": 0, "sellingAndMarketingExpenses": 0, "sellingGeneralAndAdministrativeExpenses": 51647000, "otherExpenses": 1033000, "operatingExpenses": 52680000, "costAndExpenses": 160784000, "interestIncome": 155000, "interestExpense": -4872000, "depreciationAndAmortization": 5980000, "ebitda": 69309000, "ebitdaratio": 0.3092591684, "operatingIncome": 63329000, "operatingIncomeRatio": 0.2825762004, "totalOtherIncomeExpensesNet": -4717000, "incomeBeforeTax": 58612000, "incomeBeforeTaxRatio": 0.2615287824, "incomeTaxExpense": 23704000, "netIncome": 37162000, "netIncomeRatio": 0.1658181364, "eps": 1.16, "epsdiluted": 1.09, "weightedAverageShsOut": 32036207, "weightedAverageShsOutDil": 34093578, "link": "https://www.sec.gov/Archives/edgar/data/887936/000095010903001765/0000950109-03-001765-index.htm", "finalLink": "https://www.sec.gov/Archives/edgar/data/887936/000095010903001765/d10k.htm", "calculatedOtherExpenses": 1033000, "calculatedOperatingExpenses": 52680000, "calculatedNetInterest": 5027000, "calculatedOtherIncome": -9744000, "calculatedIncomeNonControlling": -2254000, "calculatedEbitda": 69309000}, {"date": "2001-12-31", "symbol": "FCN", "reportedCurrency": "USD", "cik": "0000887936", "fillingDate": "2002-03-27", "acceptedDate": "2002-03-27 00:00:00", "calendarYear": "2001", "period": "FY", "revenue": 166359000, "costOfRevenue": 83449000, "grossProfit": 82910000, "grossProfitRatio": 0.4983800095, "researchAndDevelopmentExpenses": 0, "generalAndAdministrativeExpenses": 0, "sellingAndMarketingExpenses": 0, "sellingGeneralAndAdministrativeExpenses": 45591000, "otherExpenses": 5049000, "operatingExpenses": 50640000, "costAndExpenses": 134089000, "interestIncome": 162000, "interestExpense": -4518000, "depreciationAndAmortization": 8916000, "ebitda": 41186000, "ebitdaratio": 0.2475730198, "operatingIncome": 32270000, "operatingIncomeRatio": 0.1939780835, "totalOtherIncomeExpensesNet": -4356000, "incomeBeforeTax": 27914000, "incomeBeforeTaxRatio": 0.1677937473, "incomeTaxExpense": 11445000, "netIncome": 16469000, "netIncomeRatio": 0.098996748, "eps": 0.61, "epsdiluted": 0.56, "weightedAverageShsOut": 26851630, "weightedAverageShsOutDil": 29408929, "link": "https://www.sec.gov/Archives/edgar/data/887936/000095010902001667/0000950109-02-001667-index.htm", "finalLink": "https://www.sec.gov/Archives/edgar/data/887936/000095010902001667/d10k.txt", "calculatedOtherExpenses": 5049000, "calculatedOperatingExpenses": 50640000, "calculatedNetInterest": 4680000, "calculatedOtherIncome": -9036000, "calculatedIncomeNonControlling": 0, "calculatedEbitda": 41186000}, {"date": "2000-12-31", "symbol": "FCN", "reportedCurrency": "USD", "cik": "0000887936", "fillingDate": "2001-03-29", "acceptedDate": "2001-03-29 00:00:00", "calendarYear": "2000", "period": "FY", "revenue": 134764000, "costOfRevenue": 65898000, "grossProfit": 68866000, "grossProfitRatio": 0.5110118429, "researchAndDevelopmentExpenses": 0, "generalAndAdministrativeExpenses": 0, "sellingAndMarketingExpenses": 0, "sellingGeneralAndAdministrativeExpenses": 36732000, "otherExpenses": 7492000, "operatingExpenses": 44224000, "costAndExpenses": 110122000, "interestIncome": 0, "interestExpense": 0, "depreciationAndAmortization": 7492000, "ebitda": 32134000, "ebitdaratio": 0.2384464694, "operatingIncome": 24642000, "operatingIncomeRatio": 0.1828529874, "totalOtherIncomeExpensesNet": -10771000, "incomeBeforeTax": 13871000, "incomeBeforeTaxRatio": 0.1029280817, "incomeTaxExpense": 5917000, "netIncome": 2561000, "netIncomeRatio": 0.0190035915, "eps": -0.05, "epsdiluted": -0.05, "weightedAverageShsOut": 14026056, "weightedAverageShsOutDil": 16325410, "link": "https://www.sec.gov/Archives/edgar/data/887936/000092838501000930/0000928385-01-000930-index.htm", "finalLink": "https://www.sec.gov/Archives/edgar/data/887936/000092838501000930/0000928385-01-000930-0001.txt", "calculatedOtherExpenses": 7492000, "calculatedOperatingExpenses": 44224000, "calculatedNetInterest": 0, "calculatedOtherIncome": -10771000, "calculatedIncomeNonControlling": 5393000, "calculatedEbitda": 32134000}, {"date": "1999-12-31", "symbol": "FCN", "reportedCurrency": "USD", "cik": "0000887936", "fillingDate": "2000-03-30", "acceptedDate": "2000-03-30 00:00:00", "calendarYear": "1999", "period": "FY", "revenue": 84600000, "costOfRevenue": 41600000, "grossProfit": 43000000, "grossProfitRatio": 0.5082742317, "researchAndDevelopmentExpenses": 0, "generalAndAdministrativeExpenses": 0, "sellingAndMarketingExpenses": 0, "sellingGeneralAndAdministrativeExpenses": 28800000, "otherExpenses": 4900000, "operatingExpenses": 33700000, "costAndExpenses": 75300000, "interestIncome": 0, "interestExpense": 0, "depreciationAndAmortization": 4900000, "ebitda": 14200000, "ebitdaratio": 0.1678486998, "operatingIncome": 9300000, "operatingIncomeRatio": 0.109929078, "totalOtherIncomeExpensesNet": -4000000, "incomeBeforeTax": 5300000, "incomeBeforeTaxRatio": 0.0626477541, "incomeTaxExpense": 2300000, "netIncome": 3000000, "netIncomeRatio": 0.0354609929, "eps": 0.27, "epsdiluted": 0.26, "weightedAverageShsOut": 11054528, "weightedAverageShsOutDil": 11429225, "link": "https://www.sec.gov/Archives/edgar/data/887936/000095016900000286/0000950169-00-000286-index.html", "finalLink": "https://www.sec.gov/Archives/edgar/data/887936/000095016900000286/", "calculatedOtherExpenses": 4900000, "calculatedOperatingExpenses": 33700000, "calculatedNetInterest": 0, "calculatedOtherIncome": -4000000, "calculatedIncomeNonControlling": 0, "calculatedEbitda": 14200000}, {"date": "1998-12-31", "symbol": "FCN", "reportedCurrency": "USD", "cik": "0000887936", "fillingDate": "1999-03-31", "acceptedDate": "1999-03-31 00:00:00", "calendarYear": "1998", "period": "FY", "revenue": 58600000, "costOfRevenue": 28400000, "grossProfit": 30200000, "grossProfitRatio": 0.5153583618, "researchAndDevelopmentExpenses": 0, "generalAndAdministrativeExpenses": 0, "sellingAndMarketingExpenses": 0, "sellingGeneralAndAdministrativeExpenses": 21500000, "otherExpenses": 3000000, "operatingExpenses": 24500000, "costAndExpenses": 52900000, "interestIncome": 0, "interestExpense": 0, "depreciationAndAmortization": 3000000, "ebitda": 8400000, "ebitdaratio": 0.1433447099, "operatingIncome": 5700000, "operatingIncomeRatio": 0.0972696246, "totalOtherIncomeExpensesNet": 300000, "incomeBeforeTax": 4600000, "incomeBeforeTaxRatio": 0.0784982935, "incomeTaxExpense": 2000000, "netIncome": 2600000, "netIncomeRatio": 0.0443686007, "eps": 0.24, "epsdiluted": 0.23, "weightedAverageShsOut": 10833333, "weightedAverageShsOutDil": 11470588, "link": "https://www.sec.gov/Archives/edgar/data/887936/000100515099000248/0001005150-99-000248-index.html", "finalLink": "https://www.sec.gov/Archives/edgar/data/887936/", "calculatedOtherExpenses": 3000000, "calculatedOperatingExpenses": 24500000, "calculatedNetInterest": 0, "calculatedOtherIncome": -1100000, "calculatedIncomeNonControlling": 0, "calculatedEbitda": 8700000}, {"date": "1997-12-31", "symbol": "FCN", "reportedCurrency": "USD", "cik": "0000887936", "fillingDate": "1998-03-31", "acceptedDate": "1998-03-31 00:00:00", "calendarYear": "1997", "period": "FY", "revenue": 44200000, "costOfRevenue": 21800000, "grossProfit": 22400000, "grossProfitRatio": 0.5067873303, "researchAndDevelopmentExpenses": 0, "generalAndAdministrativeExpenses": 0, "sellingAndMarketingExpenses": 0, "sellingGeneralAndAdministrativeExpenses": 15200000, "otherExpenses": 1700000, "operatingExpenses": 16900000, "costAndExpenses": 38700000, "interestIncome": 0, "interestExpense": 0, "depreciationAndAmortization": 1700000, "ebitda": 6900000, "ebitdaratio": 0.1561085973, "operatingIncome": 5500000, "operatingIncomeRatio": 0.1244343891, "totalOtherIncomeExpensesNet": 300000, "incomeBeforeTax": 5600000, "incomeBeforeTaxRatio": 0.1266968326, "incomeTaxExpense": 2300000, "netIncome": 3300000, "netIncomeRatio": 0.0746606335, "eps": 0.32, "epsdiluted": 0.31, "weightedAverageShsOut": 10171233, "weightedAverageShsOutDil": 10607143, "link": "https://www.sec.gov/Archives/edgar/data/887936/000100515098000284/0001005150-98-000284-index.html", "finalLink": "https://www.sec.gov/Archives/edgar/data/887936/", "calculatedOtherExpenses": 1700000, "calculatedOperatingExpenses": 16900000, "calculatedNetInterest": 0, "calculatedOtherIncome": 100000, "calculatedIncomeNonControlling": 0, "calculatedEbitda": 7200000}, {"date": "1996-12-31", "symbol": "FCN", "reportedCurrency": "USD", "cik": "0000887936", "fillingDate": "1997-03-31", "acceptedDate": "1997-03-31 00:00:00", "calendarYear": "1996", "period": "FY", "revenue": 30600000, "costOfRevenue": 16200000, "grossProfit": 14400000, "grossProfitRatio": 0.4705882353, "researchAndDevelopmentExpenses": 0, "generalAndAdministrativeExpenses": 0, "sellingAndMarketingExpenses": 0, "sellingGeneralAndAdministrativeExpenses": 10800000, "otherExpenses": 900000, "operatingExpenses": 11700000, "costAndExpenses": 27900000, "interestIncome": 0, "interestExpense": 0, "depreciationAndAmortization": 900000, "ebitda": 3300000, "ebitdaratio": 0.1078431373, "operatingIncome": 2700000, "operatingIncomeRatio": 0.0882352941, "totalOtherIncomeExpensesNet": 300000, "incomeBeforeTax": 2900000, "incomeBeforeTaxRatio": 0.0947712418, "incomeTaxExpense": 1200000, "netIncome": 1700000, "netIncomeRatio": 0.0555555556, "eps": 0.2, "epsdiluted": 0.19, "weightedAverageShsOut": 8500000, "weightedAverageShsOutDil": 9107143, "link": "https://www.sec.gov/Archives/edgar/data/887936/000100515097000214/0001005150-97-000214-index.html", "finalLink": "https://www.sec.gov/Archives/edgar/data/887936/", "calculatedOtherExpenses": 900000, "calculatedOperatingExpenses": 11700000, "calculatedNetInterest": 0, "calculatedOtherIncome": 200000, "calculatedIncomeNonControlling": 0, "calculatedEbitda": 3600000}, {"date": "1995-12-31", "symbol": "FCN", "reportedCurrency": "USD", "cik": "0000887936", "fillingDate": "1995-12-31", "acceptedDate": "1995-12-31 00:00:00", "calendarYear": "1995", "period": "FY", "revenue": 20300000, "costOfRevenue": 8900000, "grossProfit": 11400000, "grossProfitRatio": 0.5615763547, "researchAndDevelopmentExpenses": 0, "generalAndAdministrativeExpenses": 0, "sellingAndMarketingExpenses": 0, "sellingGeneralAndAdministrativeExpenses": 8700000, "otherExpenses": 600000, "operatingExpenses": 9300000, "costAndExpenses": 18200000, "interestIncome": 0, "interestExpense": 0, "depreciationAndAmortization": 600000, "ebitda": 2700000, "ebitdaratio": 0.1330049261, "operatingIncome": 2100000, "operatingIncomeRatio": 0.1034482759, "totalOtherIncomeExpensesNet": -200000, "incomeBeforeTax": 1900000, "incomeBeforeTaxRatio": 0.0935960591, "incomeTaxExpense": 800000, "netIncome": 700000, "netIncomeRatio": 0.0344827586, "eps": 0.12, "epsdiluted": 0.11, "weightedAverageShsOut": 5827506, "weightedAverageShsOutDil": 6555965, "link": null, "finalLink": null, "calculatedOtherExpenses": 600000, "calculatedOperatingExpenses": 9300000, "calculatedNetInterest": 0, "calculatedOtherIncome": -200000, "calculatedIncomeNonControlling": 400000, "calculatedEbitda": 2700000}]}