{"originalCurrency": "USD", "convertedCurrency": "USD", "report": [{"date": "2023-12-31", "symbol": "FCNCA", "reportedCurrency": "USD", "cik": "0000798941", "fillingDate": "2024-02-23", "acceptedDate": "2024-02-23 16:20:20", "calendarYear": "2023", "period": "FY", "revenue": 11588000000, "costOfRevenue": 3524000000, "grossProfit": 8064000000, "grossProfitRatio": 0.6958923024, "researchAndDevelopmentExpenses": 0, "generalAndAdministrativeExpenses": 3016000000, "sellingAndMarketingExpenses": 102000000, "sellingGeneralAndAdministrativeExpenses": 3118000000, "otherExpenses": -970000000, "operatingExpenses": 970000000, "costAndExpenses": 9340000000, "interestIncome": 10391000000, "interestExpense": 1180000000, "depreciationAndAmortization": -57000000, "ebitda": 971000000, "ebitdaratio": 0.0837935796, "operatingIncome": 971000000, "operatingIncomeRatio": 0.0837935796, "totalOtherIncomeExpensesNet": 12077000000, "incomeBeforeTax": 12077000000, "incomeBeforeTaxRatio": 1.0421988264, "incomeTaxExpense": 611000000, "netIncome": 11466000000, "netIncomeRatio": 0.9894718674, "eps": 785.18, "epsdiluted": 784.55, "weightedAverageShsOut": 14527902, "weightedAverageShsOutDil": 14539613, "link": "https://www.sec.gov/Archives/edgar/data/798941/000079894124000018/0000798941-24-000018-index.htm", "finalLink": "https://www.sec.gov/Archives/edgar/data/798941/000079894124000018/fcnca-20231231.htm", "calculatedOtherExpenses": 3975000000, "calculatedOperatingExpenses": 7093000000, "calculatedNetInterest": 9211000000, "calculatedOtherIncome": 1895000000, "calculatedIncomeNonControlling": 0, "calculatedEbitda": 914000000}, {"date": "2022-12-31", "symbol": "FCNCA", "reportedCurrency": "USD", "cik": "0000798941", "fillingDate": "2023-02-24", "acceptedDate": "2023-02-24 15:29:15", "calendarYear": "2022", "period": "FY", "revenue": 4541000000, "costOfRevenue": 1995000000, "grossProfit": 2546000000, "grossProfitRatio": 0.5606694561, "researchAndDevelopmentExpenses": 0, "generalAndAdministrativeExpenses": 1616000000, "sellingAndMarketingExpenses": 53000000, "sellingGeneralAndAdministrativeExpenses": 1669000000, "otherExpenses": -504000000, "operatingExpenses": 110000000, "costAndExpenses": 110000000, "interestIncome": 3413000000, "interestExpense": 467000000, "depreciationAndAmortization": 533000000, "ebitda": 3308000000, "ebitdaratio": 0.7284739044, "operatingIncome": 2775000000, "operatingIncomeRatio": 0.6110988769, "totalOtherIncomeExpensesNet": -1413000000, "incomeBeforeTax": 1362000000, "incomeBeforeTaxRatio": 0.2999339353, "incomeTaxExpense": 264000000, "netIncome": 1098000000, "netIncomeRatio": 0.241796961, "eps": 67.47, "epsdiluted": 67.4, "weightedAverageShsOut": 15531924, "weightedAverageShsOutDil": 15549944, "link": "https://www.sec.gov/Archives/edgar/data/798941/000079894123000017/0000798941-23-000017-index.htm", "finalLink": "https://www.sec.gov/Archives/edgar/data/798941/000079894123000017/fcnca-20221231.htm", "calculatedOtherExpenses": -1898000000, "calculatedOperatingExpenses": -229000000, "calculatedNetInterest": 2946000000, "calculatedOtherIncome": -4359000000, "calculatedIncomeNonControlling": 0, "calculatedEbitda": 3308000000}, {"date": "2021-12-31", "symbol": "FCNCA", "reportedCurrency": "USD", "cik": "0000798941", "fillingDate": "2022-02-25", "acceptedDate": "2022-02-25 16:02:15", "calendarYear": "2021", "period": "FY", "revenue": 1838593000, "costOfRevenue": 0, "grossProfit": 1838593000, "grossProfitRatio": 1, "researchAndDevelopmentExpenses": 0, "generalAndAdministrativeExpenses": 772985000, "sellingAndMarketingExpenses": 9763000, "sellingGeneralAndAdministrativeExpenses": 772985000, "otherExpenses": -1909917000, "operatingExpenses": -1136932000, "costAndExpenses": -1136932000, "interestIncome": 1451010000, "interestExpense": 60676000, "depreciationAndAmortization": 132167000, "ebitda": 833828000, "ebitdaratio": 0.4535141818, "operatingIncome": 701661000, "operatingIncomeRatio": 0.381629322, "totalOtherIncomeExpensesNet": 701661000, "incomeBeforeTax": 701661000, "incomeBeforeTaxRatio": 0.381629322, "incomeTaxExpense": 154202000, "netIncome": 547000000, "netIncomeRatio": 0.2975101069, "eps": 53.88, "epsdiluted": 53.88, "weightedAverageShsOut": 9816405, "weightedAverageShsOutDil": 9816405, "link": "https://www.sec.gov/Archives/edgar/data/798941/000079894122000014/0000798941-22-000014-index.htm", "finalLink": "https://www.sec.gov/Archives/edgar/data/798941/000079894122000014/fcnca-20211231.htm", "calculatedOtherExpenses": 363947000, "calculatedOperatingExpenses": 1136932000, "calculatedNetInterest": 1390334000, "calculatedOtherIncome": -1390334000, "calculatedIncomeNonControlling": 459000, "calculatedEbitda": 833828000}, {"date": "2020-12-31", "symbol": "FCNCA", "reportedCurrency": "USD", "cik": "0000798941", "fillingDate": "2021-02-24", "acceptedDate": "2021-02-24 16:57:04", "calendarYear": "2020", "period": "FY", "revenue": 1864919000, "costOfRevenue": 0, "grossProfit": 1864919000, "grossProfitRatio": 1, "researchAndDevelopmentExpenses": 0, "generalAndAdministrativeExpenses": 747144000, "sellingAndMarketingExpenses": 10010000, "sellingGeneralAndAdministrativeExpenses": 757154000, "otherExpenses": -2004191000, "operatingExpenses": -1247037000, "costAndExpenses": -1247037000, "interestIncome": 1484026000, "interestExpense": 95857000, "depreciationAndAmortization": 141442000, "ebitda": 759324000, "ebitdaratio": 0.4071619196, "operatingIncome": 617882000, "operatingIncomeRatio": 0.3313184111, "totalOtherIncomeExpensesNet": 617882000, "incomeBeforeTax": 617882000, "incomeBeforeTaxRatio": 0.3313184111, "incomeTaxExpense": 126159000, "netIncome": 492000000, "netIncomeRatio": 0.2638184286, "eps": 47.5, "epsdiluted": 47.5, "weightedAverageShsOut": 10056654, "weightedAverageShsOutDil": 10056654, "link": "https://www.sec.gov/Archives/edgar/data/798941/000079894121000014/0000798941-21-000014-index.htm", "finalLink": "https://www.sec.gov/Archives/edgar/data/798941/000079894121000014/fcnca-20201231.htm", "calculatedOtherExpenses": 489883000, "calculatedOperatingExpenses": 1247037000, "calculatedNetInterest": 1388169000, "calculatedOtherIncome": -1388169000, "calculatedIncomeNonControlling": -277000, "calculatedEbitda": 759324000}, {"date": "2019-12-31", "symbol": "FCNCA", "reportedCurrency": "USD", "cik": "0000798941", "fillingDate": "2020-02-26", "acceptedDate": "2020-02-26 09:59:39", "calendarYear": "2019", "period": "FY", "revenue": 1727230000, "costOfRevenue": 0, "grossProfit": 1727230000, "grossProfitRatio": 1, "researchAndDevelopmentExpenses": 0, "generalAndAdministrativeExpenses": 691668000, "sellingAndMarketingExpenses": 11437000, "sellingGeneralAndAdministrativeExpenses": 703105000, "otherExpenses": -1838287000, "operatingExpenses": -1135182000, "costAndExpenses": -1135182000, "interestIncome": 1404011000, "interestExpense": 92642000, "depreciationAndAmortization": 127689000, "ebitda": 719737000, "ebitdaratio": 0.41670015, "operatingIncome": 592048000, "operatingIncomeRatio": 0.3427731107, "totalOtherIncomeExpensesNet": 592048000, "incomeBeforeTax": 592048000, "incomeBeforeTaxRatio": 0.3427731107, "incomeTaxExpense": 134677000, "netIncome": 457371000, "netIncomeRatio": 0.2648002872, "eps": 41.05, "epsdiluted": 41.05, "weightedAverageShsOut": 11141069, "weightedAverageShsOutDil": 11141069, "link": "https://www.sec.gov/Archives/edgar/data/798941/000079894120000014/0000798941-20-000014-index.htm", "finalLink": "https://www.sec.gov/Archives/edgar/data/798941/000079894120000014/fcnca10k12312019.htm", "calculatedOtherExpenses": 432077000, "calculatedOperatingExpenses": 1135182000, "calculatedNetInterest": 1311369000, "calculatedOtherIncome": -1311369000, "calculatedIncomeNonControlling": 0, "calculatedEbitda": 719737000}, {"date": "2018-12-31", "symbol": "FCNCA", "reportedCurrency": "USD", "cik": "0000798941", "fillingDate": "2019-02-20", "acceptedDate": "2019-02-20 14:11:35", "calendarYear": "2018", "period": "FY", "revenue": 1609049000, "costOfRevenue": 56570000, "grossProfit": 1552479000, "grossProfitRatio": 0.9648425871, "researchAndDevelopmentExpenses": 0, "generalAndAdministrativeExpenses": 664784000, "sellingAndMarketingExpenses": 11650000, "sellingGeneralAndAdministrativeExpenses": 664784000, "otherExpenses": -1676796000, "operatingExpenses": -1012012000, "costAndExpenses": -1012012000, "interestIncome": 1245757000, "interestExpense": 36857000, "depreciationAndAmortization": 120429000, "ebitda": 660896000, "ebitdaratio": 0.4107370254, "operatingIncome": 540467000, "operatingIncomeRatio": 0.3358921947, "totalOtherIncomeExpensesNet": -36857000, "incomeBeforeTax": 503610000, "incomeBeforeTaxRatio": 0.3129861179, "incomeTaxExpense": 103297000, "netIncome": 400313000, "netIncomeRatio": 0.2487885701, "eps": 33.53, "epsdiluted": 33.53, "weightedAverageShsOut": 11938439, "weightedAverageShsOutDil": 11938439, "link": "https://www.sec.gov/Archives/edgar/data/798941/000079894119000009/0000798941-19-000009-index.htm", "finalLink": "https://www.sec.gov/Archives/edgar/data/798941/000079894119000009/fcnca_10kx12312018.htm", "calculatedOtherExpenses": 347228000, "calculatedOperatingExpenses": 1012012000, "calculatedNetInterest": 1208900000, "calculatedOtherIncome": -1245757000, "calculatedIncomeNonControlling": 0, "calculatedEbitda": 660896000}, {"date": "2017-12-31", "symbol": "FCNCA", "reportedCurrency": "USD", "cik": "0000798941", "fillingDate": "2018-02-21", "acceptedDate": "2018-02-21 15:48:02", "calendarYear": "2017", "period": "FY", "revenue": 1566180000, "costOfRevenue": 0, "grossProfit": 1566180000, "grossProfitRatio": 1, "researchAndDevelopmentExpenses": 0, "generalAndAdministrativeExpenses": 610636000, "sellingAndMarketingExpenses": 11227000, "sellingGeneralAndAdministrativeExpenses": 610636000, "otherExpenses": -204701000, "operatingExpenses": 204701000, "costAndExpenses": 1072940000, "interestIncome": 1103690000, "interestExpense": 43794000, "depreciationAndAmortization": 113646000, "ebitda": 657344000, "ebitdaratio": 0.4197116551, "operatingIncome": 543698000, "operatingIncomeRatio": 0.3471491144, "totalOtherIncomeExpensesNet": 543698000, "incomeBeforeTax": 543698000, "incomeBeforeTaxRatio": 0.3471491144, "incomeTaxExpense": 219946000, "netIncome": 323752000, "netIncomeRatio": 0.2067144262, "eps": 26.96, "epsdiluted": 26.96, "weightedAverageShsOut": 12010405, "weightedAverageShsOutDil": 12010405, "link": "https://www.sec.gov/Archives/edgar/data/798941/000079894118000006/0000798941-18-000006-index.htm", "finalLink": "https://www.sec.gov/Archives/edgar/data/798941/000079894118000006/fcnca_10kx12312017.htm", "calculatedOtherExpenses": 411846000, "calculatedOperatingExpenses": 1022482000, "calculatedNetInterest": 1059896000, "calculatedOtherIncome": -1059896000, "calculatedIncomeNonControlling": 0, "calculatedEbitda": 657344000}, {"date": "2016-12-31", "symbol": "FCNCA", "reportedCurrency": "USD", "cik": "0000798941", "fillingDate": "2017-02-22", "acceptedDate": "2017-02-22 15:06:13", "calendarYear": "2016", "period": "FY", "revenue": 1426915000, "costOfRevenue": 0, "grossProfit": 1426915000, "grossProfitRatio": 1, "researchAndDevelopmentExpenses": 0, "generalAndAdministrativeExpenses": 553836000, "sellingAndMarketingExpenses": 10239000, "sellingGeneralAndAdministrativeExpenses": 553836000, "otherExpenses": -297198000, "operatingExpenses": 297198000, "costAndExpenses": 1101200000, "interestIncome": 987757000, "interestExpense": 43082000, "depreciationAndAmortization": 110585000, "ebitda": 461652000, "ebitdaratio": 0.3235315348, "operatingIncome": 351067000, "operatingIncomeRatio": 0.2460321743, "totalOtherIncomeExpensesNet": 351067000, "incomeBeforeTax": 351067000, "incomeBeforeTaxRatio": 0.2460321743, "incomeTaxExpense": 125585000, "netIncome": 225482000, "netIncomeRatio": 0.1580206249, "eps": 18.77, "epsdiluted": 18.77, "weightedAverageShsOut": 12010405, "weightedAverageShsOutDil": 12010405, "link": "https://www.sec.gov/Archives/edgar/data/798941/000079894117000007/0000798941-17-000007-index.htm", "finalLink": "https://www.sec.gov/Archives/edgar/data/798941/000079894117000007/fcnca_10kx12312016.htm", "calculatedOtherExpenses": 522012000, "calculatedOperatingExpenses": 1075848000, "calculatedNetInterest": 944675000, "calculatedOtherIncome": -944675000, "calculatedIncomeNonControlling": 0, "calculatedEbitda": 461652000}, {"date": "2015-12-31", "symbol": "FCNCA", "reportedCurrency": "USD", "cik": "0000798941", "fillingDate": "2016-02-24", "acceptedDate": "2016-02-24 11:25:09", "calendarYear": "2015", "period": "FY", "revenue": 1349063000, "costOfRevenue": 0, "grossProfit": 1349063000, "grossProfitRatio": 1, "researchAndDevelopmentExpenses": 0, "generalAndAdministrativeExpenses": 561391000, "sellingAndMarketingExpenses": 12431000, "sellingGeneralAndAdministrativeExpenses": 561391000, "otherExpenses": 0, "operatingExpenses": 995230000, "costAndExpenses": 995230000, "interestIncome": 969209000, "interestExpense": 44304000, "depreciationAndAmortization": 110611000, "ebitda": 443025000, "ebitdaratio": 0.3283945968, "operatingIncome": 332414000, "operatingIncomeRatio": 0.246403615, "totalOtherIncomeExpensesNet": -1140000, "incomeBeforeTax": 332414000, "incomeBeforeTaxRatio": 0.246403615, "incomeTaxExpense": 122028000, "netIncome": 210386000, "netIncomeRatio": 0.1559497221, "eps": 17.52, "epsdiluted": 17.52, "weightedAverageShsOut": 12010405, "weightedAverageShsOutDil": 12010405, "link": "https://www.sec.gov/Archives/edgar/data/798941/000079894116000034/0000798941-16-000034-index.htm", "finalLink": "https://www.sec.gov/Archives/edgar/data/798941/000079894116000034/fcnca_10kx12312015.htm", "calculatedOtherExpenses": 455258000, "calculatedOperatingExpenses": 1016649000, "calculatedNetInterest": 924905000, "calculatedOtherIncome": -924905000, "calculatedIncomeNonControlling": 0, "calculatedEbitda": 443025000}, {"date": "2014-12-31", "symbol": "FCNCA", "reportedCurrency": "USD", "cik": "0000798941", "fillingDate": "2015-02-25", "acceptedDate": "2015-02-25 15:51:25", "calendarYear": "2014", "period": "FY", "revenue": 1050523000, "costOfRevenue": 0, "grossProfit": 1050523000, "grossProfitRatio": 1, "researchAndDevelopmentExpenses": 0, "generalAndAdministrativeExpenses": 442156000, "sellingAndMarketingExpenses": 11461000, "sellingGeneralAndAdministrativeExpenses": 442156000, "otherExpenses": 0, "operatingExpenses": 849925999, "costAndExpenses": 849925999, "interestIncome": 760448000, "interestExpense": 50351000, "depreciationAndAmortization": 82436000, "ebitda": 286030000, "ebitdaratio": 0.2722739055, "operatingIncome": 203594000, "operatingIncomeRatio": 0.1938025155, "totalOtherIncomeExpensesNet": -44261000, "incomeBeforeTax": 203594000, "incomeBeforeTaxRatio": 0.1938025155, "incomeTaxExpense": 65032000, "netIncome": 138562000, "netIncomeRatio": 0.1318981117, "eps": 13.56, "epsdiluted": 13.56, "weightedAverageShsOut": 10221721, "weightedAverageShsOutDil": 10221721, "link": "https://www.sec.gov/Archives/edgar/data/798941/000079894115000009/0000798941-15-000009-index.htm", "finalLink": "https://www.sec.gov/Archives/edgar/data/798941/000079894115000009/fcnca_10kx12312014.htm", "calculatedOtherExpenses": 404773000, "calculatedOperatingExpenses": 846929000, "calculatedNetInterest": 710097000, "calculatedOtherIncome": -710097000, "calculatedIncomeNonControlling": 0, "calculatedEbitda": 286030000}, {"date": "2013-12-31", "symbol": "FCNCA", "reportedCurrency": "USD", "cik": "0000798941", "fillingDate": "2014-02-26", "acceptedDate": "2014-02-26 12:50:11", "calendarYear": "2013", "period": "FY", "revenue": 1003789000, "costOfRevenue": 0, "grossProfit": 1003789000, "grossProfitRatio": 1, "researchAndDevelopmentExpenses": 0, "generalAndAdministrativeExpenses": 409595000, "sellingAndMarketingExpenses": 8286000, "sellingGeneralAndAdministrativeExpenses": 409595000, "otherExpenses": 0, "operatingExpenses": 771380000, "costAndExpenses": 771380000, "interestIncome": 796804000, "interestExpense": 56618000, "depreciationAndAmortization": 70841000, "ebitda": 335505000, "ebitdaratio": 0.3342385701, "operatingIncome": 264664000, "operatingIncomeRatio": 0.2636649734, "totalOtherIncomeExpensesNet": -27700000, "incomeBeforeTax": 264664000, "incomeBeforeTaxRatio": 0.2636649734, "incomeTaxExpense": 96965000, "netIncome": 167699000, "netIncomeRatio": 0.167065987, "eps": 17.43, "epsdiluted": 17.43, "weightedAverageShsOut": 9618952, "weightedAverageShsOutDil": 9618952, "link": "https://www.sec.gov/Archives/edgar/data/798941/000079894114000011/0000798941-14-000011-index.htm", "finalLink": "https://www.sec.gov/Archives/edgar/data/798941/000079894114000011/fcnca_10kx12312013.htm", "calculatedOtherExpenses": 329530000, "calculatedOperatingExpenses": 739125000, "calculatedNetInterest": 740186000, "calculatedOtherIncome": -740186000, "calculatedIncomeNonControlling": 0, "calculatedEbitda": 335505000}, {"date": "2012-12-31", "symbol": "FCNCA", "reportedCurrency": "USD", "cik": "0000798941", "fillingDate": "2013-03-01", "acceptedDate": "2013-03-01 15:29:33", "calendarYear": "2012", "period": "FY", "revenue": 1103988000, "costOfRevenue": 0, "grossProfit": 1103988000, "grossProfitRatio": 1, "researchAndDevelopmentExpenses": 0, "generalAndAdministrativeExpenses": 396848000, "sellingAndMarketingExpenses": 3897000, "sellingGeneralAndAdministrativeExpenses": 396848000, "otherExpenses": 0, "operatingExpenses": 767233000, "costAndExpenses": 767233000, "interestIncome": 1004836000, "interestExpense": 90148000, "depreciationAndAmortization": 68941000, "ebitda": 263111000, "ebitdaratio": 0.2383277717, "operatingIncome": 194170000, "operatingIncomeRatio": 0.1758805349, "totalOtherIncomeExpensesNet": -52401000, "incomeBeforeTax": 194170000, "incomeBeforeTaxRatio": 0.1758805349, "incomeTaxExpense": 59822000, "netIncome": 134348000, "netIncomeRatio": 0.1216933517, "eps": 13.11, "epsdiluted": 13.11, "weightedAverageShsOut": 10244472, "weightedAverageShsOutDil": 10244472, "link": "https://www.sec.gov/Archives/edgar/data/798941/000079894113000007/0000798941-13-000007-index.htm", "finalLink": "https://www.sec.gov/Archives/edgar/data/798941/000079894113000007/fcnca_10kx12312012.htm", "calculatedOtherExpenses": 512970000, "calculatedOperatingExpenses": 909818000, "calculatedNetInterest": 914688000, "calculatedOtherIncome": -914688000, "calculatedIncomeNonControlling": 0, "calculatedEbitda": 263111000}, {"date": "2011-12-31", "symbol": "FCNCA", "reportedCurrency": "USD", "cik": "0000798941", "fillingDate": "2012-03-07", "acceptedDate": "2012-03-07 16:55:39", "calendarYear": "2011", "period": "FY", "revenue": 1184916000, "costOfRevenue": 0, "grossProfit": 1184916000, "grossProfitRatio": 1, "researchAndDevelopmentExpenses": 0, "generalAndAdministrativeExpenses": 516536000, "sellingAndMarketingExpenses": 7957000, "sellingGeneralAndAdministrativeExpenses": 524493000, "otherExpenses": -150417000, "operatingExpenses": 374076000, "costAndExpenses": 374076000, "interestIncome": 1015159000, "interestExpense": 144192000, "depreciationAndAmortization": 65170000, "ebitda": 375301000, "ebitdaratio": 0.3167321565, "operatingIncome": 310131000, "operatingIncomeRatio": 0.2617324772, "totalOtherIncomeExpensesNet": 0, "incomeBeforeTax": 310131000, "incomeBeforeTaxRatio": 0.2617324772, "incomeTaxExpense": 115103000, "netIncome": 195028000, "netIncomeRatio": 0.164592258, "eps": 18.8, "epsdiluted": 18.8, "weightedAverageShsOut": 10376445, "weightedAverageShsOutDil": 10376445, "link": "https://www.sec.gov/Archives/edgar/data/798941/000079894112000008/0000798941-12-000008-index.htm", "finalLink": "https://www.sec.gov/Archives/edgar/data/798941/000079894112000008/fcnca_10kx12312011.htm", "calculatedOtherExpenses": 350292000, "calculatedOperatingExpenses": 874785000, "calculatedNetInterest": 870967000, "calculatedOtherIncome": -870967000, "calculatedIncomeNonControlling": 0, "calculatedEbitda": 375301000}, {"date": "2010-12-31", "symbol": "FCNCA", "reportedCurrency": "USD", "cik": "0000798941", "fillingDate": "2011-03-01", "acceptedDate": "2011-03-01 12:59:11", "calendarYear": "2010", "period": "FY", "revenue": 774243000, "costOfRevenue": 0, "grossProfit": 774243000, "grossProfitRatio": 1, "researchAndDevelopmentExpenses": 0, "generalAndAdministrativeExpenses": 385797000, "sellingAndMarketingExpenses": 0, "sellingGeneralAndAdministrativeExpenses": 385797000, "otherExpenses": -136000000, "operatingExpenses": 249797000, "costAndExpenses": 249797000, "interestIncome": 969368000, "interestExpense": 195125000, "depreciationAndAmortization": 68964000, "ebitda": 372526000, "ebitdaratio": 0.4811486833, "operatingIncome": 303562000, "operatingIncomeRatio": 0.3920758728, "totalOtherIncomeExpensesNet": 0, "incomeBeforeTax": 303562000, "incomeBeforeTaxRatio": 0.3920758728, "incomeTaxExpense": 110518000, "netIncome": 193044000, "netIncomeRatio": 0.2493325739, "eps": 18.5, "epsdiluted": 18.5, "weightedAverageShsOut": 10434811, "weightedAverageShsOutDil": 10434811, "link": "https://www.sec.gov/Archives/edgar/data/798941/000119312511051609/0001193125-11-051609-index.htm", "finalLink": "https://www.sec.gov/Archives/edgar/data/798941/000119312511051609/d10k.htm", "calculatedOtherExpenses": 84884000, "calculatedOperatingExpenses": 470681000, "calculatedNetInterest": 774243000, "calculatedOtherIncome": -774243000, "calculatedIncomeNonControlling": 0, "calculatedEbitda": 372526000}, {"date": "2009-12-31", "symbol": "FCNCA", "reportedCurrency": "USD", "cik": "0000798941", "fillingDate": "2010-03-01", "acceptedDate": "2010-03-01 17:15:13", "calendarYear": "2009", "period": "FY", "revenue": 812876000, "costOfRevenue": 0, "grossProfit": 812876000, "grossProfitRatio": 1, "researchAndDevelopmentExpenses": 0, "generalAndAdministrativeExpenses": 358076000, "sellingAndMarketingExpenses": 0, "sellingGeneralAndAdministrativeExpenses": 358076000, "otherExpenses": -103505000, "operatingExpenses": 254571000, "costAndExpenses": 254571000, "interestIncome": 738159000, "interestExpense": 227644000, "depreciationAndAmortization": 59664000, "ebitda": 241529000, "ebitdaratio": 0.2971289594, "operatingIncome": 181865000, "operatingIncomeRatio": 0.2237303107, "totalOtherIncomeExpensesNet": 0, "incomeBeforeTax": 181865000, "incomeBeforeTaxRatio": 0.2237303107, "incomeTaxExpense": 66285000, "netIncome": 115580000, "netIncomeRatio": 0.1421865082, "eps": 11.08, "epsdiluted": 11.08, "weightedAverageShsOut": 10431408, "weightedAverageShsOutDil": 10431408, "link": "https://www.sec.gov/Archives/edgar/data/798941/000119312510044890/0001193125-10-044890-index.htm", "finalLink": "https://www.sec.gov/Archives/edgar/data/798941/000119312510044890/d10k.htm", "calculatedOtherExpenses": 272935000, "calculatedOperatingExpenses": 631011000, "calculatedNetInterest": 510515000, "calculatedOtherIncome": -510515000, "calculatedIncomeNonControlling": 0, "calculatedEbitda": 241529000}, {"date": "2008-12-31", "symbol": "FCNCA", "reportedCurrency": "USD", "cik": "0000798941", "fillingDate": "2009-02-27", "acceptedDate": "2009-02-27 17:10:29", "calendarYear": "2008", "period": "FY", "revenue": 811890000, "costOfRevenue": 0, "grossProfit": 811890000, "grossProfitRatio": 1, "researchAndDevelopmentExpenses": 0, "generalAndAdministrativeExpenses": 318149000, "sellingAndMarketingExpenses": 8098000, "sellingGeneralAndAdministrativeExpenses": 326247000, "otherExpenses": -998533000, "operatingExpenses": -672286000, "costAndExpenses": -672286000, "interestIncome": 814716000, "interestExpense": 314945000, "depreciationAndAmortization": 65695000, "ebitda": 205299000, "ebitdaratio": 0.252865536, "operatingIncome": 139604000, "operatingIncomeRatio": 0.171949402, "totalOtherIncomeExpensesNet": 0, "incomeBeforeTax": 139604000, "incomeBeforeTaxRatio": 0.171949402, "incomeTaxExpense": 48546000, "netIncome": 91058000, "netIncomeRatio": 0.1121555876, "eps": 8.73, "epsdiluted": 8.73, "weightedAverageShsOut": 10434453, "weightedAverageShsOutDil": 10434453, "link": "https://www.sec.gov/Archives/edgar/data/798941/000119312509041176/0001193125-09-041176-index.htm", "finalLink": "https://www.sec.gov/Archives/edgar/data/798941/000119312509041176/d10k.htm", "calculatedOtherExpenses": 346039000, "calculatedOperatingExpenses": 672286000, "calculatedNetInterest": 499771000, "calculatedOtherIncome": -499771000, "calculatedIncomeNonControlling": 0, "calculatedEbitda": 205299000}, {"date": "2007-12-31", "symbol": "FCNCA", "reportedCurrency": "USD", "cik": "0000798941", "fillingDate": "2008-02-28", "acceptedDate": "2008-02-28 16:25:41", "calendarYear": "2007", "period": "FY", "revenue": 775812000, "costOfRevenue": 0, "grossProfit": 775812000, "grossProfitRatio": 1, "researchAndDevelopmentExpenses": 0, "generalAndAdministrativeExpenses": 296604000, "sellingAndMarketingExpenses": 7499000, "sellingGeneralAndAdministrativeExpenses": 304103000, "otherExpenses": -912361000, "operatingExpenses": -608258000, "costAndExpenses": -608258000, "interestIncome": 904056000, "interestExpense": 423714000, "depreciationAndAmortization": 49789000, "ebitda": 217343000, "ebitdaratio": 0.2801490567, "operatingIncome": 167554000, "operatingIncomeRatio": 0.2159724263, "totalOtherIncomeExpensesNet": 0, "incomeBeforeTax": 167554000, "incomeBeforeTaxRatio": 0.2159724263, "incomeTaxExpense": 58937000, "netIncome": 108617000, "netIncomeRatio": 0.1400042794, "eps": 10.41, "epsdiluted": 10.41, "weightedAverageShsOut": 10434453, "weightedAverageShsOutDil": 10434453, "link": "https://www.sec.gov/Archives/edgar/data/798941/000119312508041808/0001193125-08-041808-index.htm", "finalLink": "https://www.sec.gov/Archives/edgar/data/798941/000119312508041808/d10k.htm", "calculatedOtherExpenses": 304155000, "calculatedOperatingExpenses": 608258000, "calculatedNetInterest": 480342000, "calculatedOtherIncome": -480342000, "calculatedIncomeNonControlling": 0, "calculatedEbitda": 217343000}, {"date": "2006-12-31", "symbol": "FCNCA", "reportedCurrency": "USD", "cik": "0000798941", "fillingDate": "2007-02-28", "acceptedDate": "2007-02-28 14:30:21", "calendarYear": "2006", "period": "FY", "revenue": 750859000, "costOfRevenue": 0, "grossProfit": 750859000, "grossProfitRatio": 1, "researchAndDevelopmentExpenses": 0, "generalAndAdministrativeExpenses": 281831000, "sellingAndMarketingExpenses": 7212000, "sellingGeneralAndAdministrativeExpenses": 289043000, "otherExpenses": -843956000, "operatingExpenses": -554913000, "costAndExpenses": -554913000, "interestIncome": 825252000, "interestExpense": 353737000, "depreciationAndAmortization": 45297000, "ebitda": 241243000, "ebitdaratio": 0.3212893499, "operatingIncome": 195946000, "operatingIncomeRatio": 0.2609624443, "totalOtherIncomeExpensesNet": 0, "incomeBeforeTax": 195946000, "incomeBeforeTaxRatio": 0.2609624443, "incomeTaxExpense": 69455000, "netIncome": 126491000, "netIncomeRatio": 0.1684617218, "eps": 12.12, "epsdiluted": 12.12, "weightedAverageShsOut": 10434453, "weightedAverageShsOutDil": 10434453, "link": "https://www.sec.gov/Archives/edgar/data/798941/000119312507042406/0001193125-07-042406-index.htm", "finalLink": "https://www.sec.gov/Archives/edgar/data/798941/000119312507042406/d10k.htm", "calculatedOtherExpenses": 265870000, "calculatedOperatingExpenses": 554913000, "calculatedNetInterest": 471515000, "calculatedOtherIncome": -471515000, "calculatedIncomeNonControlling": 0, "calculatedEbitda": 241243000}, {"date": "2005-12-31", "symbol": "FCNCA", "reportedCurrency": "USD", "cik": "0000798941", "fillingDate": "2006-03-14", "acceptedDate": "2006-03-14 16:02:23", "calendarYear": "2005", "period": "FY", "revenue": 711135000, "costOfRevenue": 0, "grossProfit": 711135000, "grossProfitRatio": 1, "researchAndDevelopmentExpenses": 0, "generalAndAdministrativeExpenses": 267021000, "sellingAndMarketingExpenses": 0, "sellingGeneralAndAdministrativeExpenses": 267021000, "otherExpenses": -799486000, "operatingExpenses": -532465000, "costAndExpenses": -532465000, "interestIncome": 665934000, "interestExpense": 218151000, "depreciationAndAmortization": 47528000, "ebitda": 226198000, "ebitdaratio": 0.318080252, "operatingIncome": 178670000, "operatingIncomeRatio": 0.2512462472, "totalOtherIncomeExpensesNet": 0, "incomeBeforeTax": 178670000, "incomeBeforeTaxRatio": 0.2512462472, "incomeTaxExpense": 65808000, "netIncome": 112862000, "netIncomeRatio": 0.1587068559, "eps": 10.82, "epsdiluted": 10.82, "weightedAverageShsOut": 10434453, "weightedAverageShsOutDil": 10434453, "link": "https://www.sec.gov/Archives/edgar/data/798941/000119312506053680/0001193125-06-053680-index.htm", "finalLink": "https://www.sec.gov/Archives/edgar/data/798941/000119312506053680/d10k.htm", "calculatedOtherExpenses": 265444000, "calculatedOperatingExpenses": 532465000, "calculatedNetInterest": 447783000, "calculatedOtherIncome": -447783000, "calculatedIncomeNonControlling": 0, "calculatedEbitda": 226198000}, {"date": "2004-12-31", "symbol": "FCNCA", "reportedCurrency": "USD", "cik": "0000798941", "fillingDate": "2005-03-11", "acceptedDate": "2005-03-11 12:45:50", "calendarYear": "2004", "period": "FY", "revenue": 638247000, "costOfRevenue": 0, "grossProfit": 638247000, "grossProfitRatio": 1, "researchAndDevelopmentExpenses": 0, "generalAndAdministrativeExpenses": 255712000, "sellingAndMarketingExpenses": 0, "sellingGeneralAndAdministrativeExpenses": 255712000, "otherExpenses": -769764000, "operatingExpenses": -514052000, "costAndExpenses": -514052000, "interestIncome": 521117000, "interestExpense": 133826000, "depreciationAndAmortization": 53124000, "ebitda": 177319000, "ebitdaratio": 0.2778219091, "operatingIncome": 124195000, "operatingIncomeRatio": 0.1945876753, "totalOtherIncomeExpensesNet": 0, "incomeBeforeTax": 124195000, "incomeBeforeTaxRatio": 0.1945876753, "incomeTaxExpense": 49352000, "netIncome": 74843000, "netIncomeRatio": 0.1172633792, "eps": 7.17, "epsdiluted": 7.17, "weightedAverageShsOut": 10435247, "weightedAverageShsOutDil": 10435247, "link": "https://www.sec.gov/Archives/edgar/data/798941/000119312505047499/0001193125-05-047499-index.htm", "finalLink": "https://www.sec.gov/Archives/edgar/data/798941/000119312505047499/d10k.htm", "calculatedOtherExpenses": 258340000, "calculatedOperatingExpenses": 514052000, "calculatedNetInterest": 387291000, "calculatedOtherIncome": -387291000, "calculatedIncomeNonControlling": 0, "calculatedEbitda": 177319000}, {"date": "2003-12-31", "symbol": "FCNCA", "reportedCurrency": "USD", "cik": "0000798941", "fillingDate": "2004-03-15", "acceptedDate": "2004-03-15 14:15:48", "calendarYear": "2003", "period": "FY", "revenue": 605876000, "costOfRevenue": 0, "grossProfit": 605876000, "grossProfitRatio": 1, "researchAndDevelopmentExpenses": 0, "generalAndAdministrativeExpenses": 245661000, "sellingAndMarketingExpenses": 0, "sellingGeneralAndAdministrativeExpenses": 245661000, "otherExpenses": -734936000, "operatingExpenses": -489275000, "costAndExpenses": -489275000, "interestIncome": 510477000, "interestExpense": 148537000, "depreciationAndAmortization": 62011000, "ebitda": 178612000, "ebitdaratio": 0.294799596, "operatingIncome": 116601000, "operatingIncomeRatio": 0.1924502704, "totalOtherIncomeExpensesNet": 0, "incomeBeforeTax": 116601000, "incomeBeforeTaxRatio": 0.1924502704, "incomeTaxExpense": 41414000, "netIncome": 75187000, "netIncomeRatio": 0.1240963497, "eps": 7.19, "epsdiluted": 7.19, "weightedAverageShsOut": 10452523, "weightedAverageShsOutDil": 10452523, "link": "https://www.sec.gov/Archives/edgar/data/798941/000119312504042010/0001193125-04-042010-index.htm", "finalLink": "https://www.sec.gov/Archives/edgar/data/798941/000119312504042010/d10k.htm", "calculatedOtherExpenses": 243614000, "calculatedOperatingExpenses": 489275000, "calculatedNetInterest": 361940000, "calculatedOtherIncome": -361940000, "calculatedIncomeNonControlling": 0, "calculatedEbitda": 178612000}, {"date": "2002-12-31", "symbol": "FCNCA", "reportedCurrency": "USD", "cik": "0000798941", "fillingDate": "2003-03-14", "acceptedDate": "2003-03-14 15:53:35", "calendarYear": "2002", "period": "FY", "revenue": 603540000, "costOfRevenue": 0, "grossProfit": 603540000, "grossProfitRatio": 1, "researchAndDevelopmentExpenses": 0, "generalAndAdministrativeExpenses": 230049000, "sellingAndMarketingExpenses": 0, "sellingGeneralAndAdministrativeExpenses": 230049000, "otherExpenses": -690046000, "operatingExpenses": -459997000, "costAndExpenses": -459997000, "interestIncome": 596169000, "interestExpense": 214018000, "depreciationAndAmortization": 64977000, "ebitda": 208520000, "ebitdaratio": 0.3454949133, "operatingIncome": 143543000, "operatingIncomeRatio": 0.2378351062, "totalOtherIncomeExpensesNet": 0, "incomeBeforeTax": 143543000, "incomeBeforeTaxRatio": 0.2378351062, "incomeTaxExpense": 50787000, "netIncome": 92756000, "netIncomeRatio": 0.1536865825, "eps": 8.85, "epsdiluted": 8.85, "weightedAverageShsOut": 10478843, "weightedAverageShsOutDil": 10478843, "link": "https://www.sec.gov/Archives/edgar/data/798941/000095016803000720/0000950168-03-000720-index.htm", "finalLink": "https://www.sec.gov/Archives/edgar/data/798941/000095016803000720/d10k.htm", "calculatedOtherExpenses": 229948000, "calculatedOperatingExpenses": 459997000, "calculatedNetInterest": 382151000, "calculatedOtherIncome": -382151000, "calculatedIncomeNonControlling": 0, "calculatedEbitda": 208520000}, {"date": "2001-12-31", "symbol": "FCNCA", "reportedCurrency": "USD", "cik": "0000798941", "fillingDate": "2002-03-18", "acceptedDate": "2002-03-18 00:00:00", "calendarYear": "2001", "period": "FY", "revenue": 584472000, "costOfRevenue": 0, "grossProfit": 584472000, "grossProfitRatio": 1, "researchAndDevelopmentExpenses": 0, "generalAndAdministrativeExpenses": 216915000, "sellingAndMarketingExpenses": 0, "sellingGeneralAndAdministrativeExpenses": 216915000, "otherExpenses": -663646000, "operatingExpenses": -446731000, "costAndExpenses": -446731000, "interestIncome": 715427000, "interestExpense": 346510000, "depreciationAndAmortization": 55997000, "ebitda": 193738000, "ebitdaratio": 0.331475246, "operatingIncome": 137741000, "operatingIncomeRatio": 0.2356674058, "totalOtherIncomeExpensesNet": 0, "incomeBeforeTax": 137741000, "incomeBeforeTaxRatio": 0.2356674058, "incomeTaxExpense": 50805000, "netIncome": 86936000, "netIncomeRatio": 0.1487427969, "eps": 8.27, "epsdiluted": 8.27, "weightedAverageShsOut": 10507289, "weightedAverageShsOutDil": 10507289, "link": "https://www.sec.gov/Archives/edgar/data/798941/000095016802000397/0000950168-02-000397-index.htm", "finalLink": "https://www.sec.gov/Archives/edgar/data/798941/000095016802000397/d10k.txt", "calculatedOtherExpenses": 229816000, "calculatedOperatingExpenses": 446731000, "calculatedNetInterest": 368917000, "calculatedOtherIncome": -368917000, "calculatedIncomeNonControlling": 0, "calculatedEbitda": 193738000}, {"date": "2000-12-31", "symbol": "FCNCA", "reportedCurrency": "USD", "cik": "0000798941", "fillingDate": "2001-03-19", "acceptedDate": "2001-03-19 00:00:00", "calendarYear": "2000", "period": "FY", "revenue": 567532000, "costOfRevenue": 0, "grossProfit": 567532000, "grossProfitRatio": 1, "researchAndDevelopmentExpenses": 0, "generalAndAdministrativeExpenses": 200914000, "sellingAndMarketingExpenses": 0, "sellingGeneralAndAdministrativeExpenses": 200914000, "otherExpenses": -611186000, "operatingExpenses": -410272000, "costAndExpenses": -410272000, "interestIncome": 708170000, "interestExpense": 342828000, "depreciationAndAmortization": 40656000, "ebitda": 197916000, "ebitdaratio": 0.3487309967, "operatingIncome": 157260000, "operatingIncomeRatio": 0.2770945074, "totalOtherIncomeExpensesNet": 0, "incomeBeforeTax": 157260000, "incomeBeforeTaxRatio": 0.2770945074, "incomeTaxExpense": 58949000, "netIncome": 98311000, "netIncomeRatio": 0.1732254745, "eps": 9.32, "epsdiluted": 9.32, "weightedAverageShsOut": 10551607, "weightedAverageShsOutDil": 10551607, "link": "https://www.sec.gov/Archives/edgar/data/798941/000102140801001755/0001021408-01-001755-index.htm", "finalLink": "https://www.sec.gov/Archives/edgar/data/798941/000102140801001755/0001021408-01-001755-0001.txt", "calculatedOtherExpenses": 209358000, "calculatedOperatingExpenses": 410272000, "calculatedNetInterest": 365342000, "calculatedOtherIncome": -365342000, "calculatedIncomeNonControlling": 0, "calculatedEbitda": 197916000}, {"date": "1999-12-31", "symbol": "FCNCA", "reportedCurrency": "USD", "cik": "0000798941", "fillingDate": "2000-03-17", "acceptedDate": "2000-03-17 00:00:00", "calendarYear": "1999", "period": "FY", "revenue": 517600000, "costOfRevenue": 0, "grossProfit": 517600000, "grossProfitRatio": 1, "researchAndDevelopmentExpenses": 0, "generalAndAdministrativeExpenses": 190900000, "sellingAndMarketingExpenses": 0, "sellingGeneralAndAdministrativeExpenses": 190900000, "otherExpenses": -578100000, "operatingExpenses": -387200000, "costAndExpenses": -387200000, "interestIncome": 633900000, "interestExpense": 281600000, "depreciationAndAmortization": 55300000, "ebitda": 185700000, "ebitdaratio": 0.3587712519, "operatingIncome": 130400000, "operatingIncomeRatio": 0.2519319938, "totalOtherIncomeExpensesNet": 0, "incomeBeforeTax": 130400000, "incomeBeforeTaxRatio": 0.2519319938, "incomeTaxExpense": 48600000, "netIncome": 81800000, "netIncomeRatio": 0.1580370943, "eps": 7.7, "epsdiluted": 7.7, "weightedAverageShsOut": 10625457, "weightedAverageShsOutDil": 10629252, "link": "https://www.sec.gov/Archives/edgar/data/798941/000095016800000604/0000950168-00-000604-index.html", "finalLink": "https://www.sec.gov/Archives/edgar/data/798941/000095016800000604/", "calculatedOtherExpenses": 196300000, "calculatedOperatingExpenses": 387200000, "calculatedNetInterest": 352300000, "calculatedOtherIncome": -352300000, "calculatedIncomeNonControlling": 0, "calculatedEbitda": 185700000}, {"date": "1998-12-31", "symbol": "FCNCA", "reportedCurrency": "USD", "cik": "0000798941", "fillingDate": "1999-03-31", "acceptedDate": "1999-03-31 00:00:00", "calendarYear": "1998", "period": "FY", "revenue": 473500000, "costOfRevenue": 0, "grossProfit": 473500000, "grossProfitRatio": 1, "researchAndDevelopmentExpenses": 0, "generalAndAdministrativeExpenses": 169500000, "sellingAndMarketingExpenses": 0, "sellingGeneralAndAdministrativeExpenses": 169500000, "otherExpenses": -532300000, "operatingExpenses": -362800000, "costAndExpenses": -362800000, "interestIncome": 619500000, "interestExpense": 292100000, "depreciationAndAmortization": 48700000, "ebitda": 159400000, "ebitdaratio": 0.3366420275, "operatingIncome": 110700000, "operatingIncomeRatio": 0.2337909187, "totalOtherIncomeExpensesNet": 0, "incomeBeforeTax": 110700000, "incomeBeforeTaxRatio": 0.2337909187, "incomeTaxExpense": 39700000, "netIncome": 71000000, "netIncomeRatio": 0.1499472017, "eps": 6.62, "epsdiluted": 6.62, "weightedAverageShsOut": 10626311, "weightedAverageShsOutDil": 10754717, "link": "https://www.sec.gov/Archives/edgar/data/798941/000095016899001023/0000950168-99-001023-index.html", "finalLink": "https://www.sec.gov/Archives/edgar/data/798941/", "calculatedOtherExpenses": 193300000, "calculatedOperatingExpenses": 362800000, "calculatedNetInterest": 327400000, "calculatedOtherIncome": -327400000, "calculatedIncomeNonControlling": 0, "calculatedEbitda": 159400000}, {"date": "1997-12-31", "symbol": "FCNCA", "reportedCurrency": "USD", "cik": "0000798941", "fillingDate": "1998-03-30", "acceptedDate": "1998-03-30 00:00:00", "calendarYear": "1997", "period": "FY", "revenue": 419600000, "costOfRevenue": 0, "grossProfit": 419600000, "grossProfitRatio": 1, "researchAndDevelopmentExpenses": 0, "generalAndAdministrativeExpenses": 150200000, "sellingAndMarketingExpenses": 0, "sellingGeneralAndAdministrativeExpenses": 150200000, "otherExpenses": -459700000, "operatingExpenses": -309500000, "costAndExpenses": -309500000, "interestIncome": 572300000, "interestExpense": 268000000, "depreciationAndAmortization": 28300000, "ebitda": 138400000, "ebitdaratio": 0.3298379409, "operatingIncome": 110100000, "operatingIncomeRatio": 0.262392755, "totalOtherIncomeExpensesNet": 0, "incomeBeforeTax": 110100000, "incomeBeforeTaxRatio": 0.262392755, "incomeTaxExpense": 39500000, "netIncome": 70600000, "netIncomeRatio": 0.1682554814, "eps": 6.22, "epsdiluted": 6.22, "weightedAverageShsOut": 11350482, "weightedAverageShsOutDil": 11350482, "link": "https://www.sec.gov/Archives/edgar/data/798941/000095016898000948/0000950168-98-000948-index.html", "finalLink": "https://www.sec.gov/Archives/edgar/data/798941/", "calculatedOtherExpenses": 159300000, "calculatedOperatingExpenses": 309500000, "calculatedNetInterest": 304300000, "calculatedOtherIncome": -304300000, "calculatedIncomeNonControlling": 0, "calculatedEbitda": 138400000}, {"date": "1996-12-31", "symbol": "FCNCA", "reportedCurrency": "USD", "cik": "0000798941", "fillingDate": "1997-03-18", "acceptedDate": "1997-03-18 00:00:00", "calendarYear": "1996", "period": "FY", "revenue": 389200000, "costOfRevenue": 0, "grossProfit": 389200000, "grossProfitRatio": 1, "researchAndDevelopmentExpenses": 0, "generalAndAdministrativeExpenses": 135900000, "sellingAndMarketingExpenses": 0, "sellingGeneralAndAdministrativeExpenses": 135900000, "otherExpenses": -423400000, "operatingExpenses": -287500000, "costAndExpenses": -287500000, "interestIncome": 534200000, "interestExpense": 248300000, "depreciationAndAmortization": 36800000, "ebitda": 138500000, "ebitdaratio": 0.3558581706, "operatingIncome": 101700000, "operatingIncomeRatio": 0.2613052415, "totalOtherIncomeExpensesNet": 0, "incomeBeforeTax": 101700000, "incomeBeforeTaxRatio": 0.2613052415, "incomeTaxExpense": 36200000, "netIncome": 65500000, "netIncomeRatio": 0.1682939363, "eps": 5.77, "epsdiluted": 5.77, "weightedAverageShsOut": 11340982, "weightedAverageShsOutDil": 11340982, "link": "https://www.sec.gov/Archives/edgar/data/798941/000095016897000623/0000950168-97-000623-index.html", "finalLink": "https://www.sec.gov/Archives/edgar/data/798941/", "calculatedOtherExpenses": 151600000, "calculatedOperatingExpenses": 287500000, "calculatedNetInterest": 285900000, "calculatedOtherIncome": -285900000, "calculatedIncomeNonControlling": 0, "calculatedEbitda": 138500000}, {"date": "1995-12-31", "symbol": "FCNCA", "reportedCurrency": "USD", "cik": "0000798941", "fillingDate": "1996-03-28", "acceptedDate": "1996-03-28 00:00:00", "calendarYear": "1995", "period": "FY", "revenue": 338500000, "costOfRevenue": 0, "grossProfit": 338500000, "grossProfitRatio": 1, "researchAndDevelopmentExpenses": 0, "generalAndAdministrativeExpenses": 123700000, "sellingAndMarketingExpenses": 0, "sellingGeneralAndAdministrativeExpenses": 123700000, "otherExpenses": -374900000, "operatingExpenses": -251200000, "costAndExpenses": -251200000, "interestIncome": 471100000, "interestExpense": 224700000, "depreciationAndAmortization": 42400000, "ebitda": 129700000, "ebitdaratio": 0.3831610044, "operatingIncome": 87300000, "operatingIncomeRatio": 0.2579025111, "totalOtherIncomeExpensesNet": 0, "incomeBeforeTax": 87300000, "incomeBeforeTaxRatio": 0.2579025111, "incomeTaxExpense": 30400000, "netIncome": 56900000, "netIncomeRatio": 0.1680945347, "eps": 5.37, "epsdiluted": 5.37, "weightedAverageShsOut": 10597066, "weightedAverageShsOutDil": 10597066, "link": "https://www.sec.gov/Archives/edgar/data/798941/000095016896000521/0000950168-96-000521-index.html", "finalLink": "https://www.sec.gov/Archives/edgar/data/798941/", "calculatedOtherExpenses": 127500000, "calculatedOperatingExpenses": 251200000, "calculatedNetInterest": 246400000, "calculatedOtherIncome": -246400000, "calculatedIncomeNonControlling": 0, "calculatedEbitda": 129700000}, {"date": "1994-12-31", "symbol": "FCNCA", "reportedCurrency": "USD", "cik": "0000798941", "fillingDate": "1994-12-31", "acceptedDate": "1994-12-30 19:00:00", "calendarYear": "1994", "period": "FY", "revenue": 311200000, "costOfRevenue": 0, "grossProfit": 311200000, "grossProfitRatio": 1, "researchAndDevelopmentExpenses": 0, "generalAndAdministrativeExpenses": 113800000, "sellingAndMarketingExpenses": 0, "sellingGeneralAndAdministrativeExpenses": 113800000, "otherExpenses": -347100000, "operatingExpenses": -233300000, "costAndExpenses": -233300000, "interestIncome": 376000000, "interestExpense": 148100000, "depreciationAndAmortization": 47300000, "ebitda": 125200000, "ebitdaratio": 0.4023136247, "operatingIncome": 77900000, "operatingIncomeRatio": 0.2503213368, "totalOtherIncomeExpensesNet": 0, "incomeBeforeTax": 77900000, "incomeBeforeTaxRatio": 0.2503213368, "incomeTaxExpense": 26900000, "netIncome": 51000000, "netIncomeRatio": 0.1638817481, "eps": 5.13, "epsdiluted": 5.13, "weightedAverageShsOut": 9941520, "weightedAverageShsOutDil": 9941520, "link": null, "finalLink": null, "calculatedOtherExpenses": 119500000, "calculatedOperatingExpenses": 233300000, "calculatedNetInterest": 227900000, "calculatedOtherIncome": -227900000, "calculatedIncomeNonControlling": 0, "calculatedEbitda": 125200000}, {"date": "1993-12-31", "symbol": "FCNCA", "reportedCurrency": "USD", "cik": "0000798941", "fillingDate": "1993-12-31", "acceptedDate": "1993-12-30 19:00:00", "calendarYear": "1993", "period": "FY", "revenue": 312600000, "costOfRevenue": 0, "grossProfit": 312600000, "grossProfitRatio": 1, "researchAndDevelopmentExpenses": 0, "generalAndAdministrativeExpenses": 106100000, "sellingAndMarketingExpenses": 0, "sellingGeneralAndAdministrativeExpenses": 106100000, "otherExpenses": -334500000, "operatingExpenses": -228400000, "costAndExpenses": -228400000, "interestIncome": 364900000, "interestExpense": 138000000, "depreciationAndAmortization": 33800000, "ebitda": 118000000, "ebitdaratio": 0.3774792067, "operatingIncome": 84200000, "operatingIncomeRatio": 0.2693538068, "totalOtherIncomeExpensesNet": 0, "incomeBeforeTax": 84200000, "incomeBeforeTaxRatio": 0.2693538068, "incomeTaxExpense": 28600000, "netIncome": 55600000, "netIncomeRatio": 0.1778630838, "eps": 5.73, "epsdiluted": 5.73, "weightedAverageShsOut": 9703316, "weightedAverageShsOutDil": 9703316, "link": null, "finalLink": null, "calculatedOtherExpenses": 122300000, "calculatedOperatingExpenses": 228400000, "calculatedNetInterest": 226900000, "calculatedOtherIncome": -226900000, "calculatedIncomeNonControlling": 0, "calculatedEbitda": 118000000}, {"date": "1992-12-31", "symbol": "FCNCA", "reportedCurrency": "USD", "cik": "0000798941", "fillingDate": "1992-12-31", "acceptedDate": "1992-12-30 19:00:00", "calendarYear": "1992", "period": "FY", "revenue": 294100000, "costOfRevenue": 0, "grossProfit": 294100000, "grossProfitRatio": 1, "researchAndDevelopmentExpenses": 0, "generalAndAdministrativeExpenses": 98000000, "sellingAndMarketingExpenses": 0, "sellingGeneralAndAdministrativeExpenses": 98000000, "otherExpenses": -314600000, "operatingExpenses": -216600000, "costAndExpenses": -216600000, "interestIncome": 390400000, "interestExpense": 170600000, "depreciationAndAmortization": 12700000, "ebitda": 90200000, "ebitdaratio": 0.3066984019, "operatingIncome": 77500000, "operatingIncomeRatio": 0.2635158109, "totalOtherIncomeExpensesNet": 0, "incomeBeforeTax": 77500000, "incomeBeforeTaxRatio": 0.2635158109, "incomeTaxExpense": 25700000, "netIncome": 51800000, "netIncomeRatio": 0.1761305678, "eps": 5.45, "epsdiluted": 5.45, "weightedAverageShsOut": 9504587, "weightedAverageShsOutDil": 9504587, "link": null, "finalLink": null, "calculatedOtherExpenses": 118600000, "calculatedOperatingExpenses": 216600000, "calculatedNetInterest": 219800000, "calculatedOtherIncome": -219800000, "calculatedIncomeNonControlling": 0, "calculatedEbitda": 90200000}, {"date": "1991-12-31", "symbol": "FCNCA", "reportedCurrency": "USD", "cik": "0000798941", "fillingDate": "1991-12-31", "acceptedDate": "1991-12-30 19:00:00", "calendarYear": "1991", "period": "FY", "revenue": 246500000, "costOfRevenue": 0, "grossProfit": 246500000, "grossProfitRatio": 1, "researchAndDevelopmentExpenses": 0, "generalAndAdministrativeExpenses": 93500000, "sellingAndMarketingExpenses": 0, "sellingGeneralAndAdministrativeExpenses": 93500000, "otherExpenses": -296800000, "operatingExpenses": -203300000, "costAndExpenses": -203300000, "interestIncome": 421900000, "interestExpense": 245700000, "depreciationAndAmortization": 15300000, "ebitda": 58500000, "ebitdaratio": 0.2373225152, "operatingIncome": 43200000, "operatingIncomeRatio": 0.1752535497, "totalOtherIncomeExpensesNet": 0, "incomeBeforeTax": 43200000, "incomeBeforeTaxRatio": 0.1752535497, "incomeTaxExpense": 14000000, "netIncome": 29200000, "netIncomeRatio": 0.1184584178, "eps": 3.12, "epsdiluted": 3.12, "weightedAverageShsOut": 9358974, "weightedAverageShsOutDil": 9358974, "link": null, "finalLink": null, "calculatedOtherExpenses": 109800000, "calculatedOperatingExpenses": 203300000, "calculatedNetInterest": 176200000, "calculatedOtherIncome": -176200000, "calculatedIncomeNonControlling": 0, "calculatedEbitda": 58500000}, {"date": "1990-12-31", "symbol": "FCNCA", "reportedCurrency": "USD", "cik": "0000798941", "fillingDate": "1990-12-31", "acceptedDate": "1990-12-30 19:00:00", "calendarYear": "1990", "period": "FY", "revenue": 211800000, "costOfRevenue": 0, "grossProfit": 211800000, "grossProfitRatio": 1, "researchAndDevelopmentExpenses": 0, "generalAndAdministrativeExpenses": 84000000, "sellingAndMarketingExpenses": 0, "sellingGeneralAndAdministrativeExpenses": 84000000, "otherExpenses": -253600000, "operatingExpenses": -169600000, "costAndExpenses": -169600000, "interestIncome": 361900000, "interestExpense": 208900000, "depreciationAndAmortization": 14300000, "ebitda": 56500000, "ebitdaratio": 0.2667610954, "operatingIncome": 42200000, "operatingIncomeRatio": 0.1992445703, "totalOtherIncomeExpensesNet": 0, "incomeBeforeTax": 42200000, "incomeBeforeTaxRatio": 0.1992445703, "incomeTaxExpense": 13800000, "netIncome": 28400000, "netIncomeRatio": 0.134088763, "eps": 3.05, "epsdiluted": 3.05, "weightedAverageShsOut": 9311475, "weightedAverageShsOutDil": 9311475, "link": null, "finalLink": null, "calculatedOtherExpenses": 85600000, "calculatedOperatingExpenses": 169600000, "calculatedNetInterest": 153000000, "calculatedOtherIncome": -153000000, "calculatedIncomeNonControlling": 0, "calculatedEbitda": 56500000}]}