{"originalCurrency": "USD", "convertedCurrency": "USD", "report": [{"date": "2023-12-31", "symbol": "FCPT", "reportedCurrency": "USD", "cik": "0001650132", "fillingDate": "2024-02-15", "acceptedDate": "2024-02-15 17:16:24", "calendarYear": "2023", "period": "FY", "revenue": 250606000, "costOfRevenue": 119695000, "grossProfit": 130911000, "grossProfitRatio": 0.5223777563, "researchAndDevelopmentExpenses": 0, "generalAndAdministrativeExpenses": 22680000, "sellingAndMarketingExpenses": 0, "sellingGeneralAndAdministrativeExpenses": 22680000, "otherExpenses": -22680000, "operatingExpenses": 22680000, "costAndExpenses": 142375000, "interestIncome": 0, "interestExpense": 33833000, "depreciationAndAmortization": 50731000, "ebitda": 158962000, "ebitdaratio": 0.6343104315, "operatingIncome": 108231000, "operatingIncomeRatio": 0.4318771298, "totalOtherIncomeExpensesNet": -41345999, "incomeBeforeTax": 66885000, "incomeBeforeTaxRatio": 0.2668930512, "incomeTaxExpense": 130000, "netIncome": 95340000, "netIncomeRatio": 0.3804378187, "eps": 1.08, "epsdiluted": 1.07, "weightedAverageShsOut": 88526343, "weightedAverageShsOutDil": 88747028, "link": "https://www.sec.gov/Archives/edgar/data/1650132/000165013224000045/0001650132-24-000045-index.htm", "finalLink": "https://www.sec.gov/Archives/edgar/data/1650132/000165013224000045/fcpt-20231231.htm", "calculatedOtherExpenses": 0, "calculatedOperatingExpenses": 22680000, "calculatedNetInterest": -33833000, "calculatedOtherIncome": -7513000, "calculatedIncomeNonControlling": -28585000, "calculatedEbitda": 158962000}, {"date": "2022-12-31", "symbol": "FCPT", "reportedCurrency": "USD", "cik": "0001650132", "fillingDate": "2023-02-17", "acceptedDate": "2023-02-17 16:37:44", "calendarYear": "2022", "period": "FY", "revenue": 223194000, "costOfRevenue": 35811000, "grossProfit": 187383000, "grossProfitRatio": 0.8395521385, "researchAndDevelopmentExpenses": 0, "generalAndAdministrativeExpenses": 20043000, "sellingAndMarketingExpenses": 0, "sellingGeneralAndAdministrativeExpenses": 20043000, "otherExpenses": 41471000, "operatingExpenses": 61514000, "costAndExpenses": 97325000, "interestIncome": 36405000, "interestExpense": 36405000, "depreciationAndAmortization": 41471000, "ebitda": 167882000, "ebitdaratio": 0.7521797181, "operatingIncome": 126411000, "operatingIncomeRatio": 0.566372752, "totalOtherIncomeExpensesNet": -28266000, "incomeBeforeTax": 98145000, "incomeBeforeTaxRatio": 0.4397295626, "incomeTaxExpense": 237000, "netIncome": 97772000, "netIncomeRatio": 0.4380583707, "eps": 1.2, "epsdiluted": 1.2, "weightedAverageShsOut": 81590124, "weightedAverageShsOutDil": 81807065, "link": "https://www.sec.gov/Archives/edgar/data/1650132/000165013223000038/0001650132-23-000038-index.htm", "finalLink": "https://www.sec.gov/Archives/edgar/data/1650132/000165013223000038/fcpt-20221231.htm", "calculatedOtherExpenses": 40929000, "calculatedOperatingExpenses": 60972000, "calculatedNetInterest": 0, "calculatedOtherIncome": -28266000, "calculatedIncomeNonControlling": 136000, "calculatedEbitda": 167882000}, {"date": "2021-12-31", "symbol": "FCPT", "reportedCurrency": "USD", "cik": "0001650132", "fillingDate": "2022-02-23", "acceptedDate": "2022-02-22 20:00:21", "calendarYear": "2021", "period": "FY", "revenue": 199378000, "costOfRevenue": 29603000, "grossProfit": 169775000, "grossProfitRatio": 0.8515232373, "researchAndDevelopmentExpenses": 0, "generalAndAdministrativeExpenses": 17650000, "sellingAndMarketingExpenses": 0, "sellingGeneralAndAdministrativeExpenses": 17650000, "otherExpenses": 34826000, "operatingExpenses": 52476000, "costAndExpenses": 82079000, "interestIncome": 32555000, "interestExpense": 32555000, "depreciationAndAmortization": 34826000, "ebitda": 152161000, "ebitdaratio": 0.7631784851, "operatingIncome": 117335000, "operatingIncomeRatio": 0.5885052513, "totalOtherIncomeExpensesNet": -32124000, "incomeBeforeTax": 85211000, "incomeBeforeTaxRatio": 0.4273841648, "incomeTaxExpense": -534000, "netIncome": 85581000, "netIncomeRatio": 0.4292399362, "eps": 1.12, "epsdiluted": 1.11, "weightedAverageShsOut": 76674046, "weightedAverageShsOutDil": 76838569, "link": "https://www.sec.gov/Archives/edgar/data/1650132/000165013222000026/0001650132-22-000026-index.htm", "finalLink": "https://www.sec.gov/Archives/edgar/data/1650132/000165013222000026/fcpt-20211231.htm", "calculatedOtherExpenses": 34790000, "calculatedOperatingExpenses": 52440000, "calculatedNetInterest": 0, "calculatedOtherIncome": -32124000, "calculatedIncomeNonControlling": 164000, "calculatedEbitda": 152161000}, {"date": "2020-12-31", "symbol": "FCPT", "reportedCurrency": "USD", "cik": "0001650132", "fillingDate": "2021-02-19", "acceptedDate": "2021-02-19 17:05:02", "calendarYear": "2020", "period": "FY", "revenue": 170944000, "costOfRevenue": 19590000, "grossProfit": 151354000, "grossProfitRatio": 0.885401067, "researchAndDevelopmentExpenses": 0, "generalAndAdministrativeExpenses": 15046000, "sellingAndMarketingExpenses": 0, "sellingGeneralAndAdministrativeExpenses": 15046000, "otherExpenses": 29433000, "operatingExpenses": 44479000, "costAndExpenses": 64069000, "interestIncome": 29231000, "interestExpense": 29231000, "depreciationAndAmortization": 29433000, "ebitda": 136478000, "ebitdaratio": 0.7983784163, "operatingIncome": 107045000, "operatingIncomeRatio": 0.6261992231, "totalOtherIncomeExpensesNet": -29231000, "incomeBeforeTax": 77814000, "incomeBeforeTaxRatio": 0.4552017035, "incomeTaxExpense": 247000, "netIncome": 77332000, "netIncomeRatio": 0.4523820666, "eps": 1.08, "epsdiluted": 1.08, "weightedAverageShsOut": 71312326, "weightedAverageShsOutDil": 71609068, "link": "https://www.sec.gov/Archives/edgar/data/1650132/000165013221000026/0001650132-21-000026-index.htm", "finalLink": "https://www.sec.gov/Archives/edgar/data/1650132/000165013221000026/fcpt-20201231.htm", "calculatedOtherExpenses": 29263000, "calculatedOperatingExpenses": 44309000, "calculatedNetInterest": 0, "calculatedOtherIncome": -29231000, "calculatedIncomeNonControlling": 235000, "calculatedEbitda": 136478000}, {"date": "2019-12-31", "symbol": "FCPT", "reportedCurrency": "USD", "cik": "0001650132", "fillingDate": "2020-02-27", "acceptedDate": "2020-02-26 17:50:36", "calendarYear": "2019", "period": "FY", "revenue": 160233000, "costOfRevenue": 21211000, "grossProfit": 139022000, "grossProfitRatio": 0.8676240225, "researchAndDevelopmentExpenses": 0, "generalAndAdministrativeExpenses": 13934000, "sellingAndMarketingExpenses": 0, "sellingGeneralAndAdministrativeExpenses": 13934000, "otherExpenses": 26312000, "operatingExpenses": 40246000, "costAndExpenses": 61457000, "interestIncome": 26516000, "interestExpense": 26516000, "depreciationAndAmortization": 26312000, "ebitda": 126032000, "ebitdaratio": 0.7865545799, "operatingIncome": 99720000, "operatingIncomeRatio": 0.622343712, "totalOtherIncomeExpensesNet": -26516000, "incomeBeforeTax": 73204000, "incomeBeforeTaxRatio": 0.4568596981, "incomeTaxExpense": 265000, "netIncome": 72616000, "netIncomeRatio": 0.453190042, "eps": 1.06, "epsdiluted": 1.06, "weightedAverageShsOut": 68430841, "weightedAverageShsOutDil": 68632010, "link": "https://www.sec.gov/Archives/edgar/data/1650132/000165013220000031/0001650132-20-000031-index.htm", "finalLink": "https://www.sec.gov/Archives/edgar/data/1650132/000165013220000031/fcpt201910-k.htm", "calculatedOtherExpenses": 25368000, "calculatedOperatingExpenses": 39302000, "calculatedNetInterest": 0, "calculatedOtherIncome": -26516000, "calculatedIncomeNonControlling": 323000, "calculatedEbitda": 126032000}, {"date": "2018-12-31", "symbol": "FCPT", "reportedCurrency": "USD", "cik": "0001650132", "fillingDate": "2019-02-20", "acceptedDate": "2019-02-19 20:50:21", "calendarYear": "2018", "period": "FY", "revenue": 143635000, "costOfRevenue": 19014000, "grossProfit": 124621000, "grossProfitRatio": 0.8676227939, "researchAndDevelopmentExpenses": 0, "generalAndAdministrativeExpenses": 13639000, "sellingAndMarketingExpenses": 0, "sellingGeneralAndAdministrativeExpenses": 13639000, "otherExpenses": 781000, "operatingExpenses": 37523000, "costAndExpenses": 56537000, "interestIncome": 0, "interestExpense": 19959000, "depreciationAndAmortization": 22354000, "ebitda": 111763000, "ebitdaratio": 0.7781042225, "operatingIncome": 87098000, "operatingIncomeRatio": 0.6063842378, "totalOtherIncomeExpensesNet": 16052000, "incomeBeforeTax": 83191000, "incomeBeforeTaxRatio": 0.5791833467, "incomeTaxExpense": 262000, "netIncome": 82398000, "netIncomeRatio": 0.5736624082, "eps": 1.29, "epsdiluted": 1.28, "weightedAverageShsOut": 64041255, "weightedAverageShsOutDil": 64388929, "link": "https://www.sec.gov/Archives/edgar/data/1650132/000165013219000029/0001650132-19-000029-index.htm", "finalLink": "https://www.sec.gov/Archives/edgar/data/1650132/000165013219000029/fcpt201810-k.htm", "calculatedOtherExpenses": 23884000, "calculatedOperatingExpenses": 37523000, "calculatedNetInterest": -19959000, "calculatedOtherIncome": 16052000, "calculatedIncomeNonControlling": 531000, "calculatedEbitda": 109452000}, {"date": "2017-12-31", "symbol": "FCPT", "reportedCurrency": "USD", "cik": "0001650132", "fillingDate": "2018-02-27", "acceptedDate": "2018-02-26 18:34:46", "calendarYear": "2017", "period": "FY", "revenue": 133209000, "costOfRevenue": 18652000, "grossProfit": 114557000, "grossProfitRatio": 0.8599794308, "researchAndDevelopmentExpenses": 0, "generalAndAdministrativeExpenses": 12259000, "sellingAndMarketingExpenses": 0, "sellingGeneralAndAdministrativeExpenses": 12259000, "otherExpenses": 324000, "operatingExpenses": 34070000, "costAndExpenses": 52722000, "interestIncome": 0, "interestExpense": 19469000, "depreciationAndAmortization": 21811000, "ebitda": 102622000, "ebitdaratio": 0.7703833825, "operatingIncome": 61018000, "operatingIncomeRatio": 0.4580621429, "totalOtherIncomeExpensesNet": 10856000, "incomeBeforeTax": 71874000, "incomeBeforeTaxRatio": 0.539558138, "incomeTaxExpense": -18000, "netIncome": 71394000, "netIncomeRatio": 0.5359547778, "eps": 1.18, "epsdiluted": 1.18, "weightedAverageShsOut": 60627423, "weightedAverageShsOutDil": 60695834, "link": "https://www.sec.gov/Archives/edgar/data/1650132/000165013218000025/0001650132-18-000025-index.htm", "finalLink": "https://www.sec.gov/Archives/edgar/data/1650132/000165013218000025/fcpt201710-k.htm", "calculatedOtherExpenses": 41280000, "calculatedOperatingExpenses": 53539000, "calculatedNetInterest": -19469000, "calculatedOtherIncome": 30325000, "calculatedIncomeNonControlling": 498000, "calculatedEbitda": 82829000}, {"date": "2016-12-31", "symbol": "FCPT", "reportedCurrency": "USD", "cik": "0001650132", "fillingDate": "2017-02-27", "acceptedDate": "2017-02-27 17:05:58", "calendarYear": "2016", "period": "FY", "revenue": 124018000, "costOfRevenue": 17853000, "grossProfit": 106165000, "grossProfitRatio": 0.8560450902, "researchAndDevelopmentExpenses": 0, "generalAndAdministrativeExpenses": 10977000, "sellingAndMarketingExpenses": 0, "sellingGeneralAndAdministrativeExpenses": 10977000, "otherExpenses": 97000, "operatingExpenses": 31554000, "costAndExpenses": 49407000, "interestIncome": 0, "interestExpense": 14828000, "depreciationAndAmortization": 20577000, "ebitda": 95285000, "ebitdaratio": 0.7683158896, "operatingIncome": 59783000, "operatingIncomeRatio": 0.4820509926, "totalOtherIncomeExpensesNet": 16720000, "incomeBeforeTax": 76503000, "incomeBeforeTaxRatio": 0.6168701318, "incomeTaxExpense": -80347000, "netIncome": 156809000, "netIncomeRatio": 1.264405167, "eps": 2.75, "epsdiluted": 2.63, "weightedAverageShsOut": 56984561, "weightedAverageShsOutDil": 59568067, "link": "https://www.sec.gov/Archives/edgar/data/1650132/000165013217000002/0001650132-17-000002-index.htm", "finalLink": "https://www.sec.gov/Archives/edgar/data/1650132/000165013217000002/fcpt201610-k.htm", "calculatedOtherExpenses": 35405000, "calculatedOperatingExpenses": 46382000, "calculatedNetInterest": -14828000, "calculatedOtherIncome": 31548000, "calculatedIncomeNonControlling": 41000, "calculatedEbitda": 80360000}, {"date": "2015-12-31", "symbol": "FCPT", "reportedCurrency": "USD", "cik": "0001650132", "fillingDate": "2016-03-22", "acceptedDate": "2016-03-21 17:35:20", "calendarYear": "2015", "period": "FY", "revenue": 33456000, "costOfRevenue": 16996000, "grossProfit": 16460000, "grossProfitRatio": 0.4919894787, "researchAndDevelopmentExpenses": 0, "generalAndAdministrativeExpenses": 1856000, "sellingAndMarketingExpenses": 0, "sellingGeneralAndAdministrativeExpenses": 1856000, "otherExpenses": 3758000, "operatingExpenses": 5614000, "costAndExpenses": 22610000, "interestIncome": 0, "interestExpense": 2203000, "depreciationAndAmortization": 3758000, "ebitda": 14604000, "ebitdaratio": 0.4365136298, "operatingIncome": 10846000, "operatingIncomeRatio": 0.3241869919, "totalOtherIncomeExpensesNet": -2203000, "incomeBeforeTax": 8643000, "incomeBeforeTaxRatio": 0.2583393113, "incomeTaxExpense": 2944000, "netIncome": 5699000, "netIncomeRatio": 0.1703431373, "eps": 0.92, "epsdiluted": 0.91, "weightedAverageShsOut": 6206375, "weightedAverageShsOutDil": 6263921, "link": "https://www.sec.gov/Archives/edgar/data/1650132/000165013216000041/0001650132-16-000041-index.htm", "finalLink": "https://www.sec.gov/Archives/edgar/data/1650132/000165013216000041/fourcorners10-k.htm", "calculatedOtherExpenses": 3758000, "calculatedOperatingExpenses": 5614000, "calculatedNetInterest": -2203000, "calculatedOtherIncome": 0, "calculatedIncomeNonControlling": 0, "calculatedEbitda": 14604000}, {"date": "2014-12-31", "symbol": "FCPT", "reportedCurrency": "USD", "cik": "0001650132", "fillingDate": "2014-12-31", "acceptedDate": "2014-12-30 19:00:00", "calendarYear": "2014", "period": "FY", "revenue": 17695000, "costOfRevenue": 14774000, "grossProfit": 2921000, "grossProfitRatio": 0.1650748799, "researchAndDevelopmentExpenses": 0, "generalAndAdministrativeExpenses": 0, "sellingAndMarketingExpenses": 0, "sellingGeneralAndAdministrativeExpenses": 2168000, "otherExpenses": 3031000, "operatingExpenses": 3031000, "costAndExpenses": 17805000, "interestIncome": 0, "interestExpense": 0, "depreciationAndAmortization": 863000, "ebitda": 753000, "ebitdaratio": 0.0425543939, "operatingIncome": -110000, "operatingIncomeRatio": -0.0062164453, "totalOtherIncomeExpensesNet": 0, "incomeBeforeTax": -110000, "incomeBeforeTaxRatio": -0.0062164453, "incomeTaxExpense": -142000, "netIncome": 32000, "netIncomeRatio": 0.0018084205, "eps": 0.0008, "epsdiluted": 0.0008, "weightedAverageShsOut": 42443994, "weightedAverageShsOutDil": 42443994, "link": "", "finalLink": "", "calculatedOtherExpenses": 863000, "calculatedOperatingExpenses": 3031000, "calculatedNetInterest": 0, "calculatedOtherIncome": 0, "calculatedIncomeNonControlling": 0, "calculatedEbitda": 753000}, {"date": "2013-12-31", "symbol": "FCPT", "reportedCurrency": "USD", "cik": "0001650132", "fillingDate": "2013-12-31", "acceptedDate": "2013-12-30 19:00:00", "calendarYear": "2013", "period": "FY", "revenue": 16907000, "costOfRevenue": 16127000, "grossProfit": 780000, "grossProfitRatio": 0.0461347371, "researchAndDevelopmentExpenses": 0, "generalAndAdministrativeExpenses": 0, "sellingAndMarketingExpenses": 0, "sellingGeneralAndAdministrativeExpenses": 0, "otherExpenses": 875000, "operatingExpenses": 875000, "costAndExpenses": 17002000, "interestIncome": 0, "interestExpense": 0, "depreciationAndAmortization": 875000, "ebitda": 780000, "ebitdaratio": 0.0461347371, "operatingIncome": 95000, "operatingIncomeRatio": 0.0056189744, "totalOtherIncomeExpensesNet": -190000, "incomeBeforeTax": -95000, "incomeBeforeTaxRatio": -0.0056189744, "incomeTaxExpense": -124000, "netIncome": 29000, "netIncomeRatio": 0.0017152659, "eps": 0.0007, "epsdiluted": 0.0007, "weightedAverageShsOut": 42443994, "weightedAverageShsOutDil": 42443994, "link": "", "finalLink": "", "calculatedOtherExpenses": 685000, "calculatedOperatingExpenses": 685000, "calculatedNetInterest": 0, "calculatedOtherIncome": -190000, "calculatedIncomeNonControlling": 0, "calculatedEbitda": 970000}, {"date": "2012-12-31", "symbol": "FCPT", "reportedCurrency": "USD", "cik": "0001650132", "fillingDate": "2012-12-31", "acceptedDate": "2012-12-30 19:00:00", "calendarYear": "2012", "period": "FY", "revenue": 16524000, "costOfRevenue": 13669000, "grossProfit": 2855000, "grossProfitRatio": 0.1727789881, "researchAndDevelopmentExpenses": 0, "generalAndAdministrativeExpenses": 0, "sellingAndMarketingExpenses": 0, "sellingGeneralAndAdministrativeExpenses": 2154000, "otherExpenses": 3035000, "operatingExpenses": 3035000, "costAndExpenses": 16704000, "interestIncome": 0, "interestExpense": 0, "depreciationAndAmortization": 881000, "ebitda": 701000, "ebitdaratio": 0.0424231421, "operatingIncome": -180000, "operatingIncomeRatio": -0.0108932462, "totalOtherIncomeExpensesNet": 0, "incomeBeforeTax": -180000, "incomeBeforeTaxRatio": -0.0108932462, "incomeTaxExpense": -141000, "netIncome": -39000, "netIncomeRatio": -0.0023602033, "eps": -0.0009, "epsdiluted": -0.0009, "weightedAverageShsOut": 42443994, "weightedAverageShsOutDil": 42443994, "link": "", "finalLink": "", "calculatedOtherExpenses": 881000, "calculatedOperatingExpenses": 3035000, "calculatedNetInterest": 0, "calculatedOtherIncome": 0, "calculatedIncomeNonControlling": 0, "calculatedEbitda": 701000}]}