{"originalCurrency": "USD", "convertedCurrency": "USD", "report": [{"date": "2023-12-31", "symbol": "FCX", "reportedCurrency": "USD", "cik": "0000831259", "fillingDate": "2024-02-16", "acceptedDate": "2024-02-15 18:00:31", "calendarYear": "2023", "period": "FY", "revenue": 22707000000, "costOfRevenue": 15826000000, "grossProfit": 6881000000, "grossProfitRatio": 0.3030343066, "researchAndDevelopmentExpenses": 0, "generalAndAdministrativeExpenses": 0, "sellingAndMarketingExpenses": 0, "sellingGeneralAndAdministrativeExpenses": 479000000, "otherExpenses": -319000000, "operatingExpenses": 798000000, "costAndExpenses": 16624000000, "interestIncome": 0, "interestExpense": 782000000, "depreciationAndAmortization": 2068000000, "ebitda": 8151000000, "ebitdaratio": 0.3589641961, "operatingIncome": 6083000000, "operatingIncomeRatio": 0.2678909587, "totalOtherIncomeExpensesNet": -77000000, "incomeBeforeTax": 6006000000, "incomeBeforeTaxRatio": 0.2644999339, "incomeTaxExpense": 2270000000, "netIncome": 1848000000, "netIncomeRatio": 0.0813845951, "eps": 1.28, "epsdiluted": 1.28, "weightedAverageShsOut": 1434000000, "weightedAverageShsOutDil": 1443000000, "link": "https://www.sec.gov/Archives/edgar/data/831259/000083125924000011/0000831259-24-000011-index.htm", "finalLink": "https://www.sec.gov/Archives/edgar/data/831259/000083125924000011/fcx-20231231.htm", "calculatedOtherExpenses": 319000000, "calculatedOperatingExpenses": 798000000, "calculatedNetInterest": -782000000, "calculatedOtherIncome": 705000000, "calculatedIncomeNonControlling": 1888000000, "calculatedEbitda": 8151000000}, {"date": "2022-12-31", "symbol": "FCX", "reportedCurrency": "USD", "cik": "0000831259", "fillingDate": "2023-02-15", "acceptedDate": "2023-02-15 17:00:47", "calendarYear": "2022", "period": "FY", "revenue": 22780000000, "costOfRevenue": 15089000000, "grossProfit": 7691000000, "grossProfitRatio": 0.3376207199, "researchAndDevelopmentExpenses": 0, "generalAndAdministrativeExpenses": 0, "sellingAndMarketingExpenses": 0, "sellingGeneralAndAdministrativeExpenses": 420000000, "otherExpenses": 236000000, "operatingExpenses": 656000000, "costAndExpenses": 15745000000, "interestIncome": 419000000, "interestExpense": 560000000, "depreciationAndAmortization": 2224000000, "ebitda": 9261000000, "ebitdaratio": 0.4065408253, "operatingIncome": 7037000000, "operatingIncomeRatio": 0.3089113257, "totalOtherIncomeExpensesNet": -322000000, "incomeBeforeTax": 6715000000, "incomeBeforeTaxRatio": 0.2947761194, "incomeTaxExpense": 2267000000, "netIncome": 3468000000, "netIncomeRatio": 0.152238806, "eps": 2.4, "epsdiluted": 2.39, "weightedAverageShsOut": 1441000000, "weightedAverageShsOutDil": 1451000000, "link": "https://www.sec.gov/Archives/edgar/data/831259/000083125923000013/0000831259-23-000013-index.htm", "finalLink": "https://www.sec.gov/Archives/edgar/data/831259/000083125923000013/fcx-20221231.htm", "calculatedOtherExpenses": 234000000, "calculatedOperatingExpenses": 654000000, "calculatedNetInterest": -141000000, "calculatedOtherIncome": -181000000, "calculatedIncomeNonControlling": 980000000, "calculatedEbitda": 9261000000}, {"date": "2021-12-31", "symbol": "FCX", "reportedCurrency": "USD", "cik": "0000831259", "fillingDate": "2022-02-15", "acceptedDate": "2022-02-15 15:08:57", "calendarYear": "2021", "period": "FY", "revenue": 22845000000, "costOfRevenue": 14030000000, "grossProfit": 8815000000, "grossProfitRatio": 0.3858612388, "researchAndDevelopmentExpenses": 0, "generalAndAdministrativeExpenses": 0, "sellingAndMarketingExpenses": 0, "sellingGeneralAndAdministrativeExpenses": 383000000, "otherExpenses": 146000000, "operatingExpenses": 529000000, "costAndExpenses": 14559000000, "interestIncome": 559000000, "interestExpense": 602000000, "depreciationAndAmortization": 1813000000, "ebitda": 10179000000, "ebitdaratio": 0.445567958, "operatingIncome": 8366000000, "operatingIncomeRatio": 0.3662070475, "totalOtherIncomeExpensesNet": -707000000, "incomeBeforeTax": 7659000000, "incomeBeforeTaxRatio": 0.3352593565, "incomeTaxExpense": 2299000000, "netIncome": 4306000000, "netIncomeRatio": 0.1884876341, "eps": 2.93, "epsdiluted": 2.9, "weightedAverageShsOut": 1466000000, "weightedAverageShsOutDil": 1482000000, "link": "https://www.sec.gov/Archives/edgar/data/831259/000083125922000009/0000831259-22-000009-index.htm", "finalLink": "https://www.sec.gov/Archives/edgar/data/831259/000083125922000009/fcx-20211231.htm", "calculatedOtherExpenses": 66000000, "calculatedOperatingExpenses": 449000000, "calculatedNetInterest": -43000000, "calculatedOtherIncome": -664000000, "calculatedIncomeNonControlling": 1054000000, "calculatedEbitda": 10179000000}, {"date": "2020-12-31", "symbol": "FCX", "reportedCurrency": "USD", "cik": "0000831259", "fillingDate": "2021-02-16", "acceptedDate": "2021-02-16 15:38:33", "calendarYear": "2020", "period": "FY", "revenue": 14198000000, "costOfRevenue": 11655000000, "grossProfit": 2543000000, "grossProfitRatio": 0.1791097338, "researchAndDevelopmentExpenses": 0, "generalAndAdministrativeExpenses": 0, "sellingAndMarketingExpenses": 0, "sellingGeneralAndAdministrativeExpenses": 370000000, "otherExpenses": 209000000, "operatingExpenses": 579000000, "costAndExpenses": 12234000000, "interestIncome": 563000000, "interestExpense": 598000000, "depreciationAndAmortization": 1114000000, "ebitda": 3551000000, "ebitdaratio": 0.2501056487, "operatingIncome": 2437000000, "operatingIncomeRatio": 0.1716438935, "totalOtherIncomeExpensesNet": -640000000, "incomeBeforeTax": 1797000000, "incomeBeforeTaxRatio": 0.1265671221, "incomeTaxExpense": 944000000, "netIncome": 853000000, "netIncomeRatio": 0.0600788843, "eps": 0.59, "epsdiluted": 0.58, "weightedAverageShsOut": 1453000000, "weightedAverageShsOutDil": 1461000000, "link": "https://www.sec.gov/Archives/edgar/data/831259/000083125921000009/0000831259-21-000009-index.htm", "finalLink": "https://www.sec.gov/Archives/edgar/data/831259/000083125921000009/fcx-20201231.htm", "calculatedOtherExpenses": -264000000, "calculatedOperatingExpenses": 106000000, "calculatedNetInterest": -35000000, "calculatedOtherIncome": -605000000, "calculatedIncomeNonControlling": 0, "calculatedEbitda": 3551000000}, {"date": "2019-12-31", "symbol": "FCX", "reportedCurrency": "USD", "cik": "0000831259", "fillingDate": "2020-02-14", "acceptedDate": "2020-02-14 15:59:58", "calendarYear": "2019", "period": "FY", "revenue": 14402000000, "costOfRevenue": 13105000000, "grossProfit": 1297000000, "grossProfitRatio": 0.0900569365, "researchAndDevelopmentExpenses": 0, "generalAndAdministrativeExpenses": 0, "sellingAndMarketingExpenses": 0, "sellingGeneralAndAdministrativeExpenses": 414000000, "otherExpenses": 209000000, "operatingExpenses": 623000000, "costAndExpenses": 13728000000, "interestIncome": 542000000, "interestExpense": 620000000, "depreciationAndAmortization": 1412000000, "ebitda": 1948000000, "ebitdaratio": 0.1352589918, "operatingIncome": 536000000, "operatingIncomeRatio": 0.0372170532, "totalOtherIncomeExpensesNet": -230000000, "incomeBeforeTax": 306000000, "incomeBeforeTaxRatio": 0.021247049, "incomeTaxExpense": 510000000, "netIncome": -204000000, "netIncomeRatio": -0.0141646993, "eps": -0.14, "epsdiluted": -0.14, "weightedAverageShsOut": 1451000000, "weightedAverageShsOutDil": 1451000000, "link": "https://www.sec.gov/Archives/edgar/data/831259/000083125920000004/0000831259-20-000004-index.htm", "finalLink": "https://www.sec.gov/Archives/edgar/data/831259/000083125920000004/a2019form10-k.htm", "calculatedOtherExpenses": 347000000, "calculatedOperatingExpenses": 761000000, "calculatedNetInterest": -78000000, "calculatedOtherIncome": -152000000, "calculatedIncomeNonControlling": 0, "calculatedEbitda": 1948000000}, {"date": "2018-12-31", "symbol": "FCX", "reportedCurrency": "USD", "cik": "0000831259", "fillingDate": "2019-02-15", "acceptedDate": "2019-02-15 14:25:42", "calendarYear": "2018", "period": "FY", "revenue": 18628000000, "costOfRevenue": 13445000000, "grossProfit": 5183000000, "grossProfitRatio": 0.2782370625, "researchAndDevelopmentExpenses": 0, "generalAndAdministrativeExpenses": 0, "sellingAndMarketingExpenses": 0, "sellingGeneralAndAdministrativeExpenses": 443000000, "otherExpenses": 76000000, "operatingExpenses": 637000000, "costAndExpenses": 14082000000, "interestIncome": 0, "interestExpense": 945000000, "depreciationAndAmortization": 1754000000, "ebitda": 6376000000, "ebitdaratio": 0.3422804381, "operatingIncome": 4754000000, "operatingIncomeRatio": 0.2552072149, "totalOtherIncomeExpensesNet": 291000000, "incomeBeforeTax": 3892000000, "incomeBeforeTaxRatio": 0.2089327893, "incomeTaxExpense": 1374000000, "netIncome": 2257000000, "netIncomeRatio": 0.1211616921, "eps": 1.56, "epsdiluted": 1.55, "weightedAverageShsOut": 1449000000, "weightedAverageShsOutDil": 1458000000, "link": "https://www.sec.gov/Archives/edgar/data/831259/000083125919000009/0000831259-19-000009-index.htm", "finalLink": "https://www.sec.gov/Archives/edgar/data/831259/000083125919000009/a2018form10-k.htm", "calculatedOtherExpenses": -14000000, "calculatedOperatingExpenses": 429000000, "calculatedNetInterest": -945000000, "calculatedOtherIncome": 83000000, "calculatedIncomeNonControlling": 261000000, "calculatedEbitda": 6508000000}, {"date": "2017-12-31", "symbol": "FCX", "reportedCurrency": "USD", "cik": "0000831259", "fillingDate": "2018-02-20", "acceptedDate": "2018-02-20 17:05:25", "calendarYear": "2017", "period": "FY", "revenue": 16403000000, "costOfRevenue": 12022000000, "grossProfit": 4381000000, "grossProfitRatio": 0.2670852893, "researchAndDevelopmentExpenses": 0, "generalAndAdministrativeExpenses": 0, "sellingAndMarketingExpenses": 0, "sellingGeneralAndAdministrativeExpenses": 484000000, "otherExpenses": 49000000, "operatingExpenses": 829000000, "costAndExpenses": 12851000000, "interestIncome": 0, "interestExpense": 801000000, "depreciationAndAmortization": 1714000000, "ebitda": 5315000000, "ebitdaratio": 0.3240260928, "operatingIncome": 3633000000, "operatingIncomeRatio": 0.2214838749, "totalOtherIncomeExpensesNet": 151000000, "incomeBeforeTax": 2902000000, "incomeBeforeTaxRatio": 0.1769188563, "incomeTaxExpense": 883000000, "netIncome": 1817000000, "netIncomeRatio": 0.1107724197, "eps": 1.25, "epsdiluted": 1.25, "weightedAverageShsOut": 1447000000, "weightedAverageShsOutDil": 1454000000, "link": "https://www.sec.gov/Archives/edgar/data/831259/000083125918000008/0000831259-18-000008-index.htm", "finalLink": "https://www.sec.gov/Archives/edgar/data/831259/000083125918000008/a2017form10-k.htm", "calculatedOtherExpenses": 264000000, "calculatedOperatingExpenses": 748000000, "calculatedNetInterest": -801000000, "calculatedOtherIncome": 70000000, "calculatedIncomeNonControlling": 202000000, "calculatedEbitda": 5347000000}, {"date": "2016-12-31", "symbol": "FCX", "reportedCurrency": "USD", "cik": "0000831259", "fillingDate": "2017-02-24", "acceptedDate": "2017-02-24 13:07:11", "calendarYear": "2016", "period": "FY", "revenue": 14830000000, "costOfRevenue": 17580000000, "grossProfit": -2750000000, "grossProfitRatio": -0.1854349292, "researchAndDevelopmentExpenses": 0, "generalAndAdministrativeExpenses": 0, "sellingAndMarketingExpenses": 0, "sellingGeneralAndAdministrativeExpenses": 607000000, "otherExpenses": 49000000, "operatingExpenses": 691000000, "costAndExpenses": 18271000000, "interestIncome": 0, "interestExpense": 755000000, "depreciationAndAmortization": 2610000000, "ebitda": -782000000, "ebitdaratio": -0.0527309508, "operatingIncome": -2792000000, "operatingIncomeRatio": -0.1882670263, "totalOtherIncomeExpensesNet": 724000000, "incomeBeforeTax": -3472000000, "incomeBeforeTaxRatio": -0.234120027, "incomeTaxExpense": 371000000, "netIncome": -4315000000, "netIncomeRatio": -0.2909642616, "eps": -3.27, "epsdiluted": -3.27, "weightedAverageShsOut": 1317905405, "weightedAverageShsOutDil": 1318000000, "link": "https://www.sec.gov/Archives/edgar/data/831259/000083125917000012/0000831259-17-000012-index.htm", "finalLink": "https://www.sec.gov/Archives/edgar/data/831259/000083125917000012/a2016form10-k.htm", "calculatedOtherExpenses": -565000000, "calculatedOperatingExpenses": 42000000, "calculatedNetInterest": -755000000, "calculatedOtherIncome": 75000000, "calculatedIncomeNonControlling": 472000000, "calculatedEbitda": -182000000}, {"date": "2015-12-31", "symbol": "FCX", "reportedCurrency": "USD", "cik": "0000831259", "fillingDate": "2016-02-26", "acceptedDate": "2016-02-26 17:35:06", "calendarYear": "2015", "period": "FY", "revenue": 15877000000, "costOfRevenue": 28524000000, "grossProfit": -12647000000, "grossProfitRatio": -0.7965610632, "researchAndDevelopmentExpenses": 0, "generalAndAdministrativeExpenses": 0, "sellingAndMarketingExpenses": 0, "sellingGeneralAndAdministrativeExpenses": 569000000, "otherExpenses": -86000000, "operatingExpenses": 774000000, "costAndExpenses": 29298000000, "interestIncome": 0, "interestExpense": 645000000, "depreciationAndAmortization": 3497000000, "ebitda": -10010000000, "ebitdaratio": -0.6304717516, "operatingIncome": -13382000000, "operatingIncomeRatio": -0.8428544435, "totalOtherIncomeExpensesNet": 45000000, "incomeBeforeTax": -14021000000, "incomeBeforeTaxRatio": -0.8831013416, "incomeTaxExpense": -1935000000, "netIncome": -12195000000, "netIncomeRatio": -0.7680922089, "eps": -11.27, "epsdiluted": -11.27, "weightedAverageShsOut": 1082000000, "weightedAverageShsOutDil": 1082000000, "link": "https://www.sec.gov/Archives/edgar/data/831259/000083125916000062/0000831259-16-000062-index.htm", "finalLink": "https://www.sec.gov/Archives/edgar/data/831259/000083125916000062/a2015form10-k.htm", "calculatedOtherExpenses": 166000000, "calculatedOperatingExpenses": 735000000, "calculatedNetInterest": -645000000, "calculatedOtherIncome": 6000000, "calculatedIncomeNonControlling": 109000000, "calculatedEbitda": -9885000000}, {"date": "2014-12-31", "symbol": "FCX", "reportedCurrency": "USD", "cik": "0000831259", "fillingDate": "2015-02-27", "acceptedDate": "2015-02-27 14:06:45", "calendarYear": "2014", "period": "FY", "revenue": 21438000000, "costOfRevenue": 19504000000, "grossProfit": 1934000000, "grossProfitRatio": 0.0902136393, "researchAndDevelopmentExpenses": 0, "generalAndAdministrativeExpenses": 0, "sellingAndMarketingExpenses": 0, "sellingGeneralAndAdministrativeExpenses": 592000000, "otherExpenses": 36000000, "operatingExpenses": 837000000, "costAndExpenses": 20341000000, "interestIncome": 0, "interestExpense": 630000000, "depreciationAndAmortization": 3863000000, "ebitda": 4996000000, "ebitdaratio": 0.2330441273, "operatingIncome": 97000000, "operatingIncomeRatio": 0.0045246758, "totalOtherIncomeExpensesNet": -891000000, "incomeBeforeTax": -424000000, "incomeBeforeTaxRatio": -0.0197779644, "incomeTaxExpense": 324000000, "netIncome": -1268000000, "netIncomeRatio": -0.0591473085, "eps": -1.22, "epsdiluted": -1.22, "weightedAverageShsOut": 1038686131, "weightedAverageShsOutDil": 1039000000, "link": "https://www.sec.gov/Archives/edgar/data/831259/000083125915000016/0000831259-15-000016-index.htm", "finalLink": "https://www.sec.gov/Archives/edgar/data/831259/000083125915000016/a2014form10-k.htm", "calculatedOtherExpenses": 1245000000, "calculatedOperatingExpenses": 1837000000, "calculatedNetInterest": -630000000, "calculatedOtherIncome": 109000000, "calculatedIncomeNonControlling": 520000000, "calculatedEbitda": 3960000000}, {"date": "2013-12-31", "symbol": "FCX", "reportedCurrency": "USD", "cik": "0000831259", "fillingDate": "2014-02-27", "acceptedDate": "2014-02-27 16:35:39", "calendarYear": "2013", "period": "FY", "revenue": 20921000000, "costOfRevenue": 14637000000, "grossProfit": 6284000000, "grossProfitRatio": 0.3003680512, "researchAndDevelopmentExpenses": 0, "generalAndAdministrativeExpenses": 0, "sellingAndMarketingExpenses": 0, "sellingGeneralAndAdministrativeExpenses": 657000000, "otherExpenses": -13000000, "operatingExpenses": 933000000, "costAndExpenses": 15570000000, "interestIncome": 0, "interestExpense": 518000000, "depreciationAndAmortization": 2797000000, "ebitda": 8263000000, "ebitdaratio": 0.3949619999, "operatingIncome": 5351000000, "operatingIncomeRatio": 0.2557717126, "totalOtherIncomeExpensesNet": 80000000, "incomeBeforeTax": 4913000000, "incomeBeforeTaxRatio": 0.2348358109, "incomeTaxExpense": 1475000000, "netIncome": 2658000000, "netIncomeRatio": 0.1270493762, "eps": 2.65, "epsdiluted": 2.64, "weightedAverageShsOut": 1002000000, "weightedAverageShsOutDil": 1006000000, "link": "https://www.sec.gov/Archives/edgar/data/831259/000083125914000006/0000831259-14-000006-index.htm", "finalLink": "https://www.sec.gov/Archives/edgar/data/831259/000083125914000006/a2013form10-k.htm", "calculatedOtherExpenses": 276000000, "calculatedOperatingExpenses": 933000000, "calculatedNetInterest": -518000000, "calculatedOtherIncome": 80000000, "calculatedIncomeNonControlling": 780000000, "calculatedEbitda": 8148000000}, {"date": "2012-12-31", "symbol": "FCX", "reportedCurrency": "USD", "cik": "0000831259", "fillingDate": "2013-02-22", "acceptedDate": "2013-02-22 16:05:01", "calendarYear": "2012", "period": "FY", "revenue": 18010000000, "costOfRevenue": 11561000000, "grossProfit": 6449000000, "grossProfitRatio": 0.3580788451, "researchAndDevelopmentExpenses": 0, "generalAndAdministrativeExpenses": 0, "sellingAndMarketingExpenses": 0, "sellingGeneralAndAdministrativeExpenses": 431000000, "otherExpenses": 27000000, "operatingExpenses": 694000000, "costAndExpenses": 12255000000, "interestIncome": 0, "interestExpense": 186000000, "depreciationAndAmortization": 1179000000, "ebitda": 6961000000, "ebitdaratio": 0.3865074958, "operatingIncome": 5814000000, "operatingIncomeRatio": 0.3228206552, "totalOtherIncomeExpensesNet": -82000000, "incomeBeforeTax": 5487000000, "incomeBeforeTaxRatio": 0.3046640755, "incomeTaxExpense": 1510000000, "netIncome": 3041000000, "netIncomeRatio": 0.1688506385, "eps": 3.2, "epsdiluted": 3.19, "weightedAverageShsOut": 949000000, "weightedAverageShsOutDil": 954000000, "link": "https://www.sec.gov/Archives/edgar/data/831259/000083125913000014/0000831259-13-000014-index.htm", "finalLink": "https://www.sec.gov/Archives/edgar/data/831259/000083125913000014/a2012form10-k.htm", "calculatedOtherExpenses": 204000000, "calculatedOperatingExpenses": 635000000, "calculatedNetInterest": -186000000, "calculatedOtherIncome": -141000000, "calculatedIncomeNonControlling": 936000000, "calculatedEbitda": 6993000000}, {"date": "2011-12-31", "symbol": "FCX", "reportedCurrency": "USD", "cik": "0000831259", "fillingDate": "2012-02-27", "acceptedDate": "2012-02-27 17:16:26", "calendarYear": "2011", "period": "FY", "revenue": 20880000000, "costOfRevenue": 10920000000, "grossProfit": 9960000000, "grossProfitRatio": 0.4770114943, "researchAndDevelopmentExpenses": 271000000, "generalAndAdministrativeExpenses": 0, "sellingAndMarketingExpenses": 0, "sellingGeneralAndAdministrativeExpenses": 415000000, "otherExpenses": 0, "operatingExpenses": 686000000, "costAndExpenses": 11606000000, "interestIncome": 0, "interestExpense": 312000000, "depreciationAndAmortization": 1022000000, "ebitda": 10296000000, "ebitdaratio": 0.4931034483, "operatingIncome": 9140000000, "operatingIncomeRatio": 0.4377394636, "totalOtherIncomeExpensesNet": -144000000, "incomeBeforeTax": 8818000000, "incomeBeforeTaxRatio": 0.4223180077, "incomeTaxExpense": 3087000000, "netIncome": 4560000000, "netIncomeRatio": 0.2183908046, "eps": 4.81, "epsdiluted": 4.78, "weightedAverageShsOut": 947000000, "weightedAverageShsOutDil": 955000000, "link": "https://www.sec.gov/Archives/edgar/data/831259/000083125912000014/0000831259-12-000014-index.htm", "finalLink": "https://www.sec.gov/Archives/edgar/data/831259/000083125912000014/a2011form10-k.htm", "calculatedOtherExpenses": 134000000, "calculatedOperatingExpenses": 820000000, "calculatedNetInterest": -312000000, "calculatedOtherIncome": -10000000, "calculatedIncomeNonControlling": 1171000000, "calculatedEbitda": 10162000000}, {"date": "2010-12-31", "symbol": "FCX", "reportedCurrency": "USD", "cik": "0000831259", "fillingDate": "2011-02-25", "acceptedDate": "2011-02-25 16:47:58", "calendarYear": "2010", "period": "FY", "revenue": 18982000000, "costOfRevenue": 9533000000, "grossProfit": 9449000000, "grossProfitRatio": 0.4977873775, "researchAndDevelopmentExpenses": 0, "generalAndAdministrativeExpenses": 0, "sellingAndMarketingExpenses": 0, "sellingGeneralAndAdministrativeExpenses": 381000000, "otherExpenses": 0, "operatingExpenses": 381000000, "costAndExpenses": 9914000000, "interestIncome": 0, "interestExpense": 462000000, "depreciationAndAmortization": 1128000000, "ebitda": 10196000000, "ebitdaratio": 0.5371404488, "operatingIncome": 9068000000, "operatingIncomeRatio": 0.4777157307, "totalOtherIncomeExpensesNet": -94000000, "incomeBeforeTax": 8512000000, "incomeBeforeTaxRatio": 0.4484248235, "incomeTaxExpense": 2983000000, "netIncome": 4336000000, "netIncomeRatio": 0.2284269308, "eps": 4.67, "epsdiluted": 4.57, "weightedAverageShsOut": 916000000, "weightedAverageShsOutDil": 948000000, "link": "https://www.sec.gov/Archives/edgar/data/831259/000083125911000014/0000831259-11-000014-index.htm", "finalLink": "https://www.sec.gov/Archives/edgar/data/831259/000083125911000014/fcx123110-10k.htm", "calculatedOtherExpenses": 0, "calculatedOperatingExpenses": 381000000, "calculatedNetInterest": -462000000, "calculatedOtherIncome": -94000000, "calculatedIncomeNonControlling": 1193000000, "calculatedEbitda": 10196000000}, {"date": "2009-12-31", "symbol": "FCX", "reportedCurrency": "USD", "cik": "0000831259", "fillingDate": "2010-02-26", "acceptedDate": "2010-02-26 15:12:35", "calendarYear": "2009", "period": "FY", "revenue": 15040000000, "costOfRevenue": 8139000000, "grossProfit": 6901000000, "grossProfitRatio": 0.4588430851, "researchAndDevelopmentExpenses": 90000000, "generalAndAdministrativeExpenses": 0, "sellingAndMarketingExpenses": 0, "sellingGeneralAndAdministrativeExpenses": 321000000, "otherExpenses": 0, "operatingExpenses": 321000000, "costAndExpenses": 8460000000, "interestIncome": 0, "interestExpense": 586000000, "depreciationAndAmortization": 1137000000, "ebitda": 7717000000, "ebitdaratio": 0.5130984043, "operatingIncome": 6503000000, "operatingIncomeRatio": 0.4323803191, "totalOtherIncomeExpensesNet": -178000000, "incomeBeforeTax": 5816000000, "incomeBeforeTaxRatio": 0.3867021277, "incomeTaxExpense": 2307000000, "netIncome": 2749000000, "netIncomeRatio": 0.1827792553, "eps": 3.05, "epsdiluted": 2.93, "weightedAverageShsOut": 828000000, "weightedAverageShsOutDil": 938000000, "link": "https://www.sec.gov/Archives/edgar/data/831259/000083125910000010/0000831259-10-000010-index.htm", "finalLink": "https://www.sec.gov/Archives/edgar/data/831259/000083125910000010/fcx123109-10k.htm", "calculatedOtherExpenses": -13000000, "calculatedOperatingExpenses": 398000000, "calculatedNetInterest": -586000000, "calculatedOtherIncome": -101000000, "calculatedIncomeNonControlling": 760000000, "calculatedEbitda": 7640000000}, {"date": "2008-12-31", "symbol": "FCX", "reportedCurrency": "USD", "cik": "0000831259", "fillingDate": "2009-02-26", "acceptedDate": "2009-02-26 17:16:48", "calendarYear": "2008", "period": "FY", "revenue": 17796000000, "costOfRevenue": 12980000000, "grossProfit": 4816000000, "grossProfitRatio": 0.2706226118, "researchAndDevelopmentExpenses": 292000000, "generalAndAdministrativeExpenses": 0, "sellingAndMarketingExpenses": 0, "sellingGeneralAndAdministrativeExpenses": 269000000, "otherExpenses": 0, "operatingExpenses": 17526000000, "costAndExpenses": 30506000000, "interestIncome": 0, "interestExpense": 584000000, "depreciationAndAmortization": 1782000000, "ebitda": -10906000000, "ebitdaratio": -0.6128343448, "operatingIncome": -12710000000, "operatingIncomeRatio": -0.7142054394, "totalOtherIncomeExpensesNet": -22000000, "incomeBeforeTax": -13309000000, "incomeBeforeTaxRatio": -0.7478646887, "incomeTaxExpense": -2844000000, "netIncome": -11067000000, "netIncomeRatio": -0.6218813216, "eps": -14.49, "epsdiluted": -14.49, "weightedAverageShsOut": 764000000, "weightedAverageShsOutDil": 764000000, "link": "https://www.sec.gov/Archives/edgar/data/831259/000083125909000018/0000831259-09-000018-index.htm", "finalLink": "https://www.sec.gov/Archives/edgar/data/831259/000083125909000018/fcx123108-10k.htm", "calculatedOtherExpenses": 16965000000, "calculatedOperatingExpenses": 17526000000, "calculatedNetInterest": -584000000, "calculatedOtherIncome": -15000000, "calculatedIncomeNonControlling": 602000000, "calculatedEbitda": -10928000000}, {"date": "2007-12-31", "symbol": "FCX", "reportedCurrency": "USD", "cik": "0000831259", "fillingDate": "2008-02-29", "acceptedDate": "2008-02-29 15:16:18", "calendarYear": "2007", "period": "FY", "revenue": 16939000000, "costOfRevenue": 9918000000, "grossProfit": 7021000000, "grossProfitRatio": 0.4144872779, "researchAndDevelopmentExpenses": 0, "generalAndAdministrativeExpenses": 0, "sellingAndMarketingExpenses": 0, "sellingGeneralAndAdministrativeExpenses": 466000000, "otherExpenses": -173000000, "operatingExpenses": 293000000, "costAndExpenses": 10211000000, "interestIncome": 0, "interestExpense": -513000000, "depreciationAndAmortization": 1264000000, "ebitda": 8096000000, "ebitdaratio": 0.4779502922, "operatingIncome": 6555000000, "operatingIncomeRatio": 0.3869767991, "totalOtherIncomeExpensesNet": -82000000, "incomeBeforeTax": 6133000000, "incomeBeforeTaxRatio": 0.3620638763, "incomeTaxExpense": 2400000000, "netIncome": 2977000000, "netIncomeRatio": 0.1757482732, "eps": 4.06, "epsdiluted": 3.75, "weightedAverageShsOut": 682000000, "weightedAverageShsOutDil": 794000000, "link": "https://www.sec.gov/Archives/edgar/data/831259/000083125908000026/0000831259-08-000026-index.htm", "finalLink": "https://www.sec.gov/Archives/edgar/data/831259/000083125908000026/fcx123107-10k.htm", "calculatedOtherExpenses": 0, "calculatedOperatingExpenses": 466000000, "calculatedNetInterest": 513000000, "calculatedOtherIncome": -935000000, "calculatedIncomeNonControlling": 756000000, "calculatedEbitda": 7819000000}, {"date": "2006-12-31", "symbol": "FCX", "reportedCurrency": "USD", "cik": "0000831259", "fillingDate": "2007-02-28", "acceptedDate": "2007-02-28 17:10:05", "calendarYear": "2006", "period": "FY", "revenue": 5790500000, "costOfRevenue": 2537112000, "grossProfit": 3253388000, "grossProfitRatio": 0.5618492358, "researchAndDevelopmentExpenses": 0, "generalAndAdministrativeExpenses": 25908000, "sellingAndMarketingExpenses": 131162000, "sellingGeneralAndAdministrativeExpenses": 157070000, "otherExpenses": 195522000, "operatingExpenses": 352592000, "costAndExpenses": 2889704000, "interestIncome": 0, "interestExpense": -52086000, "depreciationAndAmortization": 232539000, "ebitda": 3139163000, "ebitdaratio": 0.54212296, "operatingIncome": 2868747000, "operatingIncomeRatio": 0.4954230205, "totalOtherIncomeExpensesNet": 662000, "incomeBeforeTax": 2825871000, "incomeBeforeTaxRatio": 0.4880184785, "incomeTaxExpense": 1201175000, "netIncome": 1456509000, "netIncomeRatio": 0.2515342371, "eps": 3.66, "epsdiluted": 3.32, "weightedAverageShsOut": 382000000, "weightedAverageShsOutDil": 442000000, "link": "https://www.sec.gov/Archives/edgar/data/831259/000083125907000029/0000831259-07-000029-index.htm", "finalLink": "https://www.sec.gov/Archives/edgar/data/831259/000083125907000029/fcx2006form10-k.htm", "calculatedOtherExpenses": 227571000, "calculatedOperatingExpenses": 384641000, "calculatedNetInterest": 52086000, "calculatedOtherIncome": -94962000, "calculatedIncomeNonControlling": 168187000, "calculatedEbitda": 3101286000}, {"date": "2005-12-31", "symbol": "FCX", "reportedCurrency": "USD", "cik": "0000831259", "fillingDate": "2006-03-15", "acceptedDate": "2006-03-14 19:59:05", "calendarYear": "2005", "period": "FY", "revenue": 4179118000, "costOfRevenue": 1646435000, "grossProfit": 2532683000, "grossProfitRatio": 0.6060328998, "researchAndDevelopmentExpenses": 0, "generalAndAdministrativeExpenses": 19431000, "sellingAndMarketingExpenses": 84454000, "sellingGeneralAndAdministrativeExpenses": 103885000, "otherExpenses": 251512000, "operatingExpenses": 355397000, "costAndExpenses": 2001832000, "interestIncome": 0, "interestExpense": -115641000, "depreciationAndAmortization": 259108000, "ebitda": 2454405000, "ebitdaratio": 0.5873021532, "operatingIncome": 2177286000, "operatingIncomeRatio": 0.5209917499, "totalOtherIncomeExpensesNet": -8709000, "incomeBeforeTax": 2036938000, "incomeBeforeTaxRatio": 0.4874085872, "incomeTaxExpense": 915068000, "netIncome": 995127000, "netIncomeRatio": 0.2381189045, "eps": 2.59, "epsdiluted": 2.34, "weightedAverageShsOut": 360540000, "weightedAverageShsOutDil": 440940000, "link": "https://www.sec.gov/Archives/edgar/data/831259/000083125906000004/0000831259-06-000004-index.htm", "finalLink": "https://www.sec.gov/Archives/edgar/data/831259/000083125906000004/fcx200510-k.htm", "calculatedOtherExpenses": 251512000, "calculatedOperatingExpenses": 355397000, "calculatedNetInterest": 115641000, "calculatedOtherIncome": -255989000, "calculatedIncomeNonControlling": 126743000, "calculatedEbitda": 2436394000}, {"date": "2004-12-31", "symbol": "FCX", "reportedCurrency": "USD", "cik": "0000831259", "fillingDate": "2005-03-16", "acceptedDate": "2005-03-16 14:53:14", "calendarYear": "2004", "period": "FY", "revenue": 2371866000, "costOfRevenue": 1458955000, "grossProfit": 912911000, "grossProfitRatio": 0.3848914736, "researchAndDevelopmentExpenses": 0, "generalAndAdministrativeExpenses": 18059000, "sellingAndMarketingExpenses": 71868000, "sellingGeneralAndAdministrativeExpenses": 89927000, "otherExpenses": 119408000, "operatingExpenses": 209335000, "costAndExpenses": 1668290000, "interestIncome": 0, "interestExpense": -125674000, "depreciationAndAmortization": 214909000, "ebitda": 814619000, "ebitdaratio": 0.343450684, "operatingIncome": 703576000, "operatingIncomeRatio": 0.2966339582, "totalOtherIncomeExpensesNet": 105911000, "incomeBeforeTax": 574384000, "incomeBeforeTaxRatio": 0.2421654512, "incomeTaxExpense": 330680000, "netIncome": 202267000, "netIncomeRatio": 0.0852775831, "eps": 0.43, "epsdiluted": 0.43, "weightedAverageShsOut": 364544000, "weightedAverageShsOutDil": 369846000, "link": "https://www.sec.gov/Archives/edgar/data/831259/000083125905000021/0000831259-05-000021-index.htm", "finalLink": "https://www.sec.gov/Archives/edgar/data/831259/000083125905000021/fcx200410-k.htm", "calculatedOtherExpenses": 119408000, "calculatedOperatingExpenses": 209335000, "calculatedNetInterest": 125674000, "calculatedOtherIncome": -254866000, "calculatedIncomeNonControlling": 41437000, "calculatedEbitda": 918485000}, {"date": "2003-12-31", "symbol": "FCX", "reportedCurrency": "USD", "cik": "0000831259", "fillingDate": "2004-03-10", "acceptedDate": "2004-03-10 12:08:30", "calendarYear": "2003", "period": "FY", "revenue": 2212165000, "costOfRevenue": 1077775000, "grossProfit": 1134390000, "grossProfitRatio": 0.5127962878, "researchAndDevelopmentExpenses": 0, "generalAndAdministrativeExpenses": 14937000, "sellingAndMarketingExpenses": 65342000, "sellingGeneralAndAdministrativeExpenses": 80279000, "otherExpenses": 196214000, "operatingExpenses": 276493000, "costAndExpenses": 1354268000, "interestIncome": 0, "interestExpense": -151453000, "depreciationAndAmortization": 246999000, "ebitda": 1187610000, "ebitdaratio": 0.5368541677, "operatingIncome": 823308000, "operatingIncomeRatio": 0.3721729618, "totalOtherIncomeExpensesNet": -77105000, "incomeBeforeTax": 583775000, "incomeBeforeTaxRatio": 0.263893064, "incomeTaxExpense": 338053000, "netIncome": 181660000, "netIncomeRatio": 0.0821186485, "eps": 0.5, "epsdiluted": 0.49, "weightedAverageShsOut": 311610000, "weightedAverageShsOutDil": 318204000, "link": "https://www.sec.gov/Archives/edgar/data/831259/000083125904000007/0000831259-04-000007-index.htm", "finalLink": "https://www.sec.gov/Archives/edgar/data/831259/000083125904000007/f10k2003.htm", "calculatedOtherExpenses": 230803000, "calculatedOperatingExpenses": 311082000, "calculatedNetInterest": 151453000, "calculatedOtherIncome": -390986000, "calculatedIncomeNonControlling": 64062000, "calculatedEbitda": 1070307000}, {"date": "2002-12-31", "symbol": "FCX", "reportedCurrency": "USD", "cik": "0000831259", "fillingDate": "2003-03-27", "acceptedDate": "2003-03-26 21:44:09", "calendarYear": "2002", "period": "FY", "revenue": 1910462000, "costOfRevenue": 941574000, "grossProfit": 968888000, "grossProfitRatio": 0.5071485327, "researchAndDevelopmentExpenses": 0, "generalAndAdministrativeExpenses": 4328000, "sellingAndMarketingExpenses": 63977000, "sellingGeneralAndAdministrativeExpenses": 68305000, "otherExpenses": 260446000, "operatingExpenses": 328751000, "costAndExpenses": 1270325000, "interestIncome": 0, "interestExpense": -104794000, "depreciationAndAmortization": 272475000, "ebitda": 927697000, "ebitdaratio": 0.4855877793, "operatingIncome": 640137000, "operatingIncomeRatio": 0.3350692136, "totalOtherIncomeExpensesNet": -19266000, "incomeBeforeTax": 413221000, "incomeBeforeTaxRatio": 0.2162937551, "incomeTaxExpense": 245518000, "netIncome": 164654000, "netIncomeRatio": 0.0861854358, "eps": 0.44, "epsdiluted": 0.44, "weightedAverageShsOut": 289298000, "weightedAverageShsOutDil": 292836000, "link": "https://www.sec.gov/Archives/edgar/data/831259/000083125903000015/0000831259-03-000015-index.htm", "finalLink": "https://www.sec.gov/Archives/edgar/data/831259/000083125903000015/f10k2002.htm", "calculatedOtherExpenses": 260446000, "calculatedOperatingExpenses": 328751000, "calculatedNetInterest": 104794000, "calculatedOtherIncome": -331710000, "calculatedIncomeNonControlling": 3049000, "calculatedEbitda": 912612000}, {"date": "2001-12-31", "symbol": "FCX", "reportedCurrency": "USD", "cik": "0000831259", "fillingDate": "2002-03-08", "acceptedDate": "2002-03-08 00:00:00", "calendarYear": "2001", "period": "FY", "revenue": 1838866000, "costOfRevenue": 952629000, "grossProfit": 886237000, "grossProfitRatio": 0.4819475699, "researchAndDevelopmentExpenses": 0, "generalAndAdministrativeExpenses": 59422000, "sellingAndMarketingExpenses": 0, "sellingGeneralAndAdministrativeExpenses": 59422000, "otherExpenses": 283889000, "operatingExpenses": 343311000, "costAndExpenses": 1295940000, "interestIncome": 0, "interestExpense": -173595000, "depreciationAndAmortization": 283889000, "ebitda": 832233000, "ebitdaratio": 0.4525794702, "operatingIncome": 542926000, "operatingIncomeRatio": 0.2952504424, "totalOtherIncomeExpensesNet": -10555000, "incomeBeforeTax": 358776000, "incomeBeforeTaxRatio": 0.1951072019, "incomeTaxExpense": 202979000, "netIncome": 113025000, "netIncomeRatio": 0.0614645113, "eps": 0.27, "epsdiluted": 0.27, "weightedAverageShsOut": 287904000, "weightedAverageShsOutDil": 289876000, "link": "https://www.sec.gov/Archives/edgar/data/831259/000095012902001200/0000950129-02-001200-index.htm", "finalLink": "https://www.sec.gov/Archives/edgar/data/831259/000095012902001200/h94688e10-k405.txt", "calculatedOtherExpenses": 283889000, "calculatedOperatingExpenses": 343311000, "calculatedNetInterest": 173595000, "calculatedOtherIncome": -357745000, "calculatedIncomeNonControlling": 42772000, "calculatedEbitda": 826815000}, {"date": "2000-12-31", "symbol": "FCX", "reportedCurrency": "USD", "cik": "0000831259", "fillingDate": "2001-03-23", "acceptedDate": "2001-03-23 00:00:00", "calendarYear": "2000", "period": "FY", "revenue": 1868610000, "costOfRevenue": 1019771000, "grossProfit": 848839000, "grossProfitRatio": 0.4542622591, "researchAndDevelopmentExpenses": 0, "generalAndAdministrativeExpenses": 70950000, "sellingAndMarketingExpenses": 0, "sellingGeneralAndAdministrativeExpenses": 70950000, "otherExpenses": 283556000, "operatingExpenses": 354506000, "costAndExpenses": 1374277000, "interestIncome": 0, "interestExpense": 0, "depreciationAndAmortization": 283556000, "ebitda": 793636000, "ebitdaratio": 0.424719979, "operatingIncome": 494333000, "operatingIncomeRatio": 0.2645458389, "totalOtherIncomeExpensesNet": -15747000, "incomeBeforeTax": 236560000, "incomeBeforeTaxRatio": 0.1265967751, "incomeTaxExpense": 159573000, "netIncome": 76987000, "netIncomeRatio": 0.0412001434, "eps": 0.13, "epsdiluted": 0.13, "weightedAverageShsOut": 307994000, "weightedAverageShsOutDil": 309038000, "link": "https://www.sec.gov/Archives/edgar/data/831259/000083125901500005/0000831259-01-500005-index.htm", "finalLink": "https://www.sec.gov/Archives/edgar/data/831259/000083125901500005/k10.txt", "calculatedOtherExpenses": 283556000, "calculatedOperatingExpenses": 354506000, "calculatedNetInterest": 0, "calculatedOtherIncome": -257773000, "calculatedIncomeNonControlling": 0, "calculatedEbitda": 777889000}, {"date": "1999-12-31", "symbol": "FCX", "reportedCurrency": "USD", "cik": "0000831259", "fillingDate": "2000-03-20", "acceptedDate": "2000-03-20 00:00:00", "calendarYear": "1999", "period": "FY", "revenue": 1887300000, "costOfRevenue": 940300000, "grossProfit": 947000000, "grossProfitRatio": 0.5017750225, "researchAndDevelopmentExpenses": 0, "generalAndAdministrativeExpenses": 70600000, "sellingAndMarketingExpenses": 0, "sellingGeneralAndAdministrativeExpenses": 70600000, "otherExpenses": 293200000, "operatingExpenses": 363800000, "costAndExpenses": 1304100000, "interestIncome": 0, "interestExpense": 0, "depreciationAndAmortization": 293200000, "ebitda": 884700000, "ebitdaratio": 0.4687649022, "operatingIncome": 583200000, "operatingIncomeRatio": 0.3090128755, "totalOtherIncomeExpensesNet": -8300000, "incomeBeforeTax": 332200000, "incomeBeforeTaxRatio": 0.176018651, "incomeTaxExpense": 195700000, "netIncome": 136500000, "netIncomeRatio": 0.0723255444, "eps": 0.31, "epsdiluted": 0.31, "weightedAverageShsOut": 327226000, "weightedAverageShsOutDil": 329134000, "link": "https://www.sec.gov/Archives/edgar/data/831259/000083125900000006/0000831259-00-000006-index.html", "finalLink": "https://www.sec.gov/Archives/edgar/data/831259/000083125900000006/", "calculatedOtherExpenses": 293200000, "calculatedOperatingExpenses": 363800000, "calculatedNetInterest": 0, "calculatedOtherIncome": -251000000, "calculatedIncomeNonControlling": 0, "calculatedEbitda": 876400000}, {"date": "1998-12-31", "symbol": "FCX", "reportedCurrency": "USD", "cik": "0000831259", "fillingDate": "1999-03-19", "acceptedDate": "1999-03-19 00:00:00", "calendarYear": "1998", "period": "FY", "revenue": 1757100000, "costOfRevenue": 817600000, "grossProfit": 939500000, "grossProfitRatio": 0.5346878379, "researchAndDevelopmentExpenses": 0, "generalAndAdministrativeExpenses": 87800000, "sellingAndMarketingExpenses": 0, "sellingGeneralAndAdministrativeExpenses": 87800000, "otherExpenses": 277400000, "operatingExpenses": 365200000, "costAndExpenses": 1182800000, "interestIncome": 0, "interestExpense": 0, "depreciationAndAmortization": 277400000, "ebitda": 859000000, "ebitdaratio": 0.4888737124, "operatingIncome": 574300000, "operatingIncomeRatio": 0.3268453702, "totalOtherIncomeExpensesNet": -7300000, "incomeBeforeTax": 324400000, "incomeBeforeTaxRatio": 0.1846223892, "incomeTaxExpense": 170600000, "netIncome": 153800000, "netIncomeRatio": 0.0875305902, "eps": 0.34, "epsdiluted": 0.34, "weightedAverageShsOut": 350706000, "weightedAverageShsOutDil": 350708000, "link": "https://www.sec.gov/Archives/edgar/data/831259/000083125999000002/0000831259-99-000002-index.html", "finalLink": "https://www.sec.gov/Archives/edgar/data/831259/", "calculatedOtherExpenses": 277400000, "calculatedOperatingExpenses": 365200000, "calculatedNetInterest": 0, "calculatedOtherIncome": -249900000, "calculatedIncomeNonControlling": 0, "calculatedEbitda": 851700000}, {"date": "1997-12-31", "symbol": "FCX", "reportedCurrency": "USD", "cik": "0000831259", "fillingDate": "1998-03-31", "acceptedDate": "1998-03-31 00:00:00", "calendarYear": "1997", "period": "FY", "revenue": 2000900000, "costOfRevenue": 1026200000, "grossProfit": 974700000, "grossProfitRatio": 0.4871307911, "researchAndDevelopmentExpenses": 0, "generalAndAdministrativeExpenses": 96600000, "sellingAndMarketingExpenses": 0, "sellingGeneralAndAdministrativeExpenses": 96600000, "otherExpenses": 213900000, "operatingExpenses": 310500000, "costAndExpenses": 1336700000, "interestIncome": 0, "interestExpense": 0, "depreciationAndAmortization": 213900000, "ebitda": 873800000, "ebitdaratio": 0.4367034834, "operatingIncome": 664200000, "operatingIncomeRatio": 0.3319506222, "totalOtherIncomeExpensesNet": 4300000, "incomeBeforeTax": 476400000, "incomeBeforeTaxRatio": 0.2380928582, "incomeTaxExpense": 231300000, "netIncome": 245100000, "netIncomeRatio": 0.1224948773, "eps": 0.53, "epsdiluted": 0.53, "weightedAverageShsOut": 393396226, "weightedAverageShsOutDil": 393396226, "link": "https://www.sec.gov/Archives/edgar/data/831259/000083125998000003/0000831259-98-000003-index.html", "finalLink": "https://www.sec.gov/Archives/edgar/data/831259/", "calculatedOtherExpenses": 213900000, "calculatedOperatingExpenses": 310500000, "calculatedNetInterest": 0, "calculatedOtherIncome": -187800000, "calculatedIncomeNonControlling": 0, "calculatedEbitda": 878100000}, {"date": "1996-12-31", "symbol": "FCX", "reportedCurrency": "USD", "cik": "0000831259", "fillingDate": "1997-03-28", "acceptedDate": "1997-03-28 00:00:00", "calendarYear": "1996", "period": "FY", "revenue": 1905000000, "costOfRevenue": 951900000, "grossProfit": 953100000, "grossProfitRatio": 0.5003149606, "researchAndDevelopmentExpenses": 0, "generalAndAdministrativeExpenses": 140900000, "sellingAndMarketingExpenses": 0, "sellingGeneralAndAdministrativeExpenses": 140900000, "otherExpenses": 174000000, "operatingExpenses": 314900000, "costAndExpenses": 1266800000, "interestIncome": 0, "interestExpense": 0, "depreciationAndAmortization": 174000000, "ebitda": 811200000, "ebitdaratio": 0.4258267717, "operatingIncome": 638200000, "operatingIncomeRatio": 0.3350131234, "totalOtherIncomeExpensesNet": 1000000, "incomeBeforeTax": 473400000, "incomeBeforeTaxRatio": 0.248503937, "incomeTaxExpense": 247200000, "netIncome": 226200000, "netIncomeRatio": 0.1187401575, "eps": 0.45, "epsdiluted": 0.45, "weightedAverageShsOut": 388000000, "weightedAverageShsOutDil": 392359551, "link": "https://www.sec.gov/Archives/edgar/data/831259/000083125997000009/0000831259-97-000009-index.html", "finalLink": "https://www.sec.gov/Archives/edgar/data/831259/", "calculatedOtherExpenses": 174000000, "calculatedOperatingExpenses": 314900000, "calculatedNetInterest": 0, "calculatedOtherIncome": -164800000, "calculatedIncomeNonControlling": 0, "calculatedEbitda": 812200000}, {"date": "1995-12-31", "symbol": "FCX", "reportedCurrency": "USD", "cik": "0000831259", "fillingDate": "1996-03-27", "acceptedDate": "1996-03-27 00:00:00", "calendarYear": "1995", "period": "FY", "revenue": 1834300000, "costOfRevenue": 932400000, "grossProfit": 901900000, "grossProfitRatio": 0.4916862018, "researchAndDevelopmentExpenses": 0, "generalAndAdministrativeExpenses": 185300000, "sellingAndMarketingExpenses": 0, "sellingGeneralAndAdministrativeExpenses": 185300000, "otherExpenses": 124100000, "operatingExpenses": 309400000, "costAndExpenses": 1241800000, "interestIncome": 0, "interestExpense": 0, "depreciationAndAmortization": 124100000, "ebitda": 716600000, "ebitdaratio": 0.3906667394, "operatingIncome": 592500000, "operatingIncomeRatio": 0.323011503, "totalOtherIncomeExpensesNet": -104900000, "incomeBeforeTax": 487600000, "incomeBeforeTaxRatio": 0.2658234749, "incomeTaxExpense": 234000000, "netIncome": 253600000, "netIncomeRatio": 0.138254375, "eps": 0.49, "epsdiluted": 0.49, "weightedAverageShsOut": 408812000, "weightedAverageShsOutDil": 408812000, "link": "https://www.sec.gov/Archives/edgar/data/831259/000083125996000003/0000831259-96-000003-index.html", "finalLink": "https://www.sec.gov/Archives/edgar/data/831259/", "calculatedOtherExpenses": 124100000, "calculatedOperatingExpenses": 309400000, "calculatedNetInterest": 0, "calculatedOtherIncome": -104900000, "calculatedIncomeNonControlling": 0, "calculatedEbitda": 716600000}, {"date": "1994-12-31", "symbol": "FCX", "reportedCurrency": "USD", "cik": "0000831259", "fillingDate": "1995-03-23", "acceptedDate": "1995-03-23 00:00:00", "calendarYear": "1994", "period": "FY", "revenue": 1212300000, "costOfRevenue": 780600000, "grossProfit": 431700000, "grossProfitRatio": 0.3560999753, "researchAndDevelopmentExpenses": 0, "generalAndAdministrativeExpenses": 109000000, "sellingAndMarketingExpenses": 0, "sellingGeneralAndAdministrativeExpenses": 109000000, "otherExpenses": 75100000, "operatingExpenses": 184100000, "costAndExpenses": 964700000, "interestIncome": 0, "interestExpense": 0, "depreciationAndAmortization": 75100000, "ebitda": 291100000, "ebitdaratio": 0.240122082, "operatingIncome": 247600000, "operatingIncomeRatio": 0.2042398746, "totalOtherIncomeExpensesNet": 31600000, "incomeBeforeTax": 253600000, "incomeBeforeTaxRatio": 0.2091891446, "incomeTaxExpense": 123400000, "netIncome": 130200000, "netIncomeRatio": 0.1073991586, "eps": 0.19, "epsdiluted": 0.19, "weightedAverageShsOut": 411510000, "weightedAverageShsOutDil": 411510000, "link": "https://www.sec.gov/Archives/edgar/data/831259/000083125995000006/0000831259-95-000006-index.html", "finalLink": "https://www.sec.gov/Archives/edgar/data/831259/", "calculatedOtherExpenses": 75100000, "calculatedOperatingExpenses": 184100000, "calculatedNetInterest": 0, "calculatedOtherIncome": 6000000, "calculatedIncomeNonControlling": 0, "calculatedEbitda": 322700000}, {"date": "1993-12-31", "symbol": "FCX", "reportedCurrency": "USD", "cik": "0000831259", "fillingDate": "1994-03-31", "acceptedDate": "1994-03-31 00:00:00", "calendarYear": "1993", "period": "FY", "revenue": 925900000, "costOfRevenue": 567100000, "grossProfit": 358800000, "grossProfitRatio": 0.3875148504, "researchAndDevelopmentExpenses": 0, "generalAndAdministrativeExpenses": 0, "sellingAndMarketingExpenses": 0, "sellingGeneralAndAdministrativeExpenses": 135900000, "otherExpenses": 67900000, "operatingExpenses": 203800000, "costAndExpenses": 770900000, "interestIncome": 0, "interestExpense": 0, "depreciationAndAmortization": 67900000, "ebitda": 225100000, "ebitdaratio": 0.2431148072, "operatingIncome": 155000000, "operatingIncomeRatio": 0.1674046873, "totalOtherIncomeExpensesNet": -2200000, "incomeBeforeTax": 128300000, "incomeBeforeTaxRatio": 0.1385678799, "incomeTaxExpense": 67600000, "netIncome": 50800000, "netIncomeRatio": 0.0548655362, "eps": 0.055, "epsdiluted": 0.055, "weightedAverageShsOut": 396363636, "weightedAverageShsOutDil": 396363636, "link": "https://www.sec.gov/Archives/edgar/data/831259/000095010394001945/0000950103-94-001945-index.html", "finalLink": "https://www.sec.gov/Archives/edgar/data/831259/", "calculatedOtherExpenses": 67900000, "calculatedOperatingExpenses": 203800000, "calculatedNetInterest": 0, "calculatedOtherIncome": -26700000, "calculatedIncomeNonControlling": 9900000, "calculatedEbitda": 222900000}, {"date": "1992-12-31", "symbol": "FCX", "reportedCurrency": "USD", "cik": "0000831259", "fillingDate": "1992-12-31", "acceptedDate": "1992-12-30 19:00:00", "calendarYear": "1992", "period": "FY", "revenue": 714300000, "costOfRevenue": 291600000, "grossProfit": 422700000, "grossProfitRatio": 0.5917681646, "researchAndDevelopmentExpenses": 0, "generalAndAdministrativeExpenses": 0, "sellingAndMarketingExpenses": 0, "sellingGeneralAndAdministrativeExpenses": 80700000, "otherExpenses": 65600000, "operatingExpenses": 146300000, "costAndExpenses": 437900000, "interestIncome": 0, "interestExpense": 0, "depreciationAndAmortization": 65600000, "ebitda": 334800000, "ebitdaratio": 0.4687106258, "operatingIncome": 276400000, "operatingIncomeRatio": 0.386952261, "totalOtherIncomeExpensesNet": 7200000, "incomeBeforeTax": 233600000, "incomeBeforeTaxRatio": 0.3270334593, "incomeTaxExpense": 103700000, "netIncome": 129900000, "netIncomeRatio": 0.1818563629, "eps": 0.33, "epsdiluted": 0.33, "weightedAverageShsOut": 372424242, "weightedAverageShsOutDil": 372424242, "link": "", "finalLink": "", "calculatedOtherExpenses": 65600000, "calculatedOperatingExpenses": 146300000, "calculatedNetInterest": 0, "calculatedOtherIncome": -42800000, "calculatedIncomeNonControlling": 0, "calculatedEbitda": 342000000}, {"date": "1991-12-31", "symbol": "FCX", "reportedCurrency": "USD", "cik": "0000831259", "fillingDate": "1991-12-31", "acceptedDate": "1991-12-30 19:00:00", "calendarYear": "1991", "period": "FY", "revenue": 467500000, "costOfRevenue": 204400000, "grossProfit": 263100000, "grossProfitRatio": 0.5627807487, "researchAndDevelopmentExpenses": 0, "generalAndAdministrativeExpenses": 0, "sellingAndMarketingExpenses": 0, "sellingGeneralAndAdministrativeExpenses": 47100000, "otherExpenses": 38400000, "operatingExpenses": 85500000, "costAndExpenses": 289900000, "interestIncome": 0, "interestExpense": 0, "depreciationAndAmortization": 38400000, "ebitda": 212500000, "ebitdaratio": 0.4545454545, "operatingIncome": 177600000, "operatingIncomeRatio": 0.3798930481, "totalOtherIncomeExpensesNet": 3500000, "incomeBeforeTax": 147600000, "incomeBeforeTaxRatio": 0.3157219251, "incomeTaxExpense": 45600000, "netIncome": 96200000, "netIncomeRatio": 0.2057754011, "eps": 0.27, "epsdiluted": 0.27, "weightedAverageShsOut": 363018868, "weightedAverageShsOutDil": 363018868, "link": "", "finalLink": "", "calculatedOtherExpenses": 38400000, "calculatedOperatingExpenses": 85500000, "calculatedNetInterest": 0, "calculatedOtherIncome": -30000000, "calculatedIncomeNonControlling": 5800000, "calculatedEbitda": 216000000}, {"date": "1990-12-31", "symbol": "FCX", "reportedCurrency": "USD", "cik": "0000831259", "fillingDate": "1990-12-31", "acceptedDate": "1990-12-30 19:00:00", "calendarYear": "1990", "period": "FY", "revenue": 434100000, "costOfRevenue": 160000000, "grossProfit": 274100000, "grossProfitRatio": 0.6314213315, "researchAndDevelopmentExpenses": 0, "generalAndAdministrativeExpenses": 0, "sellingAndMarketingExpenses": 0, "sellingGeneralAndAdministrativeExpenses": 34100000, "otherExpenses": 35500000, "operatingExpenses": 69600000, "costAndExpenses": 229600000, "interestIncome": 0, "interestExpense": 0, "depreciationAndAmortization": 35500000, "ebitda": 238800000, "ebitdaratio": 0.5501036628, "operatingIncome": 204500000, "operatingIncomeRatio": 0.4710896107, "totalOtherIncomeExpensesNet": 1200000, "incomeBeforeTax": 178200000, "incomeBeforeTaxRatio": 0.4105044921, "incomeTaxExpense": 85600000, "netIncome": 92600000, "netIncomeRatio": 0.2133149044, "eps": 0.27, "epsdiluted": 0.27, "weightedAverageShsOut": 342962963, "weightedAverageShsOutDil": 342962963, "link": "", "finalLink": "", "calculatedOtherExpenses": 35500000, "calculatedOperatingExpenses": 69600000, "calculatedNetInterest": 0, "calculatedOtherIncome": -26300000, "calculatedIncomeNonControlling": 0, "calculatedEbitda": 240000000}, {"date": "1989-12-31", "symbol": "FCX", "reportedCurrency": "USD", "cik": "0000831259", "fillingDate": "1989-12-31", "acceptedDate": "1989-12-30 19:00:00", "calendarYear": "1989", "period": "FY", "revenue": 367900000, "costOfRevenue": 118500000, "grossProfit": 249400000, "grossProfitRatio": 0.6779016037, "researchAndDevelopmentExpenses": 0, "generalAndAdministrativeExpenses": 0, "sellingAndMarketingExpenses": 0, "sellingGeneralAndAdministrativeExpenses": 21200000, "otherExpenses": 24600000, "operatingExpenses": 45800000, "costAndExpenses": 164300000, "interestIncome": 0, "interestExpense": 0, "depreciationAndAmortization": 24600000, "ebitda": 225600000, "ebitdaratio": 0.6132101114, "operatingIncome": 203600000, "operatingIncomeRatio": 0.5534112531, "totalOtherIncomeExpensesNet": 2600000, "incomeBeforeTax": 188600000, "incomeBeforeTaxRatio": 0.5126393042, "incomeTaxExpense": 89900000, "netIncome": 98700000, "netIncomeRatio": 0.2682794238, "eps": 0.29, "epsdiluted": 0.29, "weightedAverageShsOut": 339655172, "weightedAverageShsOutDil": 339655172, "link": "", "finalLink": "", "calculatedOtherExpenses": 24600000, "calculatedOperatingExpenses": 45800000, "calculatedNetInterest": 0, "calculatedOtherIncome": -15000000, "calculatedIncomeNonControlling": 0, "calculatedEbitda": 228200000}, {"date": "1988-12-31", "symbol": "FCX", "reportedCurrency": "USD", "cik": "0000831259", "fillingDate": "1988-12-31", "acceptedDate": "1988-12-30 19:00:00", "calendarYear": "1988", "period": "FY", "revenue": 335000000, "costOfRevenue": 98600000, "grossProfit": 236400000, "grossProfitRatio": 0.7056716418, "researchAndDevelopmentExpenses": 0, "generalAndAdministrativeExpenses": 0, "sellingAndMarketingExpenses": 0, "sellingGeneralAndAdministrativeExpenses": 15500000, "otherExpenses": 20900000, "operatingExpenses": 36400000, "costAndExpenses": 135000000, "interestIncome": 0, "interestExpense": 0, "depreciationAndAmortization": 20900000, "ebitda": 219900000, "ebitdaratio": 0.6564179104, "operatingIncome": 200000000, "operatingIncomeRatio": 0.5970149254, "totalOtherIncomeExpensesNet": 1000000, "incomeBeforeTax": 183000000, "incomeBeforeTaxRatio": 0.5462686567, "incomeTaxExpense": 88800000, "netIncome": 94200000, "netIncomeRatio": 0.2811940299, "eps": 0.23, "epsdiluted": 0.23, "weightedAverageShsOut": 412682927, "weightedAverageShsOutDil": 412682927, "link": "", "finalLink": "", "calculatedOtherExpenses": 20900000, "calculatedOperatingExpenses": 36400000, "calculatedNetInterest": 0, "calculatedOtherIncome": -17000000, "calculatedIncomeNonControlling": 0, "calculatedEbitda": 220900000}, {"date": "1987-12-31", "symbol": "FCX", "reportedCurrency": "USD", "cik": "0000831259", "fillingDate": "1987-12-31", "acceptedDate": "1987-12-30 19:00:00", "calendarYear": "1987", "period": "FY", "revenue": 190000000, "costOfRevenue": 79600000, "grossProfit": 110400000, "grossProfitRatio": 0.5810526316, "researchAndDevelopmentExpenses": 0, "generalAndAdministrativeExpenses": 0, "sellingAndMarketingExpenses": 0, "sellingGeneralAndAdministrativeExpenses": 9900000, "otherExpenses": 23300000, "operatingExpenses": 33200000, "costAndExpenses": 112800000, "interestIncome": 0, "interestExpense": 0, "depreciationAndAmortization": 23300000, "ebitda": 99600000, "ebitdaratio": 0.5242105263, "operatingIncome": 77200000, "operatingIncomeRatio": 0.4063157895, "totalOtherIncomeExpensesNet": 900000, "incomeBeforeTax": 67900000, "incomeBeforeTaxRatio": 0.3573684211, "incomeTaxExpense": 24500000, "netIncome": 43400000, "netIncomeRatio": 0.2284210526, "eps": 0.11, "epsdiluted": 0.11, "weightedAverageShsOut": 412682927, "weightedAverageShsOutDil": 412682927, "link": "", "finalLink": "", "calculatedOtherExpenses": 23300000, "calculatedOperatingExpenses": 33200000, "calculatedNetInterest": 0, "calculatedOtherIncome": -9300000, "calculatedIncomeNonControlling": 0, "calculatedEbitda": 100500000}]}