{"originalCurrency": "USD", "convertedCurrency": "USD", "report": [{"date": "2023-12-31", "symbol": "FE", "reportedCurrency": "USD", "cik": "0001031296", "fillingDate": "2024-02-13", "acceptedDate": "2024-02-13 07:00:38", "calendarYear": "2023", "period": "FY", "revenue": 12870000000, "costOfRevenue": 4646000000, "grossProfit": 8224000000, "grossProfitRatio": 0.639005439, "researchAndDevelopmentExpenses": 0, "generalAndAdministrativeExpenses": 78000000, "sellingAndMarketingExpenses": 0, "sellingGeneralAndAdministrativeExpenses": 78000000, "otherExpenses": 164000000, "operatingExpenses": 6036000000, "costAndExpenses": 10682000000, "interestIncome": 1071000000, "interestExpense": 1027000000, "depreciationAndAmortization": 1280000000, "ebitda": 3988000000, "ebitdaratio": 0.3098679099, "operatingIncome": 2266000000, "operatingIncomeRatio": 0.1760683761, "totalOtherIncomeExpensesNet": 303000000, "incomeBeforeTax": 1464000000, "incomeBeforeTaxRatio": 0.1137529138, "incomeTaxExpense": 267000000, "netIncome": 1102000000, "netIncomeRatio": 0.0856254856, "eps": 1.92, "epsdiluted": 1.92, "weightedAverageShsOut": 573000000, "weightedAverageShsOutDil": 574000000, "link": "https://www.sec.gov/Archives/edgar/data/1031296/000103129624000008/0001031296-24-000008-index.htm", "finalLink": "https://www.sec.gov/Archives/edgar/data/1031296/000103129624000008/fe-20231231.htm", "calculatedOtherExpenses": 5880000000, "calculatedOperatingExpenses": 5958000000, "calculatedNetInterest": 44000000, "calculatedOtherIncome": -846000000, "calculatedIncomeNonControlling": 95000000, "calculatedEbitda": 3546000000}, {"date": "2022-12-31", "symbol": "FE", "reportedCurrency": "USD", "cik": "0001031296", "fillingDate": "2023-02-13", "acceptedDate": "2023-02-13 17:01:49", "calendarYear": "2022", "period": "FY", "revenue": 12459000000, "costOfRevenue": 4593000000, "grossProfit": 7866000000, "grossProfitRatio": 0.6313508307, "researchAndDevelopmentExpenses": 0, "generalAndAdministrativeExpenses": -72000000, "sellingAndMarketingExpenses": 0, "sellingGeneralAndAdministrativeExpenses": -72000000, "otherExpenses": 5956000000, "operatingExpenses": 5884000000, "costAndExpenses": 10477000000, "interestIncome": 1011000000, "interestExpense": 955000000, "depreciationAndAmortization": 1317000000, "ebitda": 3940000000, "ebitdaratio": 0.3162372582, "operatingIncome": 2623000000, "operatingIncomeRatio": 0.2105305402, "totalOtherIncomeExpensesNet": -1184000000, "incomeBeforeTax": 1439000000, "incomeBeforeTaxRatio": 0.1154988362, "incomeTaxExpense": 1000000000, "netIncome": 406000000, "netIncomeRatio": 0.032586885, "eps": 0.71, "epsdiluted": 0.71, "weightedAverageShsOut": 571000000, "weightedAverageShsOutDil": 572000000, "link": "https://www.sec.gov/Archives/edgar/data/1031296/000103129623000014/0001031296-23-000014-index.htm", "finalLink": "https://www.sec.gov/Archives/edgar/data/1031296/000103129623000014/fe-20221231.htm", "calculatedOtherExpenses": 5315000000, "calculatedOperatingExpenses": 5243000000, "calculatedNetInterest": 56000000, "calculatedOtherIncome": -1240000000, "calculatedIncomeNonControlling": 33000000, "calculatedEbitda": 3940000000}, {"date": "2021-12-31", "symbol": "FE", "reportedCurrency": "USD", "cik": "0001031296", "fillingDate": "2022-02-16", "acceptedDate": "2022-02-16 16:21:58", "calendarYear": "2021", "period": "FY", "revenue": 11132000000, "costOfRevenue": 3445000000, "grossProfit": 7687000000, "grossProfitRatio": 0.6905318002, "researchAndDevelopmentExpenses": 0, "generalAndAdministrativeExpenses": -382000000, "sellingAndMarketingExpenses": 0, "sellingGeneralAndAdministrativeExpenses": -382000000, "otherExpenses": 5840000000, "operatingExpenses": 5458000000, "costAndExpenses": 8903000000, "interestIncome": 1112000000, "interestExpense": 1066000000, "depreciationAndAmortization": 1601000000, "ebitda": 4347000000, "ebitdaratio": 0.3904958678, "operatingIncome": 2746000000, "operatingIncomeRatio": 0.2466762487, "totalOtherIncomeExpensesNet": -1187000000, "incomeBeforeTax": 1559000000, "incomeBeforeTaxRatio": 0.1400467122, "incomeTaxExpense": 320000000, "netIncome": 1283000000, "netIncomeRatio": 0.1152533238, "eps": 2.27, "epsdiluted": 2.26, "weightedAverageShsOut": 545000000, "weightedAverageShsOutDil": 546000000, "link": "https://www.sec.gov/Archives/edgar/data/1031296/000103129622000013/0001031296-22-000013-index.htm", "finalLink": "https://www.sec.gov/Archives/edgar/data/1031296/000103129622000013/fe-20211231.htm", "calculatedOtherExpenses": 5323000000, "calculatedOperatingExpenses": 4941000000, "calculatedNetInterest": 46000000, "calculatedOtherIncome": -1233000000, "calculatedIncomeNonControlling": -44000000, "calculatedEbitda": 4347000000}, {"date": "2020-12-31", "symbol": "FE", "reportedCurrency": "USD", "cik": "0001031296", "fillingDate": "2021-02-18", "acceptedDate": "2021-02-18 06:50:45", "calendarYear": "2020", "period": "FY", "revenue": 10790000000, "costOfRevenue": 3070000000, "grossProfit": 7720000000, "grossProfitRatio": 0.7154772938, "researchAndDevelopmentExpenses": 0, "generalAndAdministrativeExpenses": 477000000, "sellingAndMarketingExpenses": 0, "sellingGeneralAndAdministrativeExpenses": 477000000, "otherExpenses": 5558000000, "operatingExpenses": 6035000000, "costAndExpenses": 9105000000, "interestIncome": 1037000000, "interestExpense": 988000000, "depreciationAndAmortization": 1154000000, "ebitda": 3316000000, "ebitdaratio": 0.3073215941, "operatingIncome": 2162000000, "operatingIncomeRatio": 0.2003707136, "totalOtherIncomeExpensesNet": -1033000000, "incomeBeforeTax": 1129000000, "incomeBeforeTaxRatio": 0.1046339203, "incomeTaxExpense": 126000000, "netIncome": 1079000000, "netIncomeRatio": 0.1, "eps": 1.85, "epsdiluted": 1.85, "weightedAverageShsOut": 542000000, "weightedAverageShsOutDil": 543000000, "link": "https://www.sec.gov/Archives/edgar/data/1031296/000103129621000020/0001031296-21-000020-index.htm", "finalLink": "https://www.sec.gov/Archives/edgar/data/1031296/000103129621000020/fe-20201231.htm", "calculatedOtherExpenses": 5081000000, "calculatedOperatingExpenses": 5558000000, "calculatedNetInterest": 49000000, "calculatedOtherIncome": -1082000000, "calculatedIncomeNonControlling": -76000000, "calculatedEbitda": 3316000000}, {"date": "2019-12-31", "symbol": "FE", "reportedCurrency": "USD", "cik": "0001031296", "fillingDate": "2020-02-10", "acceptedDate": "2020-02-10 07:13:59", "calendarYear": "2019", "period": "FY", "revenue": 11035000000, "costOfRevenue": 3424000000, "grossProfit": 7611000000, "grossProfitRatio": 0.6897145446, "researchAndDevelopmentExpenses": 0, "generalAndAdministrativeExpenses": 674000000, "sellingAndMarketingExpenses": 0, "sellingGeneralAndAdministrativeExpenses": 674000000, "otherExpenses": 5101000000, "operatingExpenses": 5775000000, "costAndExpenses": 9199000000, "interestIncome": 1007000000, "interestExpense": 962000000, "depreciationAndAmortization": 786000000, "ebitda": 3296000000, "ebitdaratio": 0.2986859991, "operatingIncome": 2510000000, "operatingIncomeRatio": 0.2274580879, "totalOtherIncomeExpensesNet": -1393000000, "incomeBeforeTax": 1117000000, "incomeBeforeTaxRatio": 0.1012233802, "incomeTaxExpense": 213000000, "netIncome": 912000000, "netIncomeRatio": 0.082646126, "eps": 1.59, "epsdiluted": 1.57, "weightedAverageShsOut": 535000000, "weightedAverageShsOutDil": 542000000, "link": "https://www.sec.gov/Archives/edgar/data/1031296/000103129620000008/0001031296-20-000008-index.htm", "finalLink": "https://www.sec.gov/Archives/edgar/data/1031296/000103129620000008/fe-12312019x10k.htm", "calculatedOtherExpenses": 4427000000, "calculatedOperatingExpenses": 5101000000, "calculatedNetInterest": 45000000, "calculatedOtherIncome": -1438000000, "calculatedIncomeNonControlling": -8000000, "calculatedEbitda": 3296000000}, {"date": "2018-12-31", "symbol": "FE", "reportedCurrency": "USD", "cik": "0001031296", "fillingDate": "2019-02-19", "acceptedDate": "2019-02-19 16:50:00", "calendarYear": "2018", "period": "FY", "revenue": 11261000000, "costOfRevenue": 3647000000, "grossProfit": 7614000000, "grossProfitRatio": 0.6761388864, "researchAndDevelopmentExpenses": 0, "generalAndAdministrativeExpenses": 144000000, "sellingAndMarketingExpenses": 0, "sellingGeneralAndAdministrativeExpenses": 144000000, "otherExpenses": 205000000, "operatingExpenses": 5256000000, "costAndExpenses": 8903000000, "interestIncome": 0, "interestExpense": 1051000000, "depreciationAndAmortization": 1384000000, "ebitda": 3947000000, "ebitdaratio": 0.3505017316, "operatingIncome": 2502000000, "operatingIncomeRatio": 0.2221827546, "totalOtherIncomeExpensesNet": 205000000, "incomeBeforeTax": 1512000000, "incomeBeforeTaxRatio": 0.134268715, "incomeTaxExpense": 490000000, "netIncome": 1348000000, "netIncomeRatio": 0.1197051772, "eps": 2.74, "epsdiluted": 2.73, "weightedAverageShsOut": 492000000, "weightedAverageShsOutDil": 494000000, "link": "https://www.sec.gov/Archives/edgar/data/1031296/000103129619000010/0001031296-19-000010-index.htm", "finalLink": "https://www.sec.gov/Archives/edgar/data/1031296/000103129619000010/fe-12312018x10k.htm", "calculatedOtherExpenses": 4968000000, "calculatedOperatingExpenses": 5112000000, "calculatedNetInterest": -1051000000, "calculatedOtherIncome": 61000000, "calculatedIncomeNonControlling": -326000000, "calculatedEbitda": 3886000000}, {"date": "2017-12-31", "symbol": "FE", "reportedCurrency": "USD", "cik": "0001031296", "fillingDate": "2018-02-20", "acceptedDate": "2018-02-20 16:54:49", "calendarYear": "2017", "period": "FY", "revenue": 14017000000, "costOfRevenue": 4577000000, "grossProfit": 9440000000, "grossProfitRatio": 0.6734679318, "researchAndDevelopmentExpenses": 0, "generalAndAdministrativeExpenses": 141000000, "sellingAndMarketingExpenses": 0, "sellingGeneralAndAdministrativeExpenses": 141000000, "otherExpenses": 6721000000, "operatingExpenses": 6862000000, "costAndExpenses": 11439000000, "interestIncome": 0, "interestExpense": 1099000000, "depreciationAndAmortization": 1700000000, "ebitda": 2578000000, "ebitdaratio": 0.1839195263, "operatingIncome": 172000000, "operatingIncomeRatio": 0.012270814, "totalOtherIncomeExpensesNet": -2308000000, "incomeBeforeTax": -829000000, "incomeBeforeTaxRatio": -0.0591424699, "incomeTaxExpense": 895000000, "netIncome": -1724000000, "netIncomeRatio": -0.1229935079, "eps": -3.88, "epsdiluted": -3.88, "weightedAverageShsOut": 444000000, "weightedAverageShsOutDil": 444000000, "link": "https://www.sec.gov/Archives/edgar/data/1031296/000103129618000015/0001031296-18-000015-index.htm", "finalLink": "https://www.sec.gov/Archives/edgar/data/1031296/000103129618000015/fe-12312017x10k.htm", "calculatedOtherExpenses": 9127000000, "calculatedOperatingExpenses": 9268000000, "calculatedNetInterest": -1099000000, "calculatedOtherIncome": 98000000, "calculatedIncomeNonControlling": 0, "calculatedEbitda": 1872000000}, {"date": "2016-12-31", "symbol": "FE", "reportedCurrency": "USD", "cik": "0001031296", "fillingDate": "2017-02-21", "acceptedDate": "2017-02-21 17:10:38", "calendarYear": "2016", "period": "FY", "revenue": 14562000000, "costOfRevenue": 5479000000, "grossProfit": 9083000000, "grossProfitRatio": 0.6237467381, "researchAndDevelopmentExpenses": 0, "generalAndAdministrativeExpenses": 147000000, "sellingAndMarketingExpenses": 0, "sellingGeneralAndAdministrativeExpenses": 147000000, "otherExpenses": 6533000000, "operatingExpenses": 6680000000, "costAndExpenses": 12159000000, "interestIncome": 0, "interestExpense": 1054000000, "depreciationAndAmortization": 1997000000, "ebitda": 4400000000, "ebitdaratio": 0.3021562972, "operatingIncome": -8262000000, "operatingIncomeRatio": -0.5673671199, "totalOtherIncomeExpensesNet": -10581000000, "incomeBeforeTax": -9232000000, "incomeBeforeTaxRatio": -0.6339788491, "incomeTaxExpense": -3055000000, "netIncome": -6177000000, "netIncomeRatio": -0.4241862382, "eps": -14.5, "epsdiluted": -14.5, "weightedAverageShsOut": 426000000, "weightedAverageShsOutDil": 426000000, "link": "https://www.sec.gov/Archives/edgar/data/1031296/000103129617000015/0001031296-17-000015-index.htm", "finalLink": "https://www.sec.gov/Archives/edgar/data/1031296/000103129617000015/fe-12312016x10k.htm", "calculatedOtherExpenses": 17198000000, "calculatedOperatingExpenses": 17345000000, "calculatedNetInterest": -1054000000, "calculatedOtherIncome": 84000000, "calculatedIncomeNonControlling": 0, "calculatedEbitda": -6265000000}, {"date": "2015-12-31", "symbol": "FE", "reportedCurrency": "USD", "cik": "0001031296", "fillingDate": "2016-02-16", "acceptedDate": "2016-02-16 16:59:25", "calendarYear": "2015", "period": "FY", "revenue": 15026000000, "costOfRevenue": 6173000000, "grossProfit": 8853000000, "grossProfitRatio": 0.5891787568, "researchAndDevelopmentExpenses": 0, "generalAndAdministrativeExpenses": 242000000, "sellingAndMarketingExpenses": 0, "sellingGeneralAndAdministrativeExpenses": 242000000, "otherExpenses": 6277000000, "operatingExpenses": 6519000000, "costAndExpenses": 12692000000, "interestIncome": 0, "interestExpense": 1015000000, "depreciationAndAmortization": 1836000000, "ebitda": 4170000000, "ebitdaratio": 0.2775189671, "operatingIncome": 2292000000, "operatingIncomeRatio": 0.152535605, "totalOtherIncomeExpensesNet": -426000000, "incomeBeforeTax": 893000000, "incomeBeforeTaxRatio": 0.0594303208, "incomeTaxExpense": 315000000, "netIncome": 578000000, "netIncomeRatio": 0.0384666578, "eps": 1.37, "epsdiluted": 1.37, "weightedAverageShsOut": 422000000, "weightedAverageShsOutDil": 424000000, "link": "https://www.sec.gov/Archives/edgar/data/1031296/000103129616000071/0001031296-16-000071-index.htm", "finalLink": "https://www.sec.gov/Archives/edgar/data/1031296/000103129616000071/fe-12312015x10k.htm", "calculatedOtherExpenses": 6319000000, "calculatedOperatingExpenses": 6561000000, "calculatedNetInterest": -1015000000, "calculatedOtherIncome": -384000000, "calculatedIncomeNonControlling": 0, "calculatedEbitda": 4128000000}, {"date": "2014-12-31", "symbol": "FE", "reportedCurrency": "USD", "cik": "0001031296", "fillingDate": "2015-02-17", "acceptedDate": "2015-02-17 16:32:21", "calendarYear": "2014", "period": "FY", "revenue": 15049000000, "costOfRevenue": 6996000000, "grossProfit": 8053000000, "grossProfitRatio": 0.5351186125, "researchAndDevelopmentExpenses": 0, "generalAndAdministrativeExpenses": 835000000, "sellingAndMarketingExpenses": 0, "sellingGeneralAndAdministrativeExpenses": 835000000, "otherExpenses": 6156000000, "operatingExpenses": 6991000000, "costAndExpenses": 13987000000, "interestIncome": 0, "interestExpense": 955000000, "depreciationAndAmortization": 1500000000, "ebitda": 2562000000, "ebitdaratio": 0.17024387, "operatingIncome": 1062000000, "operatingIncomeRatio": 0.0705694731, "totalOtherIncomeExpensesNet": 64000000, "incomeBeforeTax": 171000000, "incomeBeforeTaxRatio": 0.0113628813, "incomeTaxExpense": -42000000, "netIncome": 299000000, "netIncomeRatio": 0.0198684298, "eps": 0.71, "epsdiluted": 0.71, "weightedAverageShsOut": 420000000, "weightedAverageShsOutDil": 421000000, "link": "https://www.sec.gov/Archives/edgar/data/1031296/000103129615000011/0001031296-15-000011-index.htm", "finalLink": "https://www.sec.gov/Archives/edgar/data/1031296/000103129615000011/fe-12312014x10k.htm", "calculatedOtherExpenses": 6156000000, "calculatedOperatingExpenses": 6991000000, "calculatedNetInterest": -955000000, "calculatedOtherIncome": 64000000, "calculatedIncomeNonControlling": -86000000, "calculatedEbitda": 2562000000}, {"date": "2013-12-31", "symbol": "FE", "reportedCurrency": "USD", "cik": "0001031296", "fillingDate": "2014-02-27", "acceptedDate": "2014-02-27 15:10:55", "calendarYear": "2013", "period": "FY", "revenue": 14917000000, "costOfRevenue": 6459000000, "grossProfit": 8458000000, "grossProfitRatio": 0.5670040893, "researchAndDevelopmentExpenses": 0, "generalAndAdministrativeExpenses": -256000000, "sellingAndMarketingExpenses": 0, "sellingGeneralAndAdministrativeExpenses": -256000000, "otherExpenses": 6312000000, "operatingExpenses": 6056000000, "costAndExpenses": 12515000000, "interestIncome": 0, "interestExpense": 941000000, "depreciationAndAmortization": 209000000, "ebitda": 2611000000, "ebitdaratio": 0.1750351947, "operatingIncome": 1607000000, "operatingIncomeRatio": 0.1077294362, "totalOtherIncomeExpensesNet": -891000000, "incomeBeforeTax": 570000000, "incomeBeforeTaxRatio": 0.0382114366, "incomeTaxExpense": 195000000, "netIncome": 392000000, "netIncomeRatio": 0.0262787424, "eps": 0.94, "epsdiluted": 0.94, "weightedAverageShsOut": 418000000, "weightedAverageShsOutDil": 419000000, "link": "https://www.sec.gov/Archives/edgar/data/1031296/000103129614000010/0001031296-14-000010-index.htm", "finalLink": "https://www.sec.gov/Archives/edgar/data/1031296/000103129614000010/fe-12312013x10k.htm", "calculatedOtherExpenses": 7107000000, "calculatedOperatingExpenses": 6851000000, "calculatedNetInterest": -941000000, "calculatedOtherIncome": -96000000, "calculatedIncomeNonControlling": -17000000, "calculatedEbitda": 1816000000}, {"date": "2012-12-31", "symbol": "FE", "reportedCurrency": "USD", "cik": "0001031296", "fillingDate": "2013-02-25", "acceptedDate": "2013-02-25 15:09:18", "calendarYear": "2012", "period": "FY", "revenue": 15303000000, "costOfRevenue": 6708000000, "grossProfit": 8595000000, "grossProfitRatio": 0.5616545775, "researchAndDevelopmentExpenses": 0, "generalAndAdministrativeExpenses": 609000000, "sellingAndMarketingExpenses": 0, "sellingGeneralAndAdministrativeExpenses": 609000000, "otherExpenses": 6185000000, "operatingExpenses": 6794000000, "costAndExpenses": 13502000000, "interestIncome": 0, "interestExpense": 929000000, "depreciationAndAmortization": 1334000000, "ebitda": 3135000000, "ebitdaratio": 0.2048617918, "operatingIncome": 2176000000, "operatingIncomeRatio": 0.142194341, "totalOtherIncomeExpensesNet": 452000000, "incomeBeforeTax": 1324000000, "incomeBeforeTaxRatio": 0.0865189832, "incomeTaxExpense": 553000000, "netIncome": 770000000, "netIncomeRatio": 0.0503169313, "eps": 1.85, "epsdiluted": 1.84, "weightedAverageShsOut": 418000000, "weightedAverageShsOutDil": 419000000, "link": "https://www.sec.gov/Archives/edgar/data/1031296/000103129613000010/0001031296-13-000010-index.htm", "finalLink": "https://www.sec.gov/Archives/edgar/data/53456/000103129613000010/fe-12312012x10k.htm", "calculatedOtherExpenses": 5810000000, "calculatedOperatingExpenses": 6419000000, "calculatedNetInterest": -929000000, "calculatedOtherIncome": 77000000, "calculatedIncomeNonControlling": 1000000, "calculatedEbitda": 3510000000}, {"date": "2011-12-31", "symbol": "FE", "reportedCurrency": "USD", "cik": "0001031296", "fillingDate": "2012-02-28", "acceptedDate": "2012-02-28 16:23:58", "calendarYear": "2011", "period": "FY", "revenue": 16258000000, "costOfRevenue": 7303000000, "grossProfit": 8955000000, "grossProfitRatio": 0.5508057572, "researchAndDevelopmentExpenses": 0, "generalAndAdministrativeExpenses": 0, "sellingAndMarketingExpenses": 0, "sellingGeneralAndAdministrativeExpenses": 3909000000, "otherExpenses": 2428000000, "operatingExpenses": 6337000000, "costAndExpenses": 13640000000, "interestIncome": 70000000, "interestExpense": 1008000000, "depreciationAndAmortization": 1121000000, "ebitda": 3809000000, "ebitdaratio": 0.2342846599, "operatingIncome": 1698000000, "operatingIncomeRatio": 0.1044408906, "totalOtherIncomeExpensesNet": -237000000, "incomeBeforeTax": 1443000000, "incomeBeforeTaxRatio": 0.0887563046, "incomeTaxExpense": 574000000, "netIncome": 885000000, "netIncomeRatio": 0.0544347398, "eps": 2.22, "epsdiluted": 2.21, "weightedAverageShsOut": 399000000, "weightedAverageShsOutDil": 401000000, "link": "https://www.sec.gov/Archives/edgar/data/1031296/000103129612000012/0001031296-12-000012-index.htm", "finalLink": "https://www.sec.gov/Archives/edgar/data/20947/000103129612000012/fe-12312011x10k.htm", "calculatedOtherExpenses": 3348000000, "calculatedOperatingExpenses": 7257000000, "calculatedNetInterest": -938000000, "calculatedOtherIncome": 683000000, "calculatedIncomeNonControlling": -16000000, "calculatedEbitda": 2819000000}, {"date": "2010-12-31", "symbol": "FE", "reportedCurrency": "USD", "cik": "0001031296", "fillingDate": "2011-02-16", "acceptedDate": "2011-02-16 16:16:59", "calendarYear": "2010", "period": "FY", "revenue": 13339000000, "costOfRevenue": 6056000000, "grossProfit": 7283000000, "grossProfitRatio": 0.545992953, "researchAndDevelopmentExpenses": 0, "generalAndAdministrativeExpenses": 0, "sellingAndMarketingExpenses": 0, "sellingGeneralAndAdministrativeExpenses": 2850000000, "otherExpenses": 2244000000, "operatingExpenses": 5094000000, "costAndExpenses": 11150000000, "interestIncome": 165000000, "interestExpense": 845000000, "depreciationAndAmortization": 746000000, "ebitda": 3100000000, "ebitdaratio": 0.2324012295, "operatingIncome": 1805000000, "operatingIncomeRatio": 0.1353174901, "totalOtherIncomeExpensesNet": -267000000, "incomeBeforeTax": 1242000000, "incomeBeforeTaxRatio": 0.0931104281, "incomeTaxExpense": 482000000, "netIncome": 784000000, "netIncomeRatio": 0.0587750206, "eps": 2.44, "epsdiluted": 2.42, "weightedAverageShsOut": 304000000, "weightedAverageShsOutDil": 305000000, "link": "https://www.sec.gov/Archives/edgar/data/1031296/000095012311014700/0000950123-11-014700-index.htm", "finalLink": "https://www.sec.gov/Archives/edgar/data/20947/000095012311014700/c11256e10vk.htm", "calculatedOtherExpenses": 2628000000, "calculatedOperatingExpenses": 5478000000, "calculatedNetInterest": -680000000, "calculatedOtherIncome": 117000000, "calculatedIncomeNonControlling": -24000000, "calculatedEbitda": 2551000000}, {"date": "2009-12-31", "symbol": "FE", "reportedCurrency": "USD", "cik": "0001031296", "fillingDate": "2010-02-19", "acceptedDate": "2010-02-18 19:40:30", "calendarYear": "2009", "period": "FY", "revenue": 12967000000, "costOfRevenue": 5883000000, "grossProfit": 7084000000, "grossProfitRatio": 0.5463098635, "researchAndDevelopmentExpenses": 0, "generalAndAdministrativeExpenses": 0, "sellingAndMarketingExpenses": 0, "sellingGeneralAndAdministrativeExpenses": 0, "otherExpenses": 5205000000, "operatingExpenses": 5341000000, "costAndExpenses": 11224000000, "interestIncome": 130000000, "interestExpense": 978000000, "depreciationAndAmortization": 1755000000, "ebitda": 3764000000, "ebitdaratio": 0.2902753143, "operatingIncome": 1879000000, "operatingIncomeRatio": 0.1449063006, "totalOtherIncomeExpensesNet": 340000000, "incomeBeforeTax": 1235000000, "incomeBeforeTaxRatio": 0.0952417676, "incomeTaxExpense": 245000000, "netIncome": 1006000000, "netIncomeRatio": 0.0775815532, "eps": 3.31, "epsdiluted": 3.29, "weightedAverageShsOut": 304000000, "weightedAverageShsOutDil": 306000000, "link": "https://www.sec.gov/Archives/edgar/data/1031296/000103129610000011/0001031296-10-000011-index.htm", "finalLink": "https://www.sec.gov/Archives/edgar/data/20947/000103129610000011/form10k.htm", "calculatedOtherExpenses": 5205000000, "calculatedOperatingExpenses": 5205000000, "calculatedNetInterest": -848000000, "calculatedOtherIncome": 204000000, "calculatedIncomeNonControlling": -16000000, "calculatedEbitda": 3634000000}, {"date": "2008-12-31", "symbol": "FE", "reportedCurrency": "USD", "cik": "0001031296", "fillingDate": "2009-02-25", "acceptedDate": "2009-02-24 20:28:15", "calendarYear": "2008", "period": "FY", "revenue": 13627000000, "costOfRevenue": 5631000000, "grossProfit": 7996000000, "grossProfitRatio": 0.586776253, "researchAndDevelopmentExpenses": 0, "generalAndAdministrativeExpenses": 0, "sellingAndMarketingExpenses": 0, "sellingGeneralAndAdministrativeExpenses": 0, "otherExpenses": 5550000000, "operatingExpenses": 5550000000, "costAndExpenses": 11181000000, "interestIncome": 0, "interestExpense": 0, "depreciationAndAmortization": 1730000000, "ebitda": 3801000000, "ebitdaratio": 0.278931533, "operatingIncome": 2446000000, "operatingIncomeRatio": 0.1794965877, "totalOtherIncomeExpensesNet": 375000000, "incomeBeforeTax": 2119000000, "incomeBeforeTaxRatio": 0.1555001101, "incomeTaxExpense": 777000000, "netIncome": 1342000000, "netIncomeRatio": 0.0984809569, "eps": 4.41, "epsdiluted": 4.38, "weightedAverageShsOut": 304000000, "weightedAverageShsOutDil": 307000000, "link": "https://www.sec.gov/Archives/edgar/data/1031296/000103129609000008/0001031296-09-000008-index.htm", "finalLink": "https://www.sec.gov/Archives/edgar/data/20947/000103129609000008/form10k_2008.htm", "calculatedOtherExpenses": 5550000000, "calculatedOperatingExpenses": 5550000000, "calculatedNetInterest": 0, "calculatedOtherIncome": -327000000, "calculatedIncomeNonControlling": 0, "calculatedEbitda": 4176000000}, {"date": "2007-12-31", "symbol": "FE", "reportedCurrency": "USD", "cik": "0001031296", "fillingDate": "2008-02-29", "acceptedDate": "2008-02-28 17:51:17", "calendarYear": "2007", "period": "FY", "revenue": 12802000000, "costOfRevenue": 5014000000, "grossProfit": 7788000000, "grossProfitRatio": 0.6083424465, "researchAndDevelopmentExpenses": 0, "generalAndAdministrativeExpenses": 0, "sellingAndMarketingExpenses": 0, "sellingGeneralAndAdministrativeExpenses": 0, "otherExpenses": 5497000000, "operatingExpenses": 5497000000, "costAndExpenses": 10511000000, "interestIncome": 0, "interestExpense": 0, "depreciationAndAmortization": 1758000000, "ebitda": 3405000000, "ebitdaratio": 0.2659740666, "operatingIncome": 2291000000, "operatingIncomeRatio": 0.1789564131, "totalOtherIncomeExpensesNet": 644000000, "incomeBeforeTax": 2192000000, "incomeBeforeTaxRatio": 0.1712232464, "incomeTaxExpense": 883000000, "netIncome": 1309000000, "netIncomeRatio": 0.1022496485, "eps": 4.27, "epsdiluted": 4.22, "weightedAverageShsOut": 306000000, "weightedAverageShsOutDil": 310000000, "link": "https://www.sec.gov/Archives/edgar/data/1031296/000103129608000049/0001031296-08-000049-index.htm", "finalLink": "https://www.sec.gov/Archives/edgar/data/20947/000103129608000049/form10k_2007.htm", "calculatedOtherExpenses": 5497000000, "calculatedOperatingExpenses": 5497000000, "calculatedNetInterest": 0, "calculatedOtherIncome": -99000000, "calculatedIncomeNonControlling": 0, "calculatedEbitda": 4049000000}, {"date": "2006-12-31", "symbol": "FE", "reportedCurrency": "USD", "cik": "0001031296", "fillingDate": "2007-02-28", "acceptedDate": "2007-02-27 21:08:21", "calendarYear": "2006", "period": "FY", "revenue": 11501000000, "costOfRevenue": 4253000000, "grossProfit": 7248000000, "grossProfitRatio": 0.630206069, "researchAndDevelopmentExpenses": 0, "generalAndAdministrativeExpenses": 0, "sellingAndMarketingExpenses": 0, "sellingGeneralAndAdministrativeExpenses": 0, "otherExpenses": 5142000000, "operatingExpenses": 5142000000, "costAndExpenses": 9395000000, "interestIncome": 0, "interestExpense": 0, "depreciationAndAmortization": 1547000000, "ebitda": 3004000000, "ebitdaratio": 0.2611946787, "operatingIncome": 2106000000, "operatingIncomeRatio": 0.1831145118, "totalOtherIncomeExpensesNet": 649000000, "incomeBeforeTax": 2053000000, "incomeBeforeTaxRatio": 0.1785062169, "incomeTaxExpense": 795000000, "netIncome": 1254000000, "netIncomeRatio": 0.109033997, "eps": 3.84, "epsdiluted": 3.81, "weightedAverageShsOut": 324000000, "weightedAverageShsOutDil": 327000000, "link": "https://www.sec.gov/Archives/edgar/data/1031296/000004077907000024/0000040779-07-000024-index.htm", "finalLink": "https://www.sec.gov/Archives/edgar/data/20947/000004077907000024/form_10k.htm", "calculatedOtherExpenses": 5142000000, "calculatedOperatingExpenses": 5142000000, "calculatedNetInterest": 0, "calculatedOtherIncome": -53000000, "calculatedIncomeNonControlling": 4000000, "calculatedEbitda": 3653000000}, {"date": "2005-12-31", "symbol": "FE", "reportedCurrency": "USD", "cik": "0001031296", "fillingDate": "2006-03-02", "acceptedDate": "2006-03-02 08:46:34", "calendarYear": "2005", "period": "FY", "revenue": 11989000000, "costOfRevenue": 4011000000, "grossProfit": 7978000000, "grossProfitRatio": 0.665443323, "researchAndDevelopmentExpenses": 0, "generalAndAdministrativeExpenses": 0, "sellingAndMarketingExpenses": 0, "sellingGeneralAndAdministrativeExpenses": 0, "otherExpenses": 5912000000, "operatingExpenses": 5912000000, "costAndExpenses": 9923000000, "interestIncome": 0, "interestExpense": 0, "depreciationAndAmortization": 1960000000, "ebitda": 3808000000, "ebitdaratio": 0.3176244891, "operatingIncome": 2066000000, "operatingIncomeRatio": 0.1723246309, "totalOtherIncomeExpensesNet": 218000000, "incomeBeforeTax": 1627000000, "incomeBeforeTaxRatio": 0.1357077321, "incomeTaxExpense": 754000000, "netIncome": 861000000, "netIncomeRatio": 0.0718158312, "eps": 2.62, "epsdiluted": 2.61, "weightedAverageShsOut": 328000000, "weightedAverageShsOutDil": 330000000, "link": "https://www.sec.gov/Archives/edgar/data/1031296/000103129606000044/0001031296-06-000044-index.htm", "finalLink": "https://www.sec.gov/Archives/edgar/data/20947/000103129606000044/form10-k.htm", "calculatedOtherExpenses": 5912000000, "calculatedOperatingExpenses": 5912000000, "calculatedNetInterest": 0, "calculatedOtherIncome": -439000000, "calculatedIncomeNonControlling": 12000000, "calculatedEbitda": 4026000000}, {"date": "2004-12-31", "symbol": "FE", "reportedCurrency": "USD", "cik": "0001031296", "fillingDate": "2005-03-10", "acceptedDate": "2005-03-09 18:40:07", "calendarYear": "2004", "period": "FY", "revenue": 12453000000, "costOfRevenue": 4469000000, "grossProfit": 7984000000, "grossProfitRatio": 0.6411306512, "researchAndDevelopmentExpenses": 0, "generalAndAdministrativeExpenses": 0, "sellingAndMarketingExpenses": 0, "sellingGeneralAndAdministrativeExpenses": 0, "otherExpenses": 5773000000, "operatingExpenses": 5773000000, "costAndExpenses": 10242000000, "interestIncome": 0, "interestExpense": 0, "depreciationAndAmortization": 1833000000, "ebitda": 4044000000, "ebitdaratio": 0.3247410263, "operatingIncome": 2211000000, "operatingIncomeRatio": 0.1775475789, "totalOtherIncomeExpensesNet": -666000000, "incomeBeforeTax": 1545000000, "incomeBeforeTaxRatio": 0.12406649, "incomeTaxExpense": 671000000, "netIncome": 878000000, "netIncomeRatio": 0.0705050992, "eps": 2.68, "epsdiluted": 2.67, "weightedAverageShsOut": 327238806, "weightedAverageShsOutDil": 328464419, "link": "https://www.sec.gov/Archives/edgar/data/1031296/000103129605000087/0001031296-05-000087-index.htm", "finalLink": "https://www.sec.gov/Archives/edgar/data/20947/000103129605000087/form10k.htm", "calculatedOtherExpenses": 5773000000, "calculatedOperatingExpenses": 5773000000, "calculatedNetInterest": 0, "calculatedOtherIncome": -666000000, "calculatedIncomeNonControlling": -4000000, "calculatedEbitda": 4044000000}, {"date": "2003-12-31", "symbol": "FE", "reportedCurrency": "USD", "cik": "0001031296", "fillingDate": "2004-03-15", "acceptedDate": "2004-03-15 12:36:19", "calendarYear": "2003", "period": "FY", "revenue": 12307000000, "costOfRevenue": 5155000000, "grossProfit": 7152000000, "grossProfitRatio": 0.5811326887, "researchAndDevelopmentExpenses": 0, "generalAndAdministrativeExpenses": 0, "sellingAndMarketingExpenses": 0, "sellingGeneralAndAdministrativeExpenses": 0, "otherExpenses": 5513000000, "operatingExpenses": 5513000000, "costAndExpenses": 10668000000, "interestIncome": 0, "interestExpense": 0, "depreciationAndAmortization": 1331000000, "ebitda": 2970000000, "ebitdaratio": 0.2413260746, "operatingIncome": 1639000000, "operatingIncomeRatio": 0.1331762412, "totalOtherIncomeExpensesNet": -811000000, "incomeBeforeTax": 828000000, "incomeBeforeTaxRatio": 0.0672787844, "incomeTaxExpense": 406000000, "netIncome": 423000000, "netIncomeRatio": 0.0343706834, "eps": 1.39, "epsdiluted": 1.39, "weightedAverageShsOut": 304000000, "weightedAverageShsOutDil": 305000000, "link": "https://www.sec.gov/Archives/edgar/data/1031296/000103129604000074/0001031296-04-000074-index.htm", "finalLink": "https://www.sec.gov/Archives/edgar/data/20947/000103129604000074/fe_10-k.txt", "calculatedOtherExpenses": 5513000000, "calculatedOperatingExpenses": 5513000000, "calculatedNetInterest": 0, "calculatedOtherIncome": -811000000, "calculatedIncomeNonControlling": -1000000, "calculatedEbitda": 2970000000}, {"date": "2002-12-31", "symbol": "FE", "reportedCurrency": "USD", "cik": "0001031296", "fillingDate": "2003-03-26", "acceptedDate": "2003-03-26 15:26:19", "calendarYear": "2002", "period": "FY", "revenue": 12151997000, "costOfRevenue": 4265726000, "grossProfit": 7886271000, "grossProfitRatio": 0.6489691365, "researchAndDevelopmentExpenses": 0, "generalAndAdministrativeExpenses": 0, "sellingAndMarketingExpenses": 0, "sellingGeneralAndAdministrativeExpenses": 0, "otherExpenses": 5704088000, "operatingExpenses": 5704088000, "costAndExpenses": 9969814000, "interestIncome": 0, "interestExpense": 0, "depreciationAndAmortization": 1169818000, "ebitda": 3352001000, "ebitdaratio": 0.2758395184, "operatingIncome": 2182183000, "operatingIncomeRatio": 0.1795740239, "totalOtherIncomeExpensesNet": -946306000, "incomeBeforeTax": 1235877000, "incomeBeforeTaxRatio": 0.1017015557, "incomeTaxExpense": 549476000, "netIncome": 629280000, "netIncomeRatio": 0.0517840813, "eps": 1.89, "epsdiluted": 1.88, "weightedAverageShsOut": 293000000, "weightedAverageShsOutDil": 294000000, "link": "https://www.sec.gov/Archives/edgar/data/1031296/000103129603000070/0001031296-03-000070-index.htm", "finalLink": "https://www.sec.gov/Archives/edgar/data/20947/000103129603000070/fe_10k.txt", "calculatedOtherExpenses": 5704088000, "calculatedOperatingExpenses": 5704088000, "calculatedNetInterest": 0, "calculatedOtherIncome": -946306000, "calculatedIncomeNonControlling": 57121000, "calculatedEbitda": 3352001000}, {"date": "2001-12-31", "symbol": "FE", "reportedCurrency": "USD", "cik": "0001031296", "fillingDate": "2002-04-01", "acceptedDate": "2002-04-01 00:00:00", "calendarYear": "2001", "period": "FY", "revenue": 7999362000, "costOfRevenue": 2241556000, "grossProfit": 5757806000, "grossProfitRatio": 0.7197831527, "researchAndDevelopmentExpenses": 0, "generalAndAdministrativeExpenses": 0, "sellingAndMarketingExpenses": 0, "sellingGeneralAndAdministrativeExpenses": 0, "otherExpenses": 4072684000, "operatingExpenses": 4072684000, "costAndExpenses": 6314240000, "interestIncome": 0, "interestExpense": 0, "depreciationAndAmortization": 975801000, "ebitda": 2660923000, "ebitdaratio": 0.3326419032, "operatingIncome": 1685122000, "operatingIncomeRatio": 0.2106570499, "totalOtherIncomeExpensesNet": -555719000, "incomeBeforeTax": 1129403000, "incomeBeforeTaxRatio": 0.1411866346, "incomeTaxExpense": 474457000, "netIncome": 646447000, "netIncomeRatio": 0.0808123198, "eps": 2.82, "epsdiluted": 2.81, "weightedAverageShsOut": 230000000, "weightedAverageShsOutDil": 230000000, "link": "https://www.sec.gov/Archives/edgar/data/1031296/000103129602000017/0001031296-02-000017-index.htm", "finalLink": "https://www.sec.gov/Archives/edgar/data/20947/000103129602000017/main.txt", "calculatedOtherExpenses": 4072684000, "calculatedOperatingExpenses": 4072684000, "calculatedNetInterest": 0, "calculatedOtherIncome": -555719000, "calculatedIncomeNonControlling": 8499000, "calculatedEbitda": 2660923000}, {"date": "2000-12-31", "symbol": "FE", "reportedCurrency": "USD", "cik": "0001031296", "fillingDate": "2001-03-28", "acceptedDate": "2001-03-28 00:00:00", "calendarYear": "2000", "period": "FY", "revenue": 7028961000, "costOfRevenue": 801292000, "grossProfit": 6227669000, "grossProfitRatio": 0.8860013592, "researchAndDevelopmentExpenses": 0, "generalAndAdministrativeExpenses": 0, "sellingAndMarketingExpenses": 0, "sellingGeneralAndAdministrativeExpenses": 0, "otherExpenses": 4722762000, "operatingExpenses": 4722762000, "costAndExpenses": 5524054000, "interestIncome": 0, "interestExpense": 0, "depreciationAndAmortization": 1035379000, "ebitda": 2513227000, "ebitdaratio": 0.3575531291, "operatingIncome": 1504907000, "operatingIncomeRatio": 0.2141009176, "totalOtherIncomeExpensesNet": 27059000, "incomeBeforeTax": 975772000, "incomeBeforeTaxRatio": 0.1388216551, "incomeTaxExpense": 376802000, "netIncome": 598970000, "netIncomeRatio": 0.0852145858, "eps": 2.69, "epsdiluted": 2.69, "weightedAverageShsOut": 222444000, "weightedAverageShsOutDil": 222726000, "link": "https://www.sec.gov/Archives/edgar/data/1031296/000103129601500009/0001031296-01-500009-index.htm", "finalLink": "https://www.sec.gov/Archives/edgar/data/1031296/000103129601500009/tenk.txt", "calculatedOtherExpenses": 4722762000, "calculatedOperatingExpenses": 4722762000, "calculatedNetInterest": 0, "calculatedOtherIncome": -529135000, "calculatedIncomeNonControlling": 0, "calculatedEbitda": 2540286000}, {"date": "1999-12-31", "symbol": "FE", "reportedCurrency": "USD", "cik": "0001031296", "fillingDate": "2000-03-29", "acceptedDate": "2000-03-29 00:00:00", "calendarYear": "1999", "period": "FY", "revenue": 6319700000, "costOfRevenue": 877000000, "grossProfit": 5442700000, "grossProfitRatio": 0.8612275899, "researchAndDevelopmentExpenses": 0, "generalAndAdministrativeExpenses": 0, "sellingAndMarketingExpenses": 0, "sellingGeneralAndAdministrativeExpenses": 0, "otherExpenses": 3907300000, "operatingExpenses": 3907300000, "costAndExpenses": 4784300000, "interestIncome": 0, "interestExpense": 0, "depreciationAndAmortization": 1018800000, "ebitda": 2554200000, "ebitdaratio": 0.4041647547, "operatingIncome": 1535400000, "operatingIncomeRatio": 0.2429545706, "totalOtherIncomeExpensesNet": 13400000, "incomeBeforeTax": 963100000, "incomeBeforeTaxRatio": 0.1523964745, "incomeTaxExpense": 394800000, "netIncome": 568300000, "netIncomeRatio": 0.0899251547, "eps": 2.5, "epsdiluted": 2.5, "weightedAverageShsOut": 227227000, "weightedAverageShsOutDil": 227360406, "link": "https://www.sec.gov/Archives/edgar/data/1031296/000103129600000008/0001031296-00-000008-index.html", "finalLink": "https://www.sec.gov/Archives/edgar/data/20947/000103129600000008/", "calculatedOtherExpenses": 3907300000, "calculatedOperatingExpenses": 3907300000, "calculatedNetInterest": 0, "calculatedOtherIncome": -572300000, "calculatedIncomeNonControlling": 0, "calculatedEbitda": 2554200000}, {"date": "1998-12-31", "symbol": "FE", "reportedCurrency": "USD", "cik": "0001031296", "fillingDate": "1999-03-29", "acceptedDate": "1999-03-29 00:00:00", "calendarYear": "1998", "period": "FY", "revenue": 5861200000, "costOfRevenue": 983700000, "grossProfit": 4877500000, "grossProfitRatio": 0.8321674742, "researchAndDevelopmentExpenses": 0, "generalAndAdministrativeExpenses": 0, "sellingAndMarketingExpenses": 0, "sellingGeneralAndAdministrativeExpenses": 0, "otherExpenses": 3513500000, "operatingExpenses": 3513500000, "costAndExpenses": 4497200000, "interestIncome": 0, "interestExpense": 0, "depreciationAndAmortization": 814700000, "ebitda": 2178700000, "ebitdaratio": 0.3717156896, "operatingIncome": 1364000000, "operatingIncomeRatio": 0.2327168498, "totalOtherIncomeExpensesNet": 7600000, "incomeBeforeTax": 763100000, "incomeBeforeTaxRatio": 0.1301951819, "incomeTaxExpense": 321700000, "netIncome": 410900000, "netIncomeRatio": 0.0701050979, "eps": 1.82, "epsdiluted": 1.82, "weightedAverageShsOut": 226373000, "weightedAverageShsOutDil": 226373000, "link": "https://www.sec.gov/Archives/edgar/data/1031296/000103129699000005/0001031296-99-000005-index.html", "finalLink": "https://www.sec.gov/Archives/edgar/data/20947/", "calculatedOtherExpenses": 3513500000, "calculatedOperatingExpenses": 3513500000, "calculatedNetInterest": 0, "calculatedOtherIncome": -600900000, "calculatedIncomeNonControlling": 30500000, "calculatedEbitda": 2178700000}, {"date": "1997-12-31", "symbol": "FE", "reportedCurrency": "USD", "cik": "0001031296", "fillingDate": "1998-03-30", "acceptedDate": "1998-03-30 00:00:00", "calendarYear": "1997", "period": "FY", "revenue": 2821400000, "costOfRevenue": 486300000, "grossProfit": 2335100000, "grossProfitRatio": 0.8276387609, "researchAndDevelopmentExpenses": 0, "generalAndAdministrativeExpenses": 0, "sellingAndMarketingExpenses": 0, "sellingGeneralAndAdministrativeExpenses": 0, "otherExpenses": 1595400000, "operatingExpenses": 1595400000, "costAndExpenses": 2081700000, "interestIncome": 0, "interestExpense": 0, "depreciationAndAmortization": 477500000, "ebitda": 1217200000, "ebitdaratio": 0.431417027, "operatingIncome": 739700000, "operatingIncomeRatio": 0.2621748068, "totalOtherIncomeExpensesNet": 58300000, "incomeBeforeTax": 489600000, "incomeBeforeTaxRatio": 0.1735308712, "incomeTaxExpense": 183800000, "netIncome": 305800000, "netIncomeRatio": 0.1083859077, "eps": 1.94, "epsdiluted": 1.94, "weightedAverageShsOut": 156900000, "weightedAverageShsOutDil": 156900000, "link": "https://www.sec.gov/Archives/edgar/data/1031296/000103129698000011/0001031296-98-000011-index.html", "finalLink": "https://www.sec.gov/Archives/edgar/data/20947/", "calculatedOtherExpenses": 1595400000, "calculatedOperatingExpenses": 1595400000, "calculatedNetInterest": 0, "calculatedOtherIncome": -250100000, "calculatedIncomeNonControlling": 0, "calculatedEbitda": 1217200000}]}