{"originalCurrency": "USD", "convertedCurrency": "USD", "report": [{"date": "2023-12-31", "symbol": "FELE", "reportedCurrency": "USD", "cik": "0000038725", "fillingDate": "2024-02-23", "acceptedDate": "2024-02-23 16:03:11", "calendarYear": "2023", "period": "FY", "revenue": 2065132999, "costOfRevenue": 1368125000, "grossProfit": 697007999, "grossProfitRatio": 0.337512402, "researchAndDevelopmentExpenses": 17700000, "generalAndAdministrativeExpenses": 0, "sellingAndMarketingExpenses": 0, "sellingGeneralAndAdministrativeExpenses": 433476000, "otherExpenses": 3696000, "operatingExpenses": 433476000, "costAndExpenses": 1801601000, "interestIncome": 0, "interestExpense": 11790000, "depreciationAndAmortization": 52260000, "ebitda": 315792000, "ebitdaratio": 0.1529160592, "operatingIncome": 263531999, "operatingIncomeRatio": 0.1276101826, "totalOtherIncomeExpensesNet": -21308999, "incomeBeforeTax": 242223000, "incomeBeforeTaxRatio": 0.1172917193, "incomeTaxExpense": 47489000, "netIncome": 193272000, "netIncomeRatio": 0.0935881612, "eps": 4.17, "epsdiluted": 4.11, "weightedAverageShsOut": 46200000, "weightedAverageShsOutDil": 46900000, "link": "https://www.sec.gov/Archives/edgar/data/38725/000003872524000038/0000038725-24-000038-index.htm", "finalLink": "https://www.sec.gov/Archives/edgar/data/38725/000003872524000038/fele-20231231.htm", "calculatedOtherExpenses": -17700000, "calculatedOperatingExpenses": 433476000, "calculatedNetInterest": -11790000, "calculatedOtherIncome": -9518999, "calculatedIncomeNonControlling": 1462000, "calculatedEbitda": 315791999}, {"date": "2022-12-31", "symbol": "FELE", "reportedCurrency": "USD", "cik": "0000038725", "fillingDate": "2023-02-22", "acceptedDate": "2023-02-22 16:20:48", "calendarYear": "2022", "period": "FY", "revenue": 2043711000, "costOfRevenue": 1352276000, "grossProfit": 691435000, "grossProfitRatio": 0.3383232756, "researchAndDevelopmentExpenses": 16700000, "generalAndAdministrativeExpenses": 0, "sellingAndMarketingExpenses": 0, "sellingGeneralAndAdministrativeExpenses": 432076000, "otherExpenses": -3201000, "operatingExpenses": 432076000, "costAndExpenses": 1784352000, "interestIncome": 11525000, "interestExpense": 11525000, "depreciationAndAmortization": 49343000, "ebitda": 306532000, "ebitdaratio": 0.1499879386, "operatingIncome": 257189000, "operatingIncomeRatio": 0.125844114, "totalOtherIncomeExpensesNet": -21962000, "incomeBeforeTax": 235227000, "incomeBeforeTaxRatio": 0.1150979762, "incomeTaxExpense": 46416000, "netIncome": 187332000, "netIncomeRatio": 0.0916626666, "eps": 4.03, "epsdiluted": 3.97, "weightedAverageShsOut": 46300000, "weightedAverageShsOutDil": 47000000, "link": "https://www.sec.gov/Archives/edgar/data/38725/000003872523000035/0000038725-23-000035-index.htm", "finalLink": "https://www.sec.gov/Archives/edgar/data/38725/000003872523000035/fele-20221231.htm", "calculatedOtherExpenses": -14530000, "calculatedOperatingExpenses": 434246000, "calculatedNetInterest": 0, "calculatedOtherIncome": -21962000, "calculatedIncomeNonControlling": 1479000, "calculatedEbitda": 306532000}, {"date": "2021-12-31", "symbol": "FELE", "reportedCurrency": "USD", "cik": "0000038725", "fillingDate": "2022-02-25", "acceptedDate": "2022-02-25 15:44:10", "calendarYear": "2021", "period": "FY", "revenue": 1661865000, "costOfRevenue": 1085776000, "grossProfit": 576089000, "grossProfitRatio": 0.3466521047, "researchAndDevelopmentExpenses": 17300000, "generalAndAdministrativeExpenses": 0, "sellingAndMarketingExpenses": 0, "sellingGeneralAndAdministrativeExpenses": 386275000, "otherExpenses": 7978000, "operatingExpenses": 386275000, "costAndExpenses": 1472051000, "interestIncome": 5196000, "interestExpense": 5196000, "depreciationAndAmortization": 53171000, "ebitda": 242364000, "ebitdaratio": 0.1458385609, "operatingIncome": 189193000, "operatingIncomeRatio": 0.1138437839, "totalOtherIncomeExpensesNet": 513000, "incomeBeforeTax": 189706000, "incomeBeforeTaxRatio": 0.1141524733, "incomeTaxExpense": 34731000, "netIncome": 153860000, "netIncomeRatio": 0.0925827308, "eps": 3.3, "epsdiluted": 3.25, "weightedAverageShsOut": 46400000, "weightedAverageShsOutDil": 47000000, "link": "https://www.sec.gov/Archives/edgar/data/38725/000003872522000033/0000038725-22-000033-index.htm", "finalLink": "https://www.sec.gov/Archives/edgar/data/38725/000003872522000033/fele-20211231.htm", "calculatedOtherExpenses": -16679000, "calculatedOperatingExpenses": 386896000, "calculatedNetInterest": 0, "calculatedOtherIncome": 513000, "calculatedIncomeNonControlling": 1115000, "calculatedEbitda": 242364000}, {"date": "2020-12-31", "symbol": "FELE", "reportedCurrency": "USD", "cik": "0000038725", "fillingDate": "2021-02-24", "acceptedDate": "2021-02-24 15:37:54", "calendarYear": "2020", "period": "FY", "revenue": 1247331000, "costOfRevenue": 814192000, "grossProfit": 433139000, "grossProfitRatio": 0.3472526539, "researchAndDevelopmentExpenses": 21700000, "generalAndAdministrativeExpenses": 0, "sellingAndMarketingExpenses": 0, "sellingGeneralAndAdministrativeExpenses": 300122000, "otherExpenses": -795000, "operatingExpenses": 300122000, "costAndExpenses": 1114314000, "interestIncome": 4627000, "interestExpense": 4627000, "depreciationAndAmortization": 38199000, "ebitda": 168710000, "ebitdaratio": 0.1352568003, "operatingIncome": 130511000, "operatingIncomeRatio": 0.1046322107, "totalOtherIncomeExpensesNet": -6814000, "incomeBeforeTax": 123697000, "incomeBeforeTaxRatio": 0.0991693464, "incomeTaxExpense": 22540000, "netIncome": 100460000, "netIncomeRatio": 0.0805399689, "eps": 2.16, "epsdiluted": 2.14, "weightedAverageShsOut": 46200000, "weightedAverageShsOutDil": 46700000, "link": "https://www.sec.gov/Archives/edgar/data/38725/000003872521000044/0000038725-21-000044-index.htm", "finalLink": "https://www.sec.gov/Archives/edgar/data/38725/000003872521000044/fele-20201231.htm", "calculatedOtherExpenses": -19194000, "calculatedOperatingExpenses": 302628000, "calculatedNetInterest": 0, "calculatedOtherIncome": -6814000, "calculatedIncomeNonControlling": 697000, "calculatedEbitda": 168710000}, {"date": "2019-12-31", "symbol": "FELE", "reportedCurrency": "USD", "cik": "0000038725", "fillingDate": "2020-02-25", "acceptedDate": "2020-02-25 16:06:07", "calendarYear": "2019", "period": "FY", "revenue": 1314578000, "costOfRevenue": 886475000, "grossProfit": 428103000, "grossProfitRatio": 0.3256581199, "researchAndDevelopmentExpenses": 20800000, "generalAndAdministrativeExpenses": 0, "sellingAndMarketingExpenses": 0, "sellingGeneralAndAdministrativeExpenses": 298451000, "otherExpenses": -412000, "operatingExpenses": 298451000, "costAndExpenses": 1184926000, "interestIncome": 8244999, "interestExpense": 8245000, "depreciationAndAmortization": 39084000, "ebitda": 166217000, "ebitdaratio": 0.1264413371, "operatingIncome": 127133000, "operatingIncomeRatio": 0.0967101229, "totalOtherIncomeExpensesNet": -10298000, "incomeBeforeTax": 116835000, "incomeBeforeTaxRatio": 0.0888764303, "incomeTaxExpense": 20836000, "netIncome": 95483000, "netIncomeRatio": 0.0726339555, "eps": 2.04, "epsdiluted": 2.03, "weightedAverageShsOut": 46400000, "weightedAverageShsOutDil": 46800000, "link": "https://www.sec.gov/Archives/edgar/data/38725/000003872520000053/0000038725-20-000053-index.htm", "finalLink": "https://www.sec.gov/Archives/edgar/data/38725/000003872520000053/fele-20191231.htm", "calculatedOtherExpenses": -18281000, "calculatedOperatingExpenses": 300970000, "calculatedNetInterest": -1, "calculatedOtherIncome": -10297999, "calculatedIncomeNonControlling": 516000, "calculatedEbitda": 166217000}, {"date": "2018-12-31", "symbol": "FELE", "reportedCurrency": "USD", "cik": "0000038725", "fillingDate": "2019-02-28", "acceptedDate": "2019-02-28 12:50:34", "calendarYear": "2018", "period": "FY", "revenue": 1298129000, "costOfRevenue": 865763000, "grossProfit": 432366000, "grossProfitRatio": 0.3330685933, "researchAndDevelopmentExpenses": 22100000, "generalAndAdministrativeExpenses": 0, "sellingAndMarketingExpenses": 0, "sellingGeneralAndAdministrativeExpenses": 298706000, "otherExpenses": -1042000, "operatingExpenses": 298706000, "costAndExpenses": 1164469000, "interestIncome": 0, "interestExpense": 9839000, "depreciationAndAmortization": 38604000, "ebitda": 171222000, "ebitdaratio": 0.131899064, "operatingIncome": 131994000, "operatingIncomeRatio": 0.1016801874, "totalOtherIncomeExpensesNet": -3414000, "incomeBeforeTax": 120407000, "incomeBeforeTaxRatio": 0.092754264, "incomeTaxExpense": 14890000, "netIncome": 105877000, "netIncomeRatio": 0.0815612316, "eps": 2.27, "epsdiluted": 2.25, "weightedAverageShsOut": 46600000, "weightedAverageShsOutDil": 47056444, "link": "https://www.sec.gov/Archives/edgar/data/38725/000003872519000046/0000038725-19-000046-index.htm", "finalLink": "https://www.sec.gov/Archives/edgar/data/38725/000003872519000046/a2018123110-k.htm", "calculatedOtherExpenses": -20434000, "calculatedOperatingExpenses": 300372000, "calculatedNetInterest": -9839000, "calculatedOtherIncome": -1748000, "calculatedIncomeNonControlling": -360000, "calculatedEbitda": 170598000}, {"date": "2017-12-31", "symbol": "FELE", "reportedCurrency": "USD", "cik": "0000038725", "fillingDate": "2018-02-27", "acceptedDate": "2018-02-27 13:22:54", "calendarYear": "2017", "period": "FY", "revenue": 1124909000, "costOfRevenue": 747927000, "grossProfit": 376982000, "grossProfitRatio": 0.3351222188, "researchAndDevelopmentExpenses": 20800000, "generalAndAdministrativeExpenses": 0, "sellingAndMarketingExpenses": 0, "sellingGeneralAndAdministrativeExpenses": 265686000, "otherExpenses": 6895000, "operatingExpenses": 265686000, "costAndExpenses": 1013613000, "interestIncome": 0, "interestExpense": 10322000, "depreciationAndAmortization": 38506000, "ebitda": 156697000, "ebitdaratio": 0.1392974898, "operatingIncome": 106989000, "operatingIncomeRatio": 0.0951090266, "totalOtherIncomeExpensesNet": 3613000, "incomeBeforeTax": 104587000, "incomeBeforeTaxRatio": 0.0929737428, "incomeTaxExpense": 25994000, "netIncome": 78180000, "netIncomeRatio": 0.069498955, "eps": 1.67, "epsdiluted": 1.65, "weightedAverageShsOut": 46814371, "weightedAverageShsOutDil": 47000000, "link": "https://www.sec.gov/Archives/edgar/data/38725/000003872518000039/0000038725-18-000039-index.htm", "finalLink": "https://www.sec.gov/Archives/edgar/data/38725/000003872518000039/a2017123110-k.htm", "calculatedOtherExpenses": -16493000, "calculatedOperatingExpenses": 269993000, "calculatedNetInterest": -10322000, "calculatedOtherIncome": 7920000, "calculatedIncomeNonControlling": 413000, "calculatedEbitda": 145495000}, {"date": "2016-12-31", "symbol": "FELE", "reportedCurrency": "USD", "cik": "0000038725", "fillingDate": "2017-03-01", "acceptedDate": "2017-03-01 12:52:11", "calendarYear": "2016", "period": "FY", "revenue": 949856000, "costOfRevenue": 618450000, "grossProfit": 331406000, "grossProfitRatio": 0.3489013071, "researchAndDevelopmentExpenses": 21500000, "generalAndAdministrativeExpenses": 0, "sellingAndMarketingExpenses": 0, "sellingGeneralAndAdministrativeExpenses": 221209000, "otherExpenses": 993000, "operatingExpenses": 221209000, "costAndExpenses": 839659000, "interestIncome": 0, "interestExpense": 8732000, "depreciationAndAmortization": 35534000, "ebitda": 146724000, "ebitdaratio": 0.1544697301, "operatingIncome": 110795000, "operatingIncomeRatio": 0.1166439966, "totalOtherIncomeExpensesNet": 2648000, "incomeBeforeTax": 104113000, "incomeBeforeTaxRatio": 0.109609246, "incomeTaxExpense": 24798000, "netIncome": 78745000, "netIncomeRatio": 0.0829020399, "eps": 1.67, "epsdiluted": 1.65, "weightedAverageShsOut": 46200000, "weightedAverageShsOutDil": 47152695, "link": "https://www.sec.gov/Archives/edgar/data/38725/000003872517000042/0000038725-17-000042-index.htm", "finalLink": "https://www.sec.gov/Archives/edgar/data/38725/000003872517000042/a2016123110-k.htm", "calculatedOtherExpenses": -22098000, "calculatedOperatingExpenses": 220611000, "calculatedNetInterest": -8732000, "calculatedOtherIncome": 2050000, "calculatedIncomeNonControlling": 570000, "calculatedEbitda": 146329000}, {"date": "2015-12-31", "symbol": "FELE", "reportedCurrency": "USD", "cik": "0000038725", "fillingDate": "2016-03-02", "acceptedDate": "2016-03-02 13:17:16", "calendarYear": "2015", "period": "FY", "revenue": 924923000, "costOfRevenue": 627315000, "grossProfit": 297608000, "grossProfitRatio": 0.3217651632, "researchAndDevelopmentExpenses": 18400000, "generalAndAdministrativeExpenses": 0, "sellingAndMarketingExpenses": 0, "sellingGeneralAndAdministrativeExpenses": 204250000, "otherExpenses": 6863000, "operatingExpenses": 204250000, "costAndExpenses": 831565000, "interestIncome": 0, "interestExpense": 10039000, "depreciationAndAmortization": 35476000, "ebitda": 135697000, "ebitdaratio": 0.1467116722, "operatingIncome": 90361000, "operatingIncomeRatio": 0.0976957001, "totalOtherIncomeExpensesNet": 2997000, "incomeBeforeTax": 86316000, "incomeBeforeTaxRatio": 0.0933223631, "incomeTaxExpense": 12625000, "netIncome": 72945000, "netIncomeRatio": 0.0788660245, "eps": 1.52, "epsdiluted": 1.5, "weightedAverageShsOut": 47100000, "weightedAverageShsOutDil": 47990132, "link": "https://www.sec.gov/Archives/edgar/data/38725/000003872516000276/0000038725-16-000276-index.htm", "finalLink": "https://www.sec.gov/Archives/edgar/data/38725/000003872516000276/a2016010210-k.htm", "calculatedOtherExpenses": -15403000, "calculatedOperatingExpenses": 207247000, "calculatedNetInterest": -10039000, "calculatedOtherIncome": 5994000, "calculatedIncomeNonControlling": 746000, "calculatedEbitda": 125837000}, {"date": "2014-12-31", "symbol": "FELE", "reportedCurrency": "USD", "cik": "0000038725", "fillingDate": "2015-03-04", "acceptedDate": "2015-03-04 13:29:11", "calendarYear": "2014", "period": "FY", "revenue": 1047777000, "costOfRevenue": 703367000, "grossProfit": 344410000, "grossProfitRatio": 0.3287054402, "researchAndDevelopmentExpenses": 19300000, "generalAndAdministrativeExpenses": 0, "sellingAndMarketingExpenses": 0, "sellingGeneralAndAdministrativeExpenses": 227711000, "otherExpenses": 1349000, "operatingExpenses": 227711000, "costAndExpenses": 931078000, "interestIncome": 0, "interestExpense": 10735000, "depreciationAndAmortization": 37210000, "ebitda": 155258000, "ebitdaratio": 0.1481784769, "operatingIncome": 100088000, "operatingIncomeRatio": 0.095524143, "totalOtherIncomeExpensesNet": -16261000, "incomeBeforeTax": 89703000, "incomeBeforeTaxRatio": 0.0856126829, "incomeTaxExpense": 18851000, "netIncome": 69806000, "netIncomeRatio": 0.0666229551, "eps": 1.43, "epsdiluted": 1.41, "weightedAverageShsOut": 48373049, "weightedAverageShsOutDil": 48815385, "link": "https://www.sec.gov/Archives/edgar/data/38725/000003872515000043/0000038725-15-000043-index.htm", "finalLink": "https://www.sec.gov/Archives/edgar/data/38725/000003872515000043/a2015010310-k.htm", "calculatedOtherExpenses": -2689000, "calculatedOperatingExpenses": 244322000, "calculatedNetInterest": -10735000, "calculatedOtherIncome": 350000, "calculatedIncomeNonControlling": 1046000, "calculatedEbitda": 137298000}, {"date": "2013-12-28", "symbol": "FELE", "reportedCurrency": "USD", "cik": "0000038725", "fillingDate": "2014-02-26", "acceptedDate": "2014-02-26 13:59:18", "calendarYear": "2013", "period": "FY", "revenue": 965462000, "costOfRevenue": 633948000, "grossProfit": 331514000, "grossProfitRatio": 0.3433734316, "researchAndDevelopmentExpenses": 16800000, "generalAndAdministrativeExpenses": 0, "sellingAndMarketingExpenses": 0, "sellingGeneralAndAdministrativeExpenses": 204014000, "otherExpenses": 1696000, "operatingExpenses": 204014000, "costAndExpenses": 837962000, "interestIncome": 0, "interestExpense": 10597000, "depreciationAndAmortization": 31356000, "ebitda": 160552000, "ebitdaratio": 0.1662955145, "operatingIncome": 123781000, "operatingIncomeRatio": 0.1282090854, "totalOtherIncomeExpensesNet": -5354000, "incomeBeforeTax": 111549000, "incomeBeforeTaxRatio": 0.1155395034, "incomeTaxExpense": 28851000, "netIncome": 81958000, "netIncomeRatio": 0.0848899283, "eps": 1.7, "epsdiluted": 1.68, "weightedAverageShsOut": 48070238, "weightedAverageShsOutDil": 48210588, "link": "https://www.sec.gov/Archives/edgar/data/38725/000003872514000042/0000038725-14-000042-index.htm", "finalLink": "https://www.sec.gov/Archives/edgar/data/38725/000003872514000042/a2013122810-k.htm", "calculatedOtherExpenses": -13081000, "calculatedOperatingExpenses": 207733000, "calculatedNetInterest": -10597000, "calculatedOtherIncome": -1635000, "calculatedIncomeNonControlling": 740000, "calculatedEbitda": 155137000}, {"date": "2012-12-29", "symbol": "FELE", "reportedCurrency": "USD", "cik": "0000038725", "fillingDate": "2013-02-27", "acceptedDate": "2013-02-27 15:12:22", "calendarYear": "2012", "period": "FY", "revenue": 891345000, "costOfRevenue": 589681000, "grossProfit": 301664000, "grossProfitRatio": 0.3384368567, "researchAndDevelopmentExpenses": 9900000, "generalAndAdministrativeExpenses": 0, "sellingAndMarketingExpenses": 0, "sellingGeneralAndAdministrativeExpenses": 188486000, "otherExpenses": 14901000, "operatingExpenses": 188486000, "costAndExpenses": 778167000, "interestIncome": 0, "interestExpense": 10208000, "depreciationAndAmortization": 28335000, "ebitda": 156414000, "ebitdaratio": 0.1754808744, "operatingIncome": 112957000, "operatingIncomeRatio": 0.1267264639, "totalOtherIncomeExpensesNet": 13018000, "incomeBeforeTax": 115988000, "incomeBeforeTaxRatio": 0.130126943, "incomeTaxExpense": 32250000, "netIncome": 82864000, "netIncomeRatio": 0.0929651257, "eps": 1.76, "epsdiluted": 1.73, "weightedAverageShsOut": 47081818, "weightedAverageShsOutDil": 47800000, "link": "https://www.sec.gov/Archives/edgar/data/38725/000003872513000044/0000038725-13-000044-index.htm", "finalLink": "https://www.sec.gov/Archives/edgar/data/38725/000003872513000044/a2012122910-k.htm", "calculatedOtherExpenses": -9679000, "calculatedOperatingExpenses": 188707000, "calculatedNetInterest": -10208000, "calculatedOtherIncome": 13239000, "calculatedIncomeNonControlling": 874000, "calculatedEbitda": 141292000}, {"date": "2011-12-31", "symbol": "FELE", "reportedCurrency": "USD", "cik": "0000038725", "fillingDate": "2012-02-29", "acceptedDate": "2012-02-29 13:43:23", "calendarYear": "2011", "period": "FY", "revenue": 821077000, "costOfRevenue": 548772000, "grossProfit": 272305000, "grossProfitRatio": 0.3316436826, "researchAndDevelopmentExpenses": 0, "generalAndAdministrativeExpenses": 0, "sellingAndMarketingExpenses": 0, "sellingGeneralAndAdministrativeExpenses": 177320000, "otherExpenses": 0, "operatingExpenses": 177320000, "costAndExpenses": 726092000, "interestIncome": 0, "interestExpense": 10502000, "depreciationAndAmortization": 25295000, "ebitda": 120280000, "ebitdaratio": 0.146490524, "operatingIncome": 93398000, "operatingIncomeRatio": 0.1137505983, "totalOtherIncomeExpensesNet": 2652000, "incomeBeforeTax": 87135000, "incomeBeforeTaxRatio": 0.1061228119, "incomeTaxExpense": 23412000, "netIncome": 63099000, "netIncomeRatio": 0.0768490653, "eps": 1.36, "epsdiluted": 1.33, "weightedAverageShsOut": 46567528, "weightedAverageShsOutDil": 47621887, "link": "https://www.sec.gov/Archives/edgar/data/38725/000003872512000025/0000038725-12-000025-index.htm", "finalLink": "https://www.sec.gov/Archives/edgar/data/38725/000003872512000025/a2011123110-k.htm", "calculatedOtherExpenses": 1587000, "calculatedOperatingExpenses": 178907000, "calculatedNetInterest": -10502000, "calculatedOtherIncome": 4239000, "calculatedIncomeNonControlling": 624000, "calculatedEbitda": 118693000}, {"date": "2010-12-31", "symbol": "FELE", "reportedCurrency": "USD", "cik": "0000038725", "fillingDate": "2011-03-02", "acceptedDate": "2011-03-02 16:54:49", "calendarYear": "2010", "period": "FY", "revenue": 713792000, "costOfRevenue": 483492000, "grossProfit": 230300000, "grossProfitRatio": 0.3226430108, "researchAndDevelopmentExpenses": 0, "generalAndAdministrativeExpenses": 0, "sellingAndMarketingExpenses": 0, "sellingGeneralAndAdministrativeExpenses": 160864000, "otherExpenses": 0, "operatingExpenses": 160864000, "costAndExpenses": 644356000, "interestIncome": 0, "interestExpense": 9692000, "depreciationAndAmortization": 24040000, "ebitda": 93476000, "ebitdaratio": 0.1309569174, "operatingIncome": 64102000, "operatingIncomeRatio": 0.0898048731, "totalOtherIncomeExpensesNet": -4666000, "incomeBeforeTax": 55078000, "incomeBeforeTaxRatio": 0.0771625347, "incomeTaxExpense": 15106000, "netIncome": 38968000, "netIncomeRatio": 0.0545929346, "eps": 0.84, "epsdiluted": 0.83, "weightedAverageShsOut": 46346000, "weightedAverageShsOutDil": 47034000, "link": "https://www.sec.gov/Archives/edgar/data/38725/000003872511000017/0000038725-11-000017-index.htm", "finalLink": "https://www.sec.gov/Archives/edgar/data/38725/000003872511000017/fourthquarter10k.htm", "calculatedOtherExpenses": 5334000, "calculatedOperatingExpenses": 166198000, "calculatedNetInterest": -9692000, "calculatedOtherIncome": 668000, "calculatedIncomeNonControlling": 1004000, "calculatedEbitda": 88142000}, {"date": "2009-12-31", "symbol": "FELE", "reportedCurrency": "USD", "cik": "0000038725", "fillingDate": "2009-12-31", "acceptedDate": "2009-12-31 00:00:00", "calendarYear": "2009", "period": "FY", "revenue": 625991000, "costOfRevenue": 438152000, "grossProfit": 187839000, "grossProfitRatio": 0.3000666144, "researchAndDevelopmentExpenses": 0, "generalAndAdministrativeExpenses": 0, "sellingAndMarketingExpenses": 0, "sellingGeneralAndAdministrativeExpenses": 133629000, "otherExpenses": 0, "operatingExpenses": 133629000, "costAndExpenses": 571781000, "interestIncome": 0, "interestExpense": 9548000, "depreciationAndAmortization": 25385000, "ebitda": 79595000, "ebitdaratio": 0.1271503903, "operatingIncome": 48015000, "operatingIncomeRatio": 0.0767023807, "totalOtherIncomeExpensesNet": -5770000, "incomeBeforeTax": 38892000, "incomeBeforeTaxRatio": 0.0621286888, "incomeTaxExpense": 12168000, "netIncome": 25986000, "netIncomeRatio": 0.0415117789, "eps": 0.56, "epsdiluted": 0.56, "weightedAverageShsOut": 46150000, "weightedAverageShsOutDil": 46576000, "link": null, "finalLink": null, "calculatedOtherExpenses": 6195000, "calculatedOperatingExpenses": 139824000, "calculatedNetInterest": -9548000, "calculatedOtherIncome": 425000, "calculatedIncomeNonControlling": 738000, "calculatedEbitda": 73400000}, {"date": "2008-12-31", "symbol": "FELE", "reportedCurrency": "USD", "cik": "0000038725", "fillingDate": "2009-03-04", "acceptedDate": "2009-03-04 15:27:52", "calendarYear": "2008", "period": "FY", "revenue": 745627000, "costOfRevenue": 518702000, "grossProfit": 226925000, "grossProfitRatio": 0.3043411786, "researchAndDevelopmentExpenses": 0, "generalAndAdministrativeExpenses": 0, "sellingAndMarketingExpenses": 0, "sellingGeneralAndAdministrativeExpenses": 147987000, "otherExpenses": 0, "operatingExpenses": 147987000, "costAndExpenses": 666689000, "interestIncome": 0, "interestExpense": 0, "depreciationAndAmortization": 24164000, "ebitda": 104036000, "ebitdaratio": 0.1395282091, "operatingIncome": 76710000, "operatingIncomeRatio": 0.1028798582, "totalOtherIncomeExpensesNet": -934000, "incomeBeforeTax": 67036000, "incomeBeforeTaxRatio": 0.0899055426, "incomeTaxExpense": 22925000, "netIncome": 44111000, "netIncomeRatio": 0.0591596066, "eps": 0.96, "epsdiluted": 0.95, "weightedAverageShsOut": 45930000, "weightedAverageShsOutDil": 46470000, "link": "https://www.sec.gov/Archives/edgar/data/38725/000003872509000012/0000038725-09-000012-index.htm", "finalLink": "https://www.sec.gov/Archives/edgar/data/38725/000003872509000012/form10_k.htm", "calculatedOtherExpenses": 2228000, "calculatedOperatingExpenses": 150215000, "calculatedNetInterest": 0, "calculatedOtherIncome": -9674000, "calculatedIncomeNonControlling": 0, "calculatedEbitda": 100874000}, {"date": "2007-12-29", "symbol": "FELE", "reportedCurrency": "USD", "cik": "0000038725", "fillingDate": "2008-02-27", "acceptedDate": "2008-02-27 16:56:31", "calendarYear": "2007", "period": "FY", "revenue": 602025000, "costOfRevenue": 429205000, "grossProfit": 172820000, "grossProfitRatio": 0.2870644907, "researchAndDevelopmentExpenses": 0, "generalAndAdministrativeExpenses": 0, "sellingAndMarketingExpenses": 0, "sellingGeneralAndAdministrativeExpenses": 119748000, "otherExpenses": 0, "operatingExpenses": 119748000, "costAndExpenses": 548953000, "interestIncome": 0, "interestExpense": 0, "depreciationAndAmortization": 20359000, "ebitda": 74239000, "ebitdaratio": 0.1233154769, "operatingIncome": 49174000, "operatingIncomeRatio": 0.0816809933, "totalOtherIncomeExpensesNet": -808000, "incomeBeforeTax": 44117000, "incomeBeforeTaxRatio": 0.0732810099, "incomeTaxExpense": 15434000, "netIncome": 28683000, "netIncomeRatio": 0.0476442008, "eps": 0.62, "epsdiluted": 0.61, "weightedAverageShsOut": 46262903, "weightedAverageShsOutDil": 47021311, "link": "https://www.sec.gov/Archives/edgar/data/38725/000003872508000013/0000038725-08-000013-index.htm", "finalLink": "https://www.sec.gov/Archives/edgar/data/38725/000003872508000013/form10-k.htm", "calculatedOtherExpenses": 3898000, "calculatedOperatingExpenses": 123646000, "calculatedNetInterest": 0, "calculatedOtherIncome": -5057000, "calculatedIncomeNonControlling": 0, "calculatedEbitda": 69533000}, {"date": "2006-12-30", "symbol": "FELE", "reportedCurrency": "USD", "cik": "0000038725", "fillingDate": "2007-02-28", "acceptedDate": "2007-02-28 15:51:11", "calendarYear": "2006", "period": "FY", "revenue": 557948000, "costOfRevenue": 366391000, "grossProfit": 191557000, "grossProfitRatio": 0.3433241091, "researchAndDevelopmentExpenses": 0, "generalAndAdministrativeExpenses": 0, "sellingAndMarketingExpenses": 0, "sellingGeneralAndAdministrativeExpenses": 102478000, "otherExpenses": 0, "operatingExpenses": 102478000, "costAndExpenses": 468869000, "interestIncome": 0, "interestExpense": 0, "depreciationAndAmortization": 17989000, "ebitda": 105341000, "ebitdaratio": 0.1888007485, "operatingIncome": 89079000, "operatingIncomeRatio": 0.1596546632, "totalOtherIncomeExpensesNet": 1727000, "incomeBeforeTax": 87433000, "incomeBeforeTaxRatio": 0.1567045675, "incomeTaxExpense": 30671000, "netIncome": 56998000, "netIncomeRatio": 0.1021564734, "eps": 1.25, "epsdiluted": 1.22, "weightedAverageShsOut": 45598400, "weightedAverageShsOutDil": 46719672, "link": "https://www.sec.gov/Archives/edgar/data/38725/000003872507000032/0000038725-07-000032-index.htm", "finalLink": "https://www.sec.gov/Archives/edgar/data/38725/000003872507000032/form10-k.htm", "calculatedOtherExpenses": 0, "calculatedOperatingExpenses": 102478000, "calculatedNetInterest": 0, "calculatedOtherIncome": -1646000, "calculatedIncomeNonControlling": -236000, "calculatedEbitda": 107068000}, {"date": "2005-12-31", "symbol": "FELE", "reportedCurrency": "USD", "cik": "0000038725", "fillingDate": "2006-02-14", "acceptedDate": "2006-02-14 17:40:21", "calendarYear": "2005", "period": "FY", "revenue": 439559000, "costOfRevenue": 291745000, "grossProfit": 147814000, "grossProfitRatio": 0.3362779513, "researchAndDevelopmentExpenses": 0, "generalAndAdministrativeExpenses": 0, "sellingAndMarketingExpenses": 0, "sellingGeneralAndAdministrativeExpenses": 75448000, "otherExpenses": 0, "operatingExpenses": 75448000, "costAndExpenses": 367193000, "interestIncome": 0, "interestExpense": 0, "depreciationAndAmortization": 14971000, "ebitda": 87844000, "ebitdaratio": 0.1998457545, "operatingIncome": 70446000, "operatingIncomeRatio": 0.1602651749, "totalOtherIncomeExpensesNet": -507000, "incomeBeforeTax": 71093000, "incomeBeforeTaxRatio": 0.1617371047, "incomeTaxExpense": 25084000, "netIncome": 46009000, "netIncomeRatio": 0.1046708178, "eps": 1.03, "epsdiluted": 0.99, "weightedAverageShsOut": 44453140, "weightedAverageShsOutDil": 46473737, "link": "https://www.sec.gov/Archives/edgar/data/38725/000003872506000006/0000038725-06-000006-index.htm", "finalLink": "https://www.sec.gov/Archives/edgar/data/38725/000003872506000006/franklinelectric10-k.htm", "calculatedOtherExpenses": 1920000, "calculatedOperatingExpenses": 77368000, "calculatedNetInterest": 0, "calculatedOtherIncome": 647000, "calculatedIncomeNonControlling": 0, "calculatedEbitda": 85417000}, {"date": "2004-12-31", "symbol": "FELE", "reportedCurrency": "USD", "cik": "0000038725", "fillingDate": "2005-02-14", "acceptedDate": "2005-02-14 16:57:41", "calendarYear": "2004", "period": "FY", "revenue": 404305000, "costOfRevenue": 274120000, "grossProfit": 130185000, "grossProfitRatio": 0.3219970072, "researchAndDevelopmentExpenses": 0, "generalAndAdministrativeExpenses": 0, "sellingAndMarketingExpenses": 0, "sellingGeneralAndAdministrativeExpenses": 64867000, "otherExpenses": 0, "operatingExpenses": 64867000, "costAndExpenses": 338987000, "interestIncome": 0, "interestExpense": 0, "depreciationAndAmortization": 15143000, "ebitda": 86257000, "ebitdaratio": 0.2133463598, "operatingIncome": 59782000, "operatingIncomeRatio": 0.1478636178, "totalOtherIncomeExpensesNet": -5796000, "incomeBeforeTax": 59034000, "incomeBeforeTaxRatio": 0.1460135294, "incomeTaxExpense": 20951000, "netIncome": 38083000, "netIncomeRatio": 0.0941937399, "eps": 0.87, "epsdiluted": 0.83, "weightedAverageShsOut": 44026590, "weightedAverageShsOutDil": 46161212, "link": "https://www.sec.gov/Archives/edgar/data/38725/000003872505000019/0000038725-05-000019-index.htm", "finalLink": "https://www.sec.gov/Archives/edgar/data/38725/000003872505000019/form10k.htm", "calculatedOtherExpenses": 5536000, "calculatedOperatingExpenses": 70403000, "calculatedNetInterest": 0, "calculatedOtherIncome": -748000, "calculatedIncomeNonControlling": 0, "calculatedEbitda": 74925000}, {"date": "2003-12-31", "symbol": "FELE", "reportedCurrency": "USD", "cik": "0000038725", "fillingDate": "2004-02-20", "acceptedDate": "2004-02-20 16:28:45", "calendarYear": "2003", "period": "FY", "revenue": 359502000, "costOfRevenue": 248506000, "grossProfit": 110996000, "grossProfitRatio": 0.3087493255, "researchAndDevelopmentExpenses": 0, "generalAndAdministrativeExpenses": 0, "sellingAndMarketingExpenses": 0, "sellingGeneralAndAdministrativeExpenses": 59106000, "otherExpenses": 0, "operatingExpenses": 59106000, "costAndExpenses": 307612000, "interestIncome": 0, "interestExpense": 0, "depreciationAndAmortization": 13748000, "ebitda": 65094000, "ebitdaratio": 0.1810671429, "operatingIncome": 51890000, "operatingIncomeRatio": 0.1443385572, "totalOtherIncomeExpensesNet": 544000, "incomeBeforeTax": 51327000, "incomeBeforeTaxRatio": 0.142772502, "incomeTaxExpense": 16847000, "netIncome": 34480000, "netIncomeRatio": 0.0959104539, "eps": 0.8, "epsdiluted": 0.76, "weightedAverageShsOut": 43235110, "weightedAverageShsOutDil": 45219672, "link": "https://www.sec.gov/Archives/edgar/data/38725/000003872504000034/0000038725-04-000034-index.htm", "finalLink": "https://www.sec.gov/Archives/edgar/data/38725/000003872504000034/r200310k.txt", "calculatedOtherExpenses": 0, "calculatedOperatingExpenses": 59106000, "calculatedNetInterest": 0, "calculatedOtherIncome": -563000, "calculatedIncomeNonControlling": 0, "calculatedEbitda": 65638000}, {"date": "2002-12-28", "symbol": "FELE", "reportedCurrency": "USD", "cik": "0000038725", "fillingDate": "2003-02-18", "acceptedDate": "2003-02-18 13:43:25", "calendarYear": "2002", "period": "FY", "revenue": 354872000, "costOfRevenue": 249937000, "grossProfit": 104935000, "grossProfitRatio": 0.2956981672, "researchAndDevelopmentExpenses": 0, "generalAndAdministrativeExpenses": 0, "sellingAndMarketingExpenses": 0, "sellingGeneralAndAdministrativeExpenses": 54637000, "otherExpenses": 0, "operatingExpenses": 54637000, "costAndExpenses": 304574000, "interestIncome": 0, "interestExpense": 0, "depreciationAndAmortization": 12878000, "ebitda": 61680000, "ebitdaratio": 0.1738091481, "operatingIncome": 50298000, "operatingIncomeRatio": 0.1417356117, "totalOtherIncomeExpensesNet": 1496000, "incomeBeforeTax": 50477000, "incomeBeforeTaxRatio": 0.1422400189, "incomeTaxExpense": 18273000, "netIncome": 32204000, "netIncomeRatio": 0.0907482134, "eps": 0.75, "epsdiluted": 0.71, "weightedAverageShsOut": 43226846, "weightedAverageShsOutDil": 45518021, "link": "https://www.sec.gov/Archives/edgar/data/38725/000003872503000027/0000038725-03-000027-index.htm", "finalLink": "https://www.sec.gov/Archives/edgar/data/38725/000003872503000027/r10k_02.txt", "calculatedOtherExpenses": 0, "calculatedOperatingExpenses": 54637000, "calculatedNetInterest": 0, "calculatedOtherIncome": 179000, "calculatedIncomeNonControlling": 0, "calculatedEbitda": 63176000}, {"date": "2001-12-29", "symbol": "FELE", "reportedCurrency": "USD", "cik": "0000038725", "fillingDate": "2002-02-25", "acceptedDate": "2002-02-25 00:00:00", "calendarYear": "2001", "period": "FY", "revenue": 322908000, "costOfRevenue": 224805000, "grossProfit": 98103000, "grossProfitRatio": 0.3038109926, "researchAndDevelopmentExpenses": 5232000, "generalAndAdministrativeExpenses": 0, "sellingAndMarketingExpenses": 0, "sellingGeneralAndAdministrativeExpenses": 47522000, "otherExpenses": 0, "operatingExpenses": 47522000, "costAndExpenses": 272327000, "interestIncome": 0, "interestExpense": 0, "depreciationAndAmortization": 12660000, "ebitda": 64012000, "ebitdaratio": 0.1982360301, "operatingIncome": 45349000, "operatingIncomeRatio": 0.1404393821, "totalOtherIncomeExpensesNet": -771000, "incomeBeforeTax": 43385000, "incomeBeforeTaxRatio": 0.1343571544, "incomeTaxExpense": 16235000, "netIncome": 27150000, "netIncomeRatio": 0.0840796759, "eps": 0.62, "epsdiluted": 0.6, "weightedAverageShsOut": 43527054, "weightedAverageShsOutDil": 45439331, "link": "https://www.sec.gov/Archives/edgar/data/38725/000003872502000003/0000038725-02-000003-index.htm", "finalLink": "https://www.sec.gov/Archives/edgar/data/38725/000003872502000003/r2001k.txt", "calculatedOtherExpenses": 0, "calculatedOperatingExpenses": 52754000, "calculatedNetInterest": 0, "calculatedOtherIncome": -1964000, "calculatedIncomeNonControlling": 0, "calculatedEbitda": 58009000}, {"date": "2000-12-30", "symbol": "FELE", "reportedCurrency": "USD", "cik": "0000038725", "fillingDate": "2001-02-28", "acceptedDate": "2001-02-28 00:00:00", "calendarYear": "2000", "period": "FY", "revenue": 325731000, "costOfRevenue": 229706000, "grossProfit": 96025000, "grossProfitRatio": 0.2947984687, "researchAndDevelopmentExpenses": 0, "generalAndAdministrativeExpenses": 0, "sellingAndMarketingExpenses": 0, "sellingGeneralAndAdministrativeExpenses": 44967000, "otherExpenses": 10839000, "operatingExpenses": 55806000, "costAndExpenses": 285512000, "interestIncome": 0, "interestExpense": 0, "depreciationAndAmortization": 10839000, "ebitda": 54257000, "ebitdaratio": 0.1665699611, "operatingIncome": 40219000, "operatingIncomeRatio": 0.1234730498, "totalOtherIncomeExpensesNet": -3199000, "incomeBeforeTax": 35909000, "incomeBeforeTaxRatio": 0.1102412727, "incomeTaxExpense": 13683000, "netIncome": 22226000, "netIncomeRatio": 0.0682342178, "eps": 0.51, "epsdiluted": 0.49, "weightedAverageShsOut": 43580392, "weightedAverageShsOutDil": 45475192, "link": "https://www.sec.gov/Archives/edgar/data/38725/000003872501000002/0000038725-01-000002-index.htm", "finalLink": "https://www.sec.gov/Archives/edgar/data/38725/000003872501000002/0000038725-01-000002-0001.txt", "calculatedOtherExpenses": 10839000, "calculatedOperatingExpenses": 55806000, "calculatedNetInterest": 0, "calculatedOtherIncome": -4310000, "calculatedIncomeNonControlling": 0, "calculatedEbitda": 51058000}, {"date": "1999-12-31", "symbol": "FELE", "reportedCurrency": "USD", "cik": "0000038725", "fillingDate": "2000-02-17", "acceptedDate": "2000-02-17 00:00:00", "calendarYear": "1999", "period": "FY", "revenue": 293200000, "costOfRevenue": 201600000, "grossProfit": 91600000, "grossProfitRatio": 0.312414734, "researchAndDevelopmentExpenses": 0, "generalAndAdministrativeExpenses": 0, "sellingAndMarketingExpenses": 0, "sellingGeneralAndAdministrativeExpenses": 41900000, "otherExpenses": 7500000, "operatingExpenses": 49400000, "costAndExpenses": 251000000, "interestIncome": 0, "interestExpense": 0, "depreciationAndAmortization": 7500000, "ebitda": 48200000, "ebitdaratio": 0.1643929059, "operatingIncome": 42200000, "operatingIncomeRatio": 0.1439290587, "totalOtherIncomeExpensesNet": 1500000, "incomeBeforeTax": 42400000, "incomeBeforeTaxRatio": 0.1446111869, "incomeTaxExpense": 15600000, "netIncome": 26800000, "netIncomeRatio": 0.0914051842, "eps": 0.61, "epsdiluted": 0.57, "weightedAverageShsOut": 44024641, "weightedAverageShsOutDil": 46608696, "link": "https://www.sec.gov/Archives/edgar/data/38725/000003872500000003/0000038725-00-000003-index.html", "finalLink": "https://www.sec.gov/Archives/edgar/data/38725/000003872500000003/", "calculatedOtherExpenses": 7500000, "calculatedOperatingExpenses": 49400000, "calculatedNetInterest": 0, "calculatedOtherIncome": 200000, "calculatedIncomeNonControlling": 0, "calculatedEbitda": 49700000}, {"date": "1998-12-31", "symbol": "FELE", "reportedCurrency": "USD", "cik": "0000038725", "fillingDate": "1999-03-02", "acceptedDate": "1999-03-02 00:00:00", "calendarYear": "1998", "period": "FY", "revenue": 272500000, "costOfRevenue": 185100000, "grossProfit": 87400000, "grossProfitRatio": 0.320733945, "researchAndDevelopmentExpenses": 0, "generalAndAdministrativeExpenses": 0, "sellingAndMarketingExpenses": 0, "sellingGeneralAndAdministrativeExpenses": 42000000, "otherExpenses": 7500000, "operatingExpenses": 49500000, "costAndExpenses": 234600000, "interestIncome": 0, "interestExpense": 0, "depreciationAndAmortization": 7500000, "ebitda": 41900000, "ebitdaratio": 0.1537614679, "operatingIncome": 37900000, "operatingIncomeRatio": 0.1390825688, "totalOtherIncomeExpensesNet": 3500000, "incomeBeforeTax": 40000000, "incomeBeforeTaxRatio": 0.1467889908, "incomeTaxExpense": 15200000, "netIncome": 24800000, "netIncomeRatio": 0.0910091743, "eps": 0.54, "epsdiluted": 0.5, "weightedAverageShsOut": 45925926, "weightedAverageShsOutDil": 49353234, "link": "https://www.sec.gov/Archives/edgar/data/38725/000003872599000012/0000038725-99-000012-index.html", "finalLink": "https://www.sec.gov/Archives/edgar/data/38725/", "calculatedOtherExpenses": 7500000, "calculatedOperatingExpenses": 49500000, "calculatedNetInterest": 0, "calculatedOtherIncome": 2100000, "calculatedIncomeNonControlling": 0, "calculatedEbitda": 45400000}, {"date": "1997-12-31", "symbol": "FELE", "reportedCurrency": "USD", "cik": "0000038725", "fillingDate": "1998-02-27", "acceptedDate": "1998-02-27 00:00:00", "calendarYear": "1997", "period": "FY", "revenue": 303300000, "costOfRevenue": 210200000, "grossProfit": 93100000, "grossProfitRatio": 0.3069568084, "researchAndDevelopmentExpenses": 0, "generalAndAdministrativeExpenses": 0, "sellingAndMarketingExpenses": 0, "sellingGeneralAndAdministrativeExpenses": 49100000, "otherExpenses": 7600000, "operatingExpenses": 56700000, "costAndExpenses": 266900000, "interestIncome": 0, "interestExpense": 0, "depreciationAndAmortization": 7600000, "ebitda": 38400000, "ebitdaratio": 0.1266073195, "operatingIncome": 36400000, "operatingIncomeRatio": 0.1200131883, "totalOtherIncomeExpensesNet": 5600000, "incomeBeforeTax": 40500000, "incomeBeforeTaxRatio": 0.1335311573, "incomeTaxExpense": 15000000, "netIncome": 25500000, "netIncomeRatio": 0.0840751731, "eps": 0.54, "epsdiluted": 0.5, "weightedAverageShsOut": 47113164, "weightedAverageShsOutDil": 50872818, "link": "https://www.sec.gov/Archives/edgar/data/38725/000003872598000004/0000038725-98-000004-index.html", "finalLink": "https://www.sec.gov/Archives/edgar/data/38725/", "calculatedOtherExpenses": 7600000, "calculatedOperatingExpenses": 56700000, "calculatedNetInterest": 0, "calculatedOtherIncome": 4100000, "calculatedIncomeNonControlling": 0, "calculatedEbitda": 44000000}, {"date": "1996-12-28", "symbol": "FELE", "reportedCurrency": "USD", "cik": "0000038725", "fillingDate": "1997-02-21", "acceptedDate": "1997-02-21 00:00:00", "calendarYear": "1996", "period": "FY", "revenue": 300700000, "costOfRevenue": 213200000, "grossProfit": 87500000, "grossProfitRatio": 0.2909876954, "researchAndDevelopmentExpenses": 0, "generalAndAdministrativeExpenses": 0, "sellingAndMarketingExpenses": 0, "sellingGeneralAndAdministrativeExpenses": 45900000, "otherExpenses": 8400000, "operatingExpenses": 54300000, "costAndExpenses": 267500000, "interestIncome": 0, "interestExpense": 0, "depreciationAndAmortization": 8400000, "ebitda": 40200000, "ebitdaratio": 0.1336880612, "operatingIncome": 33200000, "operatingIncomeRatio": 0.1104090456, "totalOtherIncomeExpensesNet": 1400000, "incomeBeforeTax": 33300000, "incomeBeforeTaxRatio": 0.1107416029, "incomeTaxExpense": 11800000, "netIncome": 21500000, "netIncomeRatio": 0.0714998337, "eps": 0.43, "epsdiluted": 0.4, "weightedAverageShsOut": 50145773, "weightedAverageShsOutDil": 53416149, "link": "https://www.sec.gov/Archives/edgar/data/38725/000003872597000007/0000038725-97-000007-index.html", "finalLink": "https://www.sec.gov/Archives/edgar/data/38725/", "calculatedOtherExpenses": 8400000, "calculatedOperatingExpenses": 54300000, "calculatedNetInterest": 0, "calculatedOtherIncome": 100000, "calculatedIncomeNonControlling": 0, "calculatedEbitda": 41600000}, {"date": "1995-12-30", "symbol": "FELE", "reportedCurrency": "USD", "cik": "0000038725", "fillingDate": "1996-03-06", "acceptedDate": "1996-03-06 00:00:00", "calendarYear": "1995", "period": "FY", "revenue": 276400000, "costOfRevenue": 202200000, "grossProfit": 74200000, "grossProfitRatio": 0.2684515195, "researchAndDevelopmentExpenses": 0, "generalAndAdministrativeExpenses": 0, "sellingAndMarketingExpenses": 0, "sellingGeneralAndAdministrativeExpenses": 40700000, "otherExpenses": 8900000, "operatingExpenses": 49600000, "costAndExpenses": 251800000, "interestIncome": 0, "interestExpense": 0, "depreciationAndAmortization": 8900000, "ebitda": 31800000, "ebitdaratio": 0.1150506512, "operatingIncome": 24600000, "operatingIncomeRatio": 0.0890014472, "totalOtherIncomeExpensesNet": 1700000, "incomeBeforeTax": 24300000, "incomeBeforeTaxRatio": 0.0879160637, "incomeTaxExpense": 8800000, "netIncome": 15500000, "netIncomeRatio": 0.0560781476, "eps": 0.29, "epsdiluted": 0.29, "weightedAverageShsOut": 52784000, "weightedAverageShsOutDil": 52784000, "link": "https://www.sec.gov/Archives/edgar/data/38725/000003872596000003/0000038725-96-000003-index.html", "finalLink": "https://www.sec.gov/Archives/edgar/data/38725/", "calculatedOtherExpenses": 8900000, "calculatedOperatingExpenses": 49600000, "calculatedNetInterest": 0, "calculatedOtherIncome": -300000, "calculatedIncomeNonControlling": 0, "calculatedEbitda": 33500000}, {"date": "1994-12-31", "symbol": "FELE", "reportedCurrency": "USD", "cik": "0000038725", "fillingDate": "1994-12-31", "acceptedDate": "1994-12-31 00:00:00", "calendarYear": "1994", "period": "FY", "revenue": 241400000, "costOfRevenue": 171900000, "grossProfit": 69500000, "grossProfitRatio": 0.287903894, "researchAndDevelopmentExpenses": 0, "generalAndAdministrativeExpenses": 0, "sellingAndMarketingExpenses": 0, "sellingGeneralAndAdministrativeExpenses": 33300000, "otherExpenses": 6400000, "operatingExpenses": 39700000, "costAndExpenses": 211600000, "interestIncome": 0, "interestExpense": 0, "depreciationAndAmortization": 6400000, "ebitda": 33600000, "ebitdaratio": 0.1391880696, "operatingIncome": 29800000, "operatingIncomeRatio": 0.1234465617, "totalOtherIncomeExpensesNet": 2600000, "incomeBeforeTax": 30200000, "incomeBeforeTaxRatio": 0.1251035626, "incomeTaxExpense": 11500000, "netIncome": 18700000, "netIncomeRatio": 0.0774647887, "eps": 0.36, "epsdiluted": 0.36, "weightedAverageShsOut": 52112676, "weightedAverageShsOutDil": 52112676, "link": null, "finalLink": null, "calculatedOtherExpenses": 6400000, "calculatedOperatingExpenses": 39700000, "calculatedNetInterest": 0, "calculatedOtherIncome": 400000, "calculatedIncomeNonControlling": 0, "calculatedEbitda": 36200000}, {"date": "1993-12-31", "symbol": "FELE", "reportedCurrency": "USD", "cik": "0000038725", "fillingDate": "1993-12-31", "acceptedDate": "1993-12-31 00:00:00", "calendarYear": "1993", "period": "FY", "revenue": 206400000, "costOfRevenue": 149100000, "grossProfit": 57300000, "grossProfitRatio": 0.2776162791, "researchAndDevelopmentExpenses": 0, "generalAndAdministrativeExpenses": 0, "sellingAndMarketingExpenses": 0, "sellingGeneralAndAdministrativeExpenses": 31000000, "otherExpenses": 4200000, "operatingExpenses": 35200000, "costAndExpenses": 184300000, "interestIncome": 0, "interestExpense": 0, "depreciationAndAmortization": 4200000, "ebitda": 22700000, "ebitdaratio": 0.1099806202, "operatingIncome": 22100000, "operatingIncomeRatio": 0.1070736434, "totalOtherIncomeExpensesNet": 3600000, "incomeBeforeTax": 22900000, "incomeBeforeTaxRatio": 0.1109496124, "incomeTaxExpense": 6800000, "netIncome": 17100000, "netIncomeRatio": 0.0828488372, "eps": 0.32, "epsdiluted": 0.32, "weightedAverageShsOut": 52380952, "weightedAverageShsOutDil": 52380952, "link": null, "finalLink": null, "calculatedOtherExpenses": 4200000, "calculatedOperatingExpenses": 35200000, "calculatedNetInterest": 0, "calculatedOtherIncome": 800000, "calculatedIncomeNonControlling": -1000000, "calculatedEbitda": 26300000}, {"date": "1992-12-31", "symbol": "FELE", "reportedCurrency": "USD", "cik": "0000038725", "fillingDate": "1992-12-31", "acceptedDate": "1992-12-31 00:00:00", "calendarYear": "1992", "period": "FY", "revenue": 198600000, "costOfRevenue": 144400000, "grossProfit": 54200000, "grossProfitRatio": 0.2729103726, "researchAndDevelopmentExpenses": 0, "generalAndAdministrativeExpenses": 0, "sellingAndMarketingExpenses": 0, "sellingGeneralAndAdministrativeExpenses": 27100000, "otherExpenses": 4000000, "operatingExpenses": 31100000, "costAndExpenses": 175500000, "interestIncome": 0, "interestExpense": 0, "depreciationAndAmortization": 4000000, "ebitda": 25000000, "ebitdaratio": 0.1258811682, "operatingIncome": 23100000, "operatingIncomeRatio": 0.1163141994, "totalOtherIncomeExpensesNet": 2100000, "incomeBeforeTax": 22600000, "incomeBeforeTaxRatio": 0.113796576, "incomeTaxExpense": 9000000, "netIncome": 13800000, "netIncomeRatio": 0.0694864048, "eps": 0.24, "epsdiluted": 0.24, "weightedAverageShsOut": 51914894, "weightedAverageShsOutDil": 51914894, "link": null, "finalLink": null, "calculatedOtherExpenses": 4000000, "calculatedOperatingExpenses": 31100000, "calculatedNetInterest": 0, "calculatedOtherIncome": -500000, "calculatedIncomeNonControlling": -200000, "calculatedEbitda": 27100000}, {"date": "1991-12-31", "symbol": "FELE", "reportedCurrency": "USD", "cik": "0000038725", "fillingDate": "1991-12-31", "acceptedDate": "1991-12-31 00:00:00", "calendarYear": "1991", "period": "FY", "revenue": 184100000, "costOfRevenue": 135200000, "grossProfit": 48900000, "grossProfitRatio": 0.2656165128, "researchAndDevelopmentExpenses": 0, "generalAndAdministrativeExpenses": 0, "sellingAndMarketingExpenses": 0, "sellingGeneralAndAdministrativeExpenses": 25600000, "otherExpenses": 4000000, "operatingExpenses": 29600000, "costAndExpenses": 164800000, "interestIncome": 0, "interestExpense": 0, "depreciationAndAmortization": 4000000, "ebitda": 20500000, "ebitdaratio": 0.1113525258, "operatingIncome": 19300000, "operatingIncomeRatio": 0.1048343292, "totalOtherIncomeExpensesNet": 2800000, "incomeBeforeTax": 20400000, "incomeBeforeTaxRatio": 0.1108093427, "incomeTaxExpense": 7400000, "netIncome": 13000000, "netIncomeRatio": 0.0706137968, "eps": 0.2, "epsdiluted": 0.2, "weightedAverageShsOut": 51464968, "weightedAverageShsOutDil": 51464968, "link": null, "finalLink": null, "calculatedOtherExpenses": 4000000, "calculatedOperatingExpenses": 29600000, "calculatedNetInterest": 0, "calculatedOtherIncome": 1100000, "calculatedIncomeNonControlling": 0, "calculatedEbitda": 23300000}, {"date": "1990-12-31", "symbol": "FELE", "reportedCurrency": "USD", "cik": "0000038725", "fillingDate": "1990-12-31", "acceptedDate": "1990-12-31 00:00:00", "calendarYear": "1990", "period": "FY", "revenue": 179000000, "costOfRevenue": 133300000, "grossProfit": 45700000, "grossProfitRatio": 0.2553072626, "researchAndDevelopmentExpenses": 0, "generalAndAdministrativeExpenses": 0, "sellingAndMarketingExpenses": 0, "sellingGeneralAndAdministrativeExpenses": 23600000, "otherExpenses": 4100000, "operatingExpenses": 27700000, "costAndExpenses": 161000000, "interestIncome": 0, "interestExpense": 0, "depreciationAndAmortization": 4100000, "ebitda": 20700000, "ebitdaratio": 0.1156424581, "operatingIncome": 18000000, "operatingIncomeRatio": 0.1005586592, "totalOtherIncomeExpensesNet": 1400000, "incomeBeforeTax": 17800000, "incomeBeforeTaxRatio": 0.0994413408, "incomeTaxExpense": 6500000, "netIncome": 11300000, "netIncomeRatio": 0.0631284916, "eps": 0.16, "epsdiluted": 0.16, "weightedAverageShsOut": 49523810, "weightedAverageShsOutDil": 49523810, "link": null, "finalLink": null, "calculatedOtherExpenses": 4100000, "calculatedOperatingExpenses": 27700000, "calculatedNetInterest": 0, "calculatedOtherIncome": -200000, "calculatedIncomeNonControlling": 0, "calculatedEbitda": 22100000}, {"date": "1989-12-31", "symbol": "FELE", "reportedCurrency": "USD", "cik": "0000038725", "fillingDate": "1989-12-31", "acceptedDate": "1989-12-31 00:00:00", "calendarYear": "1989", "period": "FY", "revenue": 172500000, "costOfRevenue": 130400000, "grossProfit": 42100000, "grossProfitRatio": 0.244057971, "researchAndDevelopmentExpenses": 0, "generalAndAdministrativeExpenses": 0, "sellingAndMarketingExpenses": 0, "sellingGeneralAndAdministrativeExpenses": 24200000, "otherExpenses": 4000000, "operatingExpenses": 28200000, "costAndExpenses": 158600000, "interestIncome": 0, "interestExpense": 0, "depreciationAndAmortization": 4000000, "ebitda": 16600000, "ebitdaratio": 0.0962318841, "operatingIncome": 13900000, "operatingIncomeRatio": 0.0805797101, "totalOtherIncomeExpensesNet": 1300000, "incomeBeforeTax": 14300000, "incomeBeforeTaxRatio": 0.0828985507, "incomeTaxExpense": 6000000, "netIncome": 8300000, "netIncomeRatio": 0.048115942, "eps": 0.39, "epsdiluted": 0.39, "weightedAverageShsOut": 47856000, "weightedAverageShsOutDil": 47856000, "link": null, "finalLink": null, "calculatedOtherExpenses": 4000000, "calculatedOperatingExpenses": 28200000, "calculatedNetInterest": 0, "calculatedOtherIncome": 400000, "calculatedIncomeNonControlling": 0, "calculatedEbitda": 17900000}]}