{"originalCurrency": "USD", "convertedCurrency": "USD", "report": [{"date": "2023-12-31", "symbol": "FFBC", "reportedCurrency": "USD", "cik": "0000708955", "fillingDate": "2024-02-22", "acceptedDate": "2024-02-22 13:41:12", "calendarYear": "2023", "period": "FY", "revenue": 1115220000, "costOfRevenue": -206000, "grossProfit": 1115426000, "grossProfitRatio": 1.0001847169, "researchAndDevelopmentExpenses": 0, "generalAndAdministrativeExpenses": 337179000, "sellingAndMarketingExpenses": 9647000, "sellingGeneralAndAdministrativeExpenses": 346826000, "otherExpenses": -145311000, "operatingExpenses": 145311000, "costAndExpenses": 796624000, "interestIncome": 903004000, "interestExpense": 73224000, "depreciationAndAmortization": 37799000, "ebitda": 10402000, "ebitdaratio": 0.0093273076, "operatingIncome": -27397000, "operatingIncomeRatio": -0.0245664533, "totalOtherIncomeExpensesNet": 318596000, "incomeBeforeTax": 318596000, "incomeBeforeTaxRatio": 0.2856799555, "incomeTaxExpense": 62733000, "netIncome": 255863000, "netIncomeRatio": 0.2294282742, "eps": 2.72, "epsdiluted": 2.69, "weightedAverageShsOut": 93938772, "weightedAverageShsOutDil": 95096067, "link": "https://www.sec.gov/Archives/edgar/data/708955/000070895524000018/0000708955-24-000018-index.htm", "finalLink": "https://www.sec.gov/Archives/edgar/data/708955/000070895524000018/ffbc-20231231.htm", "calculatedOtherExpenses": 795997000, "calculatedOperatingExpenses": 1142823000, "calculatedNetInterest": 829780000, "calculatedOtherIncome": -483787000, "calculatedIncomeNonControlling": 0, "calculatedEbitda": 10402000}, {"date": "2022-12-31", "symbol": "FFBC", "reportedCurrency": "USD", "cik": "0000708955", "fillingDate": "2023-02-24", "acceptedDate": "2023-02-24 15:14:18", "calendarYear": "2022", "period": "FY", "revenue": 708784000, "costOfRevenue": 0, "grossProfit": 708784000, "grossProfitRatio": 1, "researchAndDevelopmentExpenses": 0, "generalAndAdministrativeExpenses": 276562000, "sellingAndMarketingExpenses": 8744000, "sellingGeneralAndAdministrativeExpenses": 285306000, "otherExpenses": -658883000, "operatingExpenses": -373577000, "costAndExpenses": -373577000, "interestIncome": 585006000, "interestExpense": 65863000, "depreciationAndAmortization": 11185000, "ebitda": 346392000, "ebitdaratio": 0.4887130635, "operatingIncome": 335207000, "operatingIncomeRatio": 0.4729325154, "totalOtherIncomeExpensesNet": -93485000, "incomeBeforeTax": 241722000, "incomeBeforeTaxRatio": 0.3410376081, "incomeTaxExpense": 24110000, "netIncome": 217612000, "netIncomeRatio": 0.3070216032, "eps": 2.33, "epsdiluted": 2.3, "weightedAverageShsOut": 93528712, "weightedAverageShsOutDil": 94586851, "link": "https://www.sec.gov/Archives/edgar/data/708955/000070895523000016/0000708955-23-000016-index.htm", "finalLink": "https://www.sec.gov/Archives/edgar/data/708955/000070895523000016/ffbc-20221231.htm", "calculatedOtherExpenses": 88271000, "calculatedOperatingExpenses": 373577000, "calculatedNetInterest": 519143000, "calculatedOtherIncome": -612628000, "calculatedIncomeNonControlling": 0, "calculatedEbitda": 346392000}, {"date": "2021-12-31", "symbol": "FFBC", "reportedCurrency": "USD", "cik": "0000708955", "fillingDate": "2022-02-18", "acceptedDate": "2022-02-18 12:42:27", "calendarYear": "2021", "period": "FY", "revenue": 623624000, "costOfRevenue": 0, "grossProfit": 623624000, "grossProfitRatio": 1, "researchAndDevelopmentExpenses": 0, "generalAndAdministrativeExpenses": 285847000, "sellingAndMarketingExpenses": 7983000, "sellingGeneralAndAdministrativeExpenses": 293830000, "otherExpenses": -676521000, "operatingExpenses": -382691000, "costAndExpenses": -382691000, "interestIncome": 483217000, "interestExpense": 31099000, "depreciationAndAmortization": 9839000, "ebitda": 250772000, "ebitdaratio": 0.4021205085, "operatingIncome": 240933000, "operatingIncomeRatio": 0.3863433736, "totalOtherIncomeExpensesNet": 240933000, "incomeBeforeTax": 240933000, "incomeBeforeTaxRatio": 0.3863433736, "incomeTaxExpense": 35773000, "netIncome": 205160000, "netIncomeRatio": 0.328980283, "eps": 2.16, "epsdiluted": 2.14, "weightedAverageShsOut": 95034690, "weightedAverageShsOutDil": 95897385, "link": "https://www.sec.gov/Archives/edgar/data/708955/000070895522000016/0000708955-22-000016-index.htm", "finalLink": "https://www.sec.gov/Archives/edgar/data/708955/000070895522000016/ffbc-20211231.htm", "calculatedOtherExpenses": 88861000, "calculatedOperatingExpenses": 382691000, "calculatedNetInterest": 452118000, "calculatedOtherIncome": -452118000, "calculatedIncomeNonControlling": 0, "calculatedEbitda": 250772000}, {"date": "2020-12-31", "symbol": "FFBC", "reportedCurrency": "USD", "cik": "0000708955", "fillingDate": "2021-02-19", "acceptedDate": "2021-02-19 10:45:09", "calendarYear": "2020", "period": "FY", "revenue": 645634000, "costOfRevenue": 0, "grossProfit": 645634000, "grossProfitRatio": 1, "researchAndDevelopmentExpenses": 0, "generalAndAdministrativeExpenses": 272895000, "sellingAndMarketingExpenses": 6414000, "sellingGeneralAndAdministrativeExpenses": 279309000, "otherExpenses": -740532000, "operatingExpenses": -461223000, "costAndExpenses": -461223000, "interestIncome": 524963000, "interestExpense": 68452000, "depreciationAndAmortization": 11126000, "ebitda": 195537000, "ebitdaratio": 0.3028604442, "operatingIncome": 184411000, "operatingIncomeRatio": 0.2856277705, "totalOtherIncomeExpensesNet": 184411000, "incomeBeforeTax": 184411000, "incomeBeforeTaxRatio": 0.2856277705, "incomeTaxExpense": 28601000, "netIncome": 155810000, "netIncomeRatio": 0.2413286785, "eps": 1.6, "epsdiluted": 1.59, "weightedAverageShsOut": 97363952, "weightedAverageShsOutDil": 98093098, "link": "https://www.sec.gov/Archives/edgar/data/708955/000070895521000014/0000708955-21-000014-index.htm", "finalLink": "https://www.sec.gov/Archives/edgar/data/708955/000070895521000014/ffbc-20201231.htm", "calculatedOtherExpenses": 181914000, "calculatedOperatingExpenses": 461223000, "calculatedNetInterest": 456511000, "calculatedOtherIncome": -456511000, "calculatedIncomeNonControlling": 0, "calculatedEbitda": 195537000}, {"date": "2019-12-31", "symbol": "FFBC", "reportedCurrency": "USD", "cik": "0000708955", "fillingDate": "2020-02-21", "acceptedDate": "2020-02-21 15:12:21", "calendarYear": "2019", "period": "FY", "revenue": 615627000, "costOfRevenue": 0, "grossProfit": 615627000, "grossProfitRatio": 1, "researchAndDevelopmentExpenses": 0, "generalAndAdministrativeExpenses": 236182000, "sellingAndMarketingExpenses": 6908000, "sellingGeneralAndAdministrativeExpenses": 243090000, "otherExpenses": -615855000, "operatingExpenses": -372765000, "costAndExpenses": -372765000, "interestIncome": 607578000, "interestExpense": 123324000, "depreciationAndAmortization": 9671000, "ebitda": 252533000, "ebitdaratio": 0.4102045557, "operatingIncome": 242862000, "operatingIncomeRatio": 0.3944953681, "totalOtherIncomeExpensesNet": 242862000, "incomeBeforeTax": 242862000, "incomeBeforeTaxRatio": 0.3944953681, "incomeTaxExpense": 44787000, "netIncome": 198075000, "netIncomeRatio": 0.3217451476, "eps": 2.01, "epsdiluted": 2, "weightedAverageShsOut": 98305570, "weightedAverageShsOutDil": 98851471, "link": "https://www.sec.gov/Archives/edgar/data/708955/000070895520000011/0000708955-20-000011-index.htm", "finalLink": "https://www.sec.gov/Archives/edgar/data/708955/000070895520000011/q42019form10-k.htm", "calculatedOtherExpenses": 129675000, "calculatedOperatingExpenses": 372765000, "calculatedNetInterest": 484254000, "calculatedOtherIncome": -484254000, "calculatedIncomeNonControlling": 0, "calculatedEbitda": 252533000}, {"date": "2018-12-31", "symbol": "FFBC", "reportedCurrency": "USD", "cik": "0000708955", "fillingDate": "2019-02-22", "acceptedDate": "2019-02-22 16:13:21", "calendarYear": "2018", "period": "FY", "revenue": 552617000, "costOfRevenue": 0, "grossProfit": 552617000, "grossProfitRatio": 1, "researchAndDevelopmentExpenses": 0, "generalAndAdministrativeExpenses": 224203000, "sellingAndMarketingExpenses": 7598000, "sellingGeneralAndAdministrativeExpenses": 231801000, "otherExpenses": -479050000, "operatingExpenses": -247249000, "costAndExpenses": -247249000, "interestIncome": 540382000, "interestExpense": 91147000, "depreciationAndAmortization": 24171000, "ebitda": 329539000, "ebitdaratio": 0.5963243983, "operatingIncome": 305368000, "operatingIncomeRatio": 0.5525852444, "totalOtherIncomeExpensesNet": -91147000, "incomeBeforeTax": 214221000, "incomeBeforeTaxRatio": 0.3876482265, "incomeTaxExpense": 41626000, "netIncome": 172595000, "netIncomeRatio": 0.3123230013, "eps": 1.95, "epsdiluted": 1.93, "weightedAverageShsOut": 88582090, "weightedAverageShsOutDil": 89614205, "link": "https://www.sec.gov/Archives/edgar/data/708955/000070895519000020/0000708955-19-000020-index.htm", "finalLink": "https://www.sec.gov/Archives/edgar/data/708955/000070895519000020/q42018form10-k.htm", "calculatedOtherExpenses": 15448000, "calculatedOperatingExpenses": 247249000, "calculatedNetInterest": 449235000, "calculatedOtherIncome": -540382000, "calculatedIncomeNonControlling": 0, "calculatedEbitda": 329539000}, {"date": "2017-12-31", "symbol": "FFBC", "reportedCurrency": "USD", "cik": "0000708955", "fillingDate": "2018-02-26", "acceptedDate": "2018-02-26 16:22:41", "calendarYear": "2017", "period": "FY", "revenue": 359687000, "costOfRevenue": 0, "grossProfit": 359687000, "grossProfitRatio": 1, "researchAndDevelopmentExpenses": 0, "generalAndAdministrativeExpenses": 152345000, "sellingAndMarketingExpenses": 3201000, "sellingGeneralAndAdministrativeExpenses": 155546000, "otherExpenses": -349542000, "operatingExpenses": -193996000, "costAndExpenses": -193996000, "interestIncome": 333073000, "interestExpense": 49528000, "depreciationAndAmortization": 12645000, "ebitda": 178336000, "ebitdaratio": 0.495808856, "operatingIncome": 165691000, "operatingIncomeRatio": 0.4606532902, "totalOtherIncomeExpensesNet": -49528000, "incomeBeforeTax": 116163000, "incomeBeforeTaxRatio": 0.3229557921, "incomeTaxExpense": 19376000, "netIncome": 96787000, "netIncomeRatio": 0.2690867337, "eps": 1.57, "epsdiluted": 1.56, "weightedAverageShsOut": 61529460, "weightedAverageShsOutDil": 62171590, "link": "https://www.sec.gov/Archives/edgar/data/708955/000070895518000037/0000708955-18-000037-index.htm", "finalLink": "https://www.sec.gov/Archives/edgar/data/708955/000070895518000037/q42017form10-k.htm", "calculatedOtherExpenses": 38450000, "calculatedOperatingExpenses": 193996000, "calculatedNetInterest": 283545000, "calculatedOtherIncome": -333073000, "calculatedIncomeNonControlling": 0, "calculatedEbitda": 178336000}, {"date": "2016-12-31", "symbol": "FFBC", "reportedCurrency": "USD", "cik": "0000708955", "fillingDate": "2017-02-24", "acceptedDate": "2017-02-24 16:12:50", "calendarYear": "2016", "period": "FY", "revenue": 343835000, "costOfRevenue": 0, "grossProfit": 343835000, "grossProfitRatio": 1, "researchAndDevelopmentExpenses": 0, "generalAndAdministrativeExpenses": 141512000, "sellingAndMarketingExpenses": 3965000, "sellingGeneralAndAdministrativeExpenses": 145477000, "otherExpenses": -325302000, "operatingExpenses": -179825000, "costAndExpenses": -179825000, "interestIncome": 305950000, "interestExpense": 33279000, "depreciationAndAmortization": 13037000, "ebitda": 177047000, "ebitdaratio": 0.5149184929, "operatingIncome": 164010000, "operatingIncomeRatio": 0.4770020504, "totalOtherIncomeExpensesNet": -33279000, "incomeBeforeTax": 130731000, "incomeBeforeTaxRatio": 0.380214347, "incomeTaxExpense": 42205000, "netIncome": 88526000, "netIncomeRatio": 0.2574665174, "eps": 1.45, "epsdiluted": 1.43, "weightedAverageShsOut": 61206093, "weightedAverageShsOutDil": 61985422, "link": "https://www.sec.gov/Archives/edgar/data/708955/000070895517000016/0000708955-17-000016-index.htm", "finalLink": "https://www.sec.gov/Archives/edgar/data/708955/000070895517000016/q42016form10-k.htm", "calculatedOtherExpenses": 34348000, "calculatedOperatingExpenses": 179825000, "calculatedNetInterest": 272671000, "calculatedOtherIncome": -305950000, "calculatedIncomeNonControlling": 0, "calculatedEbitda": 177047000}, {"date": "2015-12-31", "symbol": "FFBC", "reportedCurrency": "USD", "cik": "0000708955", "fillingDate": "2016-02-23", "acceptedDate": "2016-02-23 16:56:43", "calendarYear": "2015", "period": "FY", "revenue": 324191000, "costOfRevenue": 0, "grossProfit": 324191000, "grossProfitRatio": 1, "researchAndDevelopmentExpenses": 0, "generalAndAdministrativeExpenses": 131749000, "sellingAndMarketingExpenses": 3723000, "sellingGeneralAndAdministrativeExpenses": 135472000, "otherExpenses": -325473000, "operatingExpenses": -190001000, "costAndExpenses": -190001000, "interestIncome": 269759000, "interestExpense": 23257000, "depreciationAndAmortization": 13266000, "ebitda": 147456000, "ebitdaratio": 0.4548429784, "operatingIncome": 134190000, "operatingIncomeRatio": 0.4139226567, "totalOtherIncomeExpensesNet": -23257000, "incomeBeforeTax": 110933000, "incomeBeforeTaxRatio": 0.3421840828, "incomeTaxExpense": 35870000, "netIncome": 75063000, "netIncomeRatio": 0.231539432, "eps": 1.23, "epsdiluted": 1.21, "weightedAverageShsOut": 61062657, "weightedAverageShsOutDil": 61847547, "link": "https://www.sec.gov/Archives/edgar/data/708955/000070895516000103/0000708955-16-000103-index.htm", "finalLink": "https://www.sec.gov/Archives/edgar/data/708955/000070895516000103/q42015form10-k.htm", "calculatedOtherExpenses": 54529000, "calculatedOperatingExpenses": 190001000, "calculatedNetInterest": 246502000, "calculatedOtherIncome": -269759000, "calculatedIncomeNonControlling": 0, "calculatedEbitda": 147456000}, {"date": "2014-12-31", "symbol": "FFBC", "reportedCurrency": "USD", "cik": "0000708955", "fillingDate": "2015-02-24", "acceptedDate": "2015-02-24 16:26:19", "calendarYear": "2014", "period": "FY", "revenue": 292225000, "costOfRevenue": 0, "grossProfit": 292225000, "grossProfitRatio": 1, "researchAndDevelopmentExpenses": 0, "generalAndAdministrativeExpenses": 127039000, "sellingAndMarketingExpenses": 3603000, "sellingGeneralAndAdministrativeExpenses": 130642000, "otherExpenses": -308605000, "operatingExpenses": -177963000, "costAndExpenses": -177963000, "interestIncome": 247859000, "interestExpense": 19234000, "depreciationAndAmortization": 12785000, "ebitda": 127047000, "ebitdaratio": 0.4347574643, "operatingIncome": 114262000, "operatingIncomeRatio": 0.3910069296, "totalOtherIncomeExpensesNet": -19234000, "incomeBeforeTax": 95028000, "incomeBeforeTaxRatio": 0.3251877834, "incomeTaxExpense": 30028000, "netIncome": 65000000, "netIncomeRatio": 0.2224313457, "eps": 1.11, "epsdiluted": 1.09, "weightedAverageShsOut": 58662836, "weightedAverageShsOutDil": 59392667, "link": "https://www.sec.gov/Archives/edgar/data/708955/000070895515000009/0000708955-15-000009-index.htm", "finalLink": "https://www.sec.gov/Archives/edgar/data/708955/000070895515000009/q42014form10-k.htm", "calculatedOtherExpenses": 47321000, "calculatedOperatingExpenses": 177963000, "calculatedNetInterest": 228625000, "calculatedOtherIncome": -247859000, "calculatedIncomeNonControlling": 0, "calculatedEbitda": 127047000}, {"date": "2013-12-31", "symbol": "FFBC", "reportedCurrency": "USD", "cik": "0000708955", "fillingDate": "2014-02-25", "acceptedDate": "2014-02-25 16:52:11", "calendarYear": "2013", "period": "FY", "revenue": 299466000, "costOfRevenue": 0, "grossProfit": 299466000, "grossProfitRatio": 1, "researchAndDevelopmentExpenses": 0, "generalAndAdministrativeExpenses": 144210000, "sellingAndMarketingExpenses": 4270000, "sellingGeneralAndAdministrativeExpenses": 148480000, "otherExpenses": -363475000, "operatingExpenses": -214995000, "costAndExpenses": -214995000, "interestIncome": 245208000, "interestExpense": 16888000, "depreciationAndAmortization": 14270000, "ebitda": 98741000, "ebitdaratio": 0.3297235746, "operatingIncome": 84471000, "operatingIncomeRatio": 0.2820720883, "totalOtherIncomeExpensesNet": -16888000, "incomeBeforeTax": 67583000, "incomeBeforeTaxRatio": 0.2256783742, "incomeTaxExpense": 19234000, "netIncome": 48349000, "netIncomeRatio": 0.1614507156, "eps": 0.84, "epsdiluted": 0.83, "weightedAverageShsOut": 57270233, "weightedAverageShsOutDil": 58073054, "link": "https://www.sec.gov/Archives/edgar/data/708955/000070895514000019/0000708955-14-000019-index.htm", "finalLink": "https://www.sec.gov/Archives/edgar/data/708955/000070895514000019/q42013form10-k.htm", "calculatedOtherExpenses": 66515000, "calculatedOperatingExpenses": 214995000, "calculatedNetInterest": 228320000, "calculatedOtherIncome": -245208000, "calculatedIncomeNonControlling": 0, "calculatedEbitda": 98741000}, {"date": "2012-12-31", "symbol": "FFBC", "reportedCurrency": "USD", "cik": "0000708955", "fillingDate": "2013-02-25", "acceptedDate": "2013-02-25 17:02:41", "calendarYear": "2012", "period": "FY", "revenue": 337970000, "costOfRevenue": 0, "grossProfit": 337970000, "grossProfitRatio": 1, "researchAndDevelopmentExpenses": 0, "generalAndAdministrativeExpenses": 94736000, "sellingAndMarketingExpenses": 5550000, "sellingGeneralAndAdministrativeExpenses": 100286000, "otherExpenses": -306922000, "operatingExpenses": -206636000, "costAndExpenses": -206636000, "interestIncome": 280930000, "interestExpense": 27589000, "depreciationAndAmortization": 15833000, "ebitda": 147167000, "ebitdaratio": 0.4354439743, "operatingIncome": 131334000, "operatingIncomeRatio": 0.388596621, "totalOtherIncomeExpensesNet": -27589000, "incomeBeforeTax": 103745000, "incomeBeforeTaxRatio": 0.3069651152, "incomeTaxExpense": 36442000, "netIncome": 67303000, "netIncomeRatio": 0.1991389768, "eps": 1.16, "epsdiluted": 1.14, "weightedAverageShsOut": 57876685, "weightedAverageShsOutDil": 58868792, "link": "https://www.sec.gov/Archives/edgar/data/708955/000070895513000012/0000708955-13-000012-index.htm", "finalLink": "https://www.sec.gov/Archives/edgar/data/708955/000070895513000012/ffbc1231201210-k.htm", "calculatedOtherExpenses": 106350000, "calculatedOperatingExpenses": 206636000, "calculatedNetInterest": 253341000, "calculatedOtherIncome": -280930000, "calculatedIncomeNonControlling": 0, "calculatedEbitda": 147167000}, {"date": "2011-12-31", "symbol": "FFBC", "reportedCurrency": "USD", "cik": "0000708955", "fillingDate": "2012-02-24", "acceptedDate": "2012-02-24 16:16:30", "calendarYear": "2011", "period": "FY", "revenue": 406427000, "costOfRevenue": 0, "grossProfit": 406427000, "grossProfitRatio": 1, "researchAndDevelopmentExpenses": 0, "generalAndAdministrativeExpenses": 121509000, "sellingAndMarketingExpenses": 5794000, "sellingGeneralAndAdministrativeExpenses": 127303000, "otherExpenses": -383770000, "operatingExpenses": -256467000, "costAndExpenses": -256467000, "interestIncome": 308817000, "interestExpense": 44921000, "depreciationAndAmortization": 11951000, "ebitda": 161911000, "ebitdaratio": 0.3983765842, "operatingIncome": 149960000, "operatingIncomeRatio": 0.3689715496, "totalOtherIncomeExpensesNet": -44921000, "incomeBeforeTax": 105039000, "incomeBeforeTaxRatio": 0.258444936, "incomeTaxExpense": 38300000, "netIncome": 66739000, "netIncomeRatio": 0.1642090708, "eps": 1.16, "epsdiluted": 1.14, "weightedAverageShsOut": 57691979, "weightedAverageShsOutDil": 58693205, "link": "https://www.sec.gov/Archives/edgar/data/708955/000070895512000012/0000708955-12-000012-index.htm", "finalLink": "https://www.sec.gov/Archives/edgar/data/708955/000070895512000012/ffbc1231201110-k.htm", "calculatedOtherExpenses": 129164000, "calculatedOperatingExpenses": 256467000, "calculatedNetInterest": 263896000, "calculatedOtherIncome": -308817000, "calculatedIncomeNonControlling": 0, "calculatedEbitda": 161911000}, {"date": "2010-12-31", "symbol": "FFBC", "reportedCurrency": "USD", "cik": "0000708955", "fillingDate": "2011-02-28", "acceptedDate": "2011-02-28 16:31:43", "calendarYear": "2010", "period": "FY", "revenue": 422341000, "costOfRevenue": 0, "grossProfit": 422341000, "grossProfitRatio": 1, "researchAndDevelopmentExpenses": 0, "generalAndAdministrativeExpenses": 134735000, "sellingAndMarketingExpenses": 5357000, "sellingGeneralAndAdministrativeExpenses": 140092000, "otherExpenses": -402488000, "operatingExpenses": -262396000, "costAndExpenses": -262396000, "interestIncome": 343502000, "interestExpense": 67992000, "depreciationAndAmortization": 0, "ebitda": 159945000, "ebitdaratio": 0.378710568, "operatingIncome": 159945000, "operatingIncomeRatio": 0.378710568, "totalOtherIncomeExpensesNet": -67992000, "incomeBeforeTax": 91953000, "incomeBeforeTaxRatio": 0.2177221724, "incomeTaxExpense": 32702000, "netIncome": 59251000, "netIncomeRatio": 0.1402918495, "eps": 1.01, "epsdiluted": 0.99, "weightedAverageShsOut": 56969491, "weightedAverageShsOutDil": 57993078, "link": "https://www.sec.gov/Archives/edgar/data/708955/000114420411011533/0001144204-11-011533-index.htm", "finalLink": "https://www.sec.gov/Archives/edgar/data/708955/000114420411011533/v212087_10k.htm", "calculatedOtherExpenses": 122304000, "calculatedOperatingExpenses": 262396000, "calculatedNetInterest": 275510000, "calculatedOtherIncome": -343502000, "calculatedIncomeNonControlling": 0, "calculatedEbitda": 159945000}, {"date": "2009-12-31", "symbol": "FFBC", "reportedCurrency": "USD", "cik": "0000708955", "fillingDate": "2010-03-16", "acceptedDate": "2010-03-16 16:54:02", "calendarYear": "2009", "period": "FY", "revenue": 238204000, "costOfRevenue": 0, "grossProfit": 238204000, "grossProfitRatio": 1, "researchAndDevelopmentExpenses": 0, "generalAndAdministrativeExpenses": 92789000, "sellingAndMarketingExpenses": 3494000, "sellingGeneralAndAdministrativeExpenses": 96283000, "otherExpenses": -379086000, "operatingExpenses": -282803000, "costAndExpenses": -282803000, "interestIncome": 233228000, "interestExpense": 57245000, "depreciationAndAmortization": 0, "ebitda": 447813000, "ebitdaratio": 1.8799558362, "operatingIncome": 447813000, "operatingIncomeRatio": 1.8799558362, "totalOtherIncomeExpensesNet": -57245000, "incomeBeforeTax": 390568000, "incomeBeforeTaxRatio": 1.639636614, "incomeTaxExpense": 144022000, "netIncome": 246546000, "netIncomeRatio": 1.0350204027, "eps": 5.4, "epsdiluted": 5.33, "weightedAverageShsOut": 45028640, "weightedAverageShsOutDil": 45556868, "link": "https://www.sec.gov/Archives/edgar/data/708955/000114420410013839/0001144204-10-013839-index.htm", "finalLink": "https://www.sec.gov/Archives/edgar/data/708955/000114420410013839/v177311_10k.htm", "calculatedOtherExpenses": -305892000, "calculatedOperatingExpenses": -209609000, "calculatedNetInterest": 175983000, "calculatedOtherIncome": -233228000, "calculatedIncomeNonControlling": 0, "calculatedEbitda": 447813000}, {"date": "2008-12-31", "symbol": "FFBC", "reportedCurrency": "USD", "cik": "0000708955", "fillingDate": "2009-03-11", "acceptedDate": "2009-03-11 16:46:15", "calendarYear": "2008", "period": "FY", "revenue": 167951000, "costOfRevenue": 0, "grossProfit": 167951000, "grossProfitRatio": 1, "researchAndDevelopmentExpenses": 0, "generalAndAdministrativeExpenses": 66862000, "sellingAndMarketingExpenses": 2548000, "sellingGeneralAndAdministrativeExpenses": 69410000, "otherExpenses": -136893000, "operatingExpenses": -67483000, "costAndExpenses": -67483000, "interestIncome": 183305000, "interestExpense": 67103000, "depreciationAndAmortization": 6677000, "ebitda": 107145000, "ebitdaratio": 0.637953927, "operatingIncome": 100468000, "operatingIncomeRatio": 0.598198284, "totalOtherIncomeExpensesNet": -67103000, "incomeBeforeTax": 33365000, "incomeBeforeTaxRatio": 0.1986591327, "incomeTaxExpense": 10403000, "netIncome": 22962000, "netIncomeRatio": 0.1367184476, "eps": 0.62, "epsdiluted": 0.61, "weightedAverageShsOut": 37112065, "weightedAverageShsOutDil": 37484198, "link": "https://www.sec.gov/Archives/edgar/data/708955/000114420409013276/0001144204-09-013276-index.htm", "finalLink": "https://www.sec.gov/Archives/edgar/data/708955/000114420409013276/v142217_10k.htm", "calculatedOtherExpenses": -1927000, "calculatedOperatingExpenses": 67483000, "calculatedNetInterest": 116202000, "calculatedOtherIncome": -183305000, "calculatedIncomeNonControlling": 0, "calculatedEbitda": 107145000}, {"date": "2007-12-31", "symbol": "FFBC", "reportedCurrency": "USD", "cik": "0000708955", "fillingDate": "2008-02-27", "acceptedDate": "2008-02-27 16:49:30", "calendarYear": "2007", "period": "FY", "revenue": 182088000, "costOfRevenue": 0, "grossProfit": 182088000, "grossProfitRatio": 1, "researchAndDevelopmentExpenses": 0, "generalAndAdministrativeExpenses": 69891000, "sellingAndMarketingExpenses": 2441000, "sellingGeneralAndAdministrativeExpenses": 72332000, "otherExpenses": -112789000, "operatingExpenses": -40457000, "costAndExpenses": -40457000, "interestIncome": 206442000, "interestExpense": 87942000, "depreciationAndAmortization": 8080000, "ebitda": 149711000, "ebitdaratio": 0.8221903695, "operatingIncome": 141631000, "operatingIncomeRatio": 0.7778162207, "totalOtherIncomeExpensesNet": -87942000, "incomeBeforeTax": 53689000, "incomeBeforeTaxRatio": 0.2948519397, "incomeTaxExpense": 18008000, "netIncome": 35681000, "netIncomeRatio": 0.1959547032, "eps": 0.93, "epsdiluted": 0.93, "weightedAverageShsOut": 38455084, "weightedAverageShsOutDil": 38459138, "link": "https://www.sec.gov/Archives/edgar/data/708955/000095015208001468/0000950152-08-001468-index.htm", "finalLink": "https://www.sec.gov/Archives/edgar/data/708955/000095015208001468/l30102ae10vk.htm", "calculatedOtherExpenses": -31875000, "calculatedOperatingExpenses": 40457000, "calculatedNetInterest": 118500000, "calculatedOtherIncome": -206442000, "calculatedIncomeNonControlling": 0, "calculatedEbitda": 149711000}, {"date": "2006-12-31", "symbol": "FFBC", "reportedCurrency": "USD", "cik": "0000708955", "fillingDate": "2007-02-27", "acceptedDate": "2007-02-27 14:05:26", "calendarYear": "2006", "period": "FY", "revenue": 200926000, "costOfRevenue": 0, "grossProfit": 200926000, "grossProfitRatio": 1, "researchAndDevelopmentExpenses": 0, "generalAndAdministrativeExpenses": 84529000, "sellingAndMarketingExpenses": 3490000, "sellingGeneralAndAdministrativeExpenses": 88019000, "otherExpenses": -177773000, "operatingExpenses": -89754000, "costAndExpenses": -89754000, "interestIncome": 205525000, "interestExpense": 80452000, "depreciationAndAmortization": 8477000, "ebitda": 119649000, "ebitdaratio": 0.5954878911, "operatingIncome": 111172000, "operatingIncomeRatio": 0.5532982292, "totalOtherIncomeExpensesNet": -80452000, "incomeBeforeTax": 30720000, "incomeBeforeTaxRatio": 0.1528921095, "incomeTaxExpense": 9449000, "netIncome": 21271000, "netIncomeRatio": 0.1058648458, "eps": 0.54, "epsdiluted": 0.54, "weightedAverageShsOut": 39539114, "weightedAverageShsOutDil": 39562010, "link": "https://www.sec.gov/Archives/edgar/data/708955/000095015207001532/0000950152-07-001532-index.htm", "finalLink": "https://www.sec.gov/Archives/edgar/data/708955/000095015207001532/l24894ae10vk.htm", "calculatedOtherExpenses": 1735000, "calculatedOperatingExpenses": 89754000, "calculatedNetInterest": 125073000, "calculatedOtherIncome": -205525000, "calculatedIncomeNonControlling": 0, "calculatedEbitda": 119649000}, {"date": "2005-12-31", "symbol": "FFBC", "reportedCurrency": "USD", "cik": "0000708955", "fillingDate": "2006-03-13", "acceptedDate": "2006-03-13 13:32:23", "calendarYear": "2005", "period": "FY", "revenue": 186229000, "costOfRevenue": 0, "grossProfit": 186229000, "grossProfitRatio": 1, "researchAndDevelopmentExpenses": 0, "generalAndAdministrativeExpenses": 77690000, "sellingAndMarketingExpenses": 2464000, "sellingGeneralAndAdministrativeExpenses": 80154000, "otherExpenses": -148106000, "operatingExpenses": -67952000, "costAndExpenses": -67952000, "interestIncome": 200697000, "interestExpense": 67730000, "depreciationAndAmortization": 10589000, "ebitda": 128866000, "ebitdaratio": 0.691976008, "operatingIncome": 118277000, "operatingIncomeRatio": 0.6351159057, "totalOtherIncomeExpensesNet": -74855000, "incomeBeforeTax": 43422000, "incomeBeforeTaxRatio": 0.2331645447, "incomeTaxExpense": 12614000, "netIncome": 37933000, "netIncomeRatio": 0.2036900805, "eps": 0.89, "epsdiluted": 0.88, "weightedAverageShsOut": 43084378, "weightedAverageShsOutDil": 43172750, "link": "https://www.sec.gov/Archives/edgar/data/708955/000095015206002010/0000950152-06-002010-index.htm", "finalLink": "https://www.sec.gov/Archives/edgar/data/708955/000095015206002010/l18782ae10vk.htm", "calculatedOtherExpenses": -12202000, "calculatedOperatingExpenses": 67952000, "calculatedNetInterest": 132967000, "calculatedOtherIncome": -207822000, "calculatedIncomeNonControlling": -7125000, "calculatedEbitda": 128866000}, {"date": "2004-12-31", "symbol": "FFBC", "reportedCurrency": "USD", "cik": "0000708955", "fillingDate": "2005-03-14", "acceptedDate": "2005-03-14 11:17:31", "calendarYear": "2004", "period": "FY", "revenue": 203789000, "costOfRevenue": 0, "grossProfit": 203789000, "grossProfitRatio": 1, "researchAndDevelopmentExpenses": 0, "generalAndAdministrativeExpenses": 76732000, "sellingAndMarketingExpenses": 2716000, "sellingGeneralAndAdministrativeExpenses": 79448000, "otherExpenses": -163632000, "operatingExpenses": -84184000, "costAndExpenses": -84184000, "interestIncome": 202977000, "interestExpense": 59230000, "depreciationAndAmortization": 11054000, "ebitda": 130659000, "ebitdaratio": 0.6411484428, "operatingIncome": 119605000, "operatingIncomeRatio": 0.5869060646, "totalOtherIncomeExpensesNet": -59230000, "incomeBeforeTax": 60375000, "incomeBeforeTaxRatio": 0.2962623105, "incomeTaxExpense": 19257000, "netIncome": 41118000, "netIncomeRatio": 0.2017675144, "eps": 0.94, "epsdiluted": 0.94, "weightedAverageShsOut": 43742553, "weightedAverageShsOutDil": 43880000, "link": "https://www.sec.gov/Archives/edgar/data/708955/000095015205002066/0000950152-05-002066-index.htm", "finalLink": "https://www.sec.gov/Archives/edgar/data/708955/000095015205002066/l12674ae10vk.htm", "calculatedOtherExpenses": 4736000, "calculatedOperatingExpenses": 84184000, "calculatedNetInterest": 143747000, "calculatedOtherIncome": -202977000, "calculatedIncomeNonControlling": 0, "calculatedEbitda": 130659000}, {"date": "2003-12-31", "symbol": "FFBC", "reportedCurrency": "USD", "cik": "0000708955", "fillingDate": "2004-03-11", "acceptedDate": "2004-03-11 11:27:05", "calendarYear": "2003", "period": "FY", "revenue": 207093000, "costOfRevenue": 0, "grossProfit": 207093000, "grossProfitRatio": 1, "researchAndDevelopmentExpenses": 0, "generalAndAdministrativeExpenses": 76508000, "sellingAndMarketingExpenses": 0, "sellingGeneralAndAdministrativeExpenses": 76508000, "otherExpenses": -164837000, "operatingExpenses": -88329000, "costAndExpenses": -88329000, "interestIncome": 208289000, "interestExpense": 63408000, "depreciationAndAmortization": 19482000, "ebitda": 138246000, "ebitdaratio": 0.6675551564, "operatingIncome": 118764000, "operatingIncomeRatio": 0.5734814793, "totalOtherIncomeExpensesNet": -63408000, "incomeBeforeTax": 55356000, "incomeBeforeTaxRatio": 0.2673001985, "incomeTaxExpense": 17450000, "netIncome": 37906000, "netIncomeRatio": 0.1830385382, "eps": 0.85, "epsdiluted": 0.85, "weightedAverageShsOut": 44370917, "weightedAverageShsOutDil": 44422852, "link": "https://www.sec.gov/Archives/edgar/data/708955/000095015204001804/0000950152-04-001804-index.htm", "finalLink": "https://www.sec.gov/Archives/edgar/data/708955/000095015204001804/l05801ae10vk.htm", "calculatedOtherExpenses": 11821000, "calculatedOperatingExpenses": 88329000, "calculatedNetInterest": 144881000, "calculatedOtherIncome": -208289000, "calculatedIncomeNonControlling": 0, "calculatedEbitda": 138246000}, {"date": "2002-12-31", "symbol": "FFBC", "reportedCurrency": "USD", "cik": "0000708955", "fillingDate": "2003-03-26", "acceptedDate": "2003-03-26 16:43:54", "calendarYear": "2002", "period": "FY", "revenue": 219456000, "costOfRevenue": 0, "grossProfit": 219456000, "grossProfitRatio": 1, "researchAndDevelopmentExpenses": 0, "generalAndAdministrativeExpenses": 71619000, "sellingAndMarketingExpenses": 0, "sellingGeneralAndAdministrativeExpenses": 71619000, "otherExpenses": -142054000, "operatingExpenses": -70435000, "costAndExpenses": -70435000, "interestIncome": 241008000, "interestExpense": 78251000, "depreciationAndAmortization": 10323000, "ebitda": 159344000, "ebitdaratio": 0.7260863225, "operatingIncome": 149021000, "operatingIncomeRatio": 0.6790472805, "totalOtherIncomeExpensesNet": -78251000, "incomeBeforeTax": 70770000, "incomeBeforeTaxRatio": 0.3224792213, "incomeTaxExpense": 22535000, "netIncome": 48235000, "netIncomeRatio": 0.2197934894, "eps": 1.05, "epsdiluted": 1.05, "weightedAverageShsOut": 45880649, "weightedAverageShsOutDil": 46000801, "link": "https://www.sec.gov/Archives/edgar/data/708955/000095015203003472/0000950152-03-003472-index.htm", "finalLink": "https://www.sec.gov/Archives/edgar/data/708955/000095015203003472/l99690ae10vk.htm", "calculatedOtherExpenses": -1184000, "calculatedOperatingExpenses": 70435000, "calculatedNetInterest": 162757000, "calculatedOtherIncome": -241008000, "calculatedIncomeNonControlling": 0, "calculatedEbitda": 159344000}, {"date": "2001-12-31", "symbol": "FFBC", "reportedCurrency": "USD", "cik": "0000708955", "fillingDate": "2002-03-15", "acceptedDate": "2002-03-15 00:00:00", "calendarYear": "2001", "period": "FY", "revenue": 217207000, "costOfRevenue": 0, "grossProfit": 217207000, "grossProfitRatio": 1, "researchAndDevelopmentExpenses": 0, "generalAndAdministrativeExpenses": 65061000, "sellingAndMarketingExpenses": 0, "sellingGeneralAndAdministrativeExpenses": 65061000, "otherExpenses": -90048000, "operatingExpenses": -24987000, "costAndExpenses": -24987000, "interestIncome": 289745000, "interestExpense": 126780000, "depreciationAndAmortization": 8809000, "ebitda": 201029000, "ebitdaratio": 0.9255180542, "operatingIncome": 192220000, "operatingIncomeRatio": 0.884962271, "totalOtherIncomeExpensesNet": -126780000, "incomeBeforeTax": 65440000, "incomeBeforeTaxRatio": 0.3012794247, "incomeTaxExpense": 22131000, "netIncome": 43309000, "netIncomeRatio": 0.1993904432, "eps": 0.91, "epsdiluted": 0.91, "weightedAverageShsOut": 47427921, "weightedAverageShsOutDil": 47479315, "link": "https://www.sec.gov/Archives/edgar/data/708955/000095015202001832/0000950152-02-001832-index.htm", "finalLink": "https://www.sec.gov/Archives/edgar/data/708955/000095015202001832/l93296ae10-k.htm", "calculatedOtherExpenses": -40074000, "calculatedOperatingExpenses": 24987000, "calculatedNetInterest": 162965000, "calculatedOtherIncome": -289745000, "calculatedIncomeNonControlling": 0, "calculatedEbitda": 201029000}, {"date": "2000-12-31", "symbol": "FFBC", "reportedCurrency": "USD", "cik": "0000708955", "fillingDate": "2001-03-20", "acceptedDate": "2001-03-20 00:00:00", "calendarYear": "2000", "period": "FY", "revenue": 215065000, "costOfRevenue": 0, "grossProfit": 215065000, "grossProfitRatio": 1, "researchAndDevelopmentExpenses": 0, "generalAndAdministrativeExpenses": 63606000, "sellingAndMarketingExpenses": 0, "sellingGeneralAndAdministrativeExpenses": 63606000, "otherExpenses": -46285000, "operatingExpenses": 17321000, "costAndExpenses": 17321000, "interestIncome": 315528000, "interestExpense": 145424000, "depreciationAndAmortization": 2175000, "ebitda": 234561000, "ebitdaratio": 1.0906516635, "operatingIncome": 232386000, "operatingIncomeRatio": 1.0805384419, "totalOtherIncomeExpensesNet": -145424000, "incomeBeforeTax": 86962000, "incomeBeforeTaxRatio": 0.4043521726, "incomeTaxExpense": 28740000, "netIncome": 58222000, "netIncomeRatio": 0.270718155, "eps": 1.19, "epsdiluted": 1.19, "weightedAverageShsOut": 48775547, "weightedAverageShsOutDil": 48862287, "link": "https://www.sec.gov/Archives/edgar/data/708955/000095015201500526/0000950152-01-500526-index.htm", "finalLink": "https://www.sec.gov/Archives/edgar/data/708955/000095015201500526/l87181ae10-k.htm", "calculatedOtherExpenses": -80927000, "calculatedOperatingExpenses": -17321000, "calculatedNetInterest": 170104000, "calculatedOtherIncome": -315528000, "calculatedIncomeNonControlling": 0, "calculatedEbitda": 234561000}, {"date": "1999-12-31", "symbol": "FFBC", "reportedCurrency": "USD", "cik": "0000708955", "fillingDate": "2000-03-21", "acceptedDate": "2000-03-21 00:00:00", "calendarYear": "1999", "period": "FY", "revenue": 206500000, "costOfRevenue": 0, "grossProfit": 206500000, "grossProfitRatio": 1, "researchAndDevelopmentExpenses": 0, "generalAndAdministrativeExpenses": 61600000, "sellingAndMarketingExpenses": 0, "sellingGeneralAndAdministrativeExpenses": 61600000, "otherExpenses": -74300000, "operatingExpenses": -12700000, "costAndExpenses": -12700000, "interestIncome": 282400000, "interestExpense": 117200000, "depreciationAndAmortization": 9200000, "ebitda": 203000000, "ebitdaratio": 0.9830508475, "operatingIncome": 193800000, "operatingIncomeRatio": 0.9384987893, "totalOtherIncomeExpensesNet": -117200000, "incomeBeforeTax": 76600000, "incomeBeforeTaxRatio": 0.3709443099, "incomeTaxExpense": 26300000, "netIncome": 50300000, "netIncomeRatio": 0.2435835351, "eps": 1.02, "epsdiluted": 1.02, "weightedAverageShsOut": 49191293, "weightedAverageShsOutDil": 49335071, "link": "https://www.sec.gov/Archives/edgar/data/708955/000095015200001844/0000950152-00-001844-index.html", "finalLink": "https://www.sec.gov/Archives/edgar/data/708955/000095015200001844/", "calculatedOtherExpenses": -48900000, "calculatedOperatingExpenses": 12700000, "calculatedNetInterest": 165200000, "calculatedOtherIncome": -282400000, "calculatedIncomeNonControlling": 0, "calculatedEbitda": 203000000}, {"date": "1998-12-31", "symbol": "FFBC", "reportedCurrency": "USD", "cik": "0000708955", "fillingDate": "1999-03-30", "acceptedDate": "1999-03-30 00:00:00", "calendarYear": "1998", "period": "FY", "revenue": 165400000, "costOfRevenue": 0, "grossProfit": 165400000, "grossProfitRatio": 1, "researchAndDevelopmentExpenses": 0, "generalAndAdministrativeExpenses": 49800000, "sellingAndMarketingExpenses": 0, "sellingGeneralAndAdministrativeExpenses": 49800000, "otherExpenses": -60200000, "operatingExpenses": -10400000, "costAndExpenses": -10400000, "interestIncome": 219500000, "interestExpense": 88400000, "depreciationAndAmortization": 8300000, "ebitda": 163300000, "ebitdaratio": 0.9873035067, "operatingIncome": 155000000, "operatingIncomeRatio": 0.9371221282, "totalOtherIncomeExpensesNet": -88400000, "incomeBeforeTax": 66600000, "incomeBeforeTaxRatio": 0.4026602177, "incomeTaxExpense": 22500000, "netIncome": 44100000, "netIncomeRatio": 0.2666263603, "eps": 1.03, "epsdiluted": 1.03, "weightedAverageShsOut": 49333704, "weightedAverageShsOutDil": 49531044, "link": "https://www.sec.gov/Archives/edgar/data/708955/000095015299002733/0000950152-99-002733-index.html", "finalLink": "https://www.sec.gov/Archives/edgar/data/708955/", "calculatedOtherExpenses": -39400000, "calculatedOperatingExpenses": 10400000, "calculatedNetInterest": 131100000, "calculatedOtherIncome": -219500000, "calculatedIncomeNonControlling": 0, "calculatedEbitda": 163300000}, {"date": "1997-12-31", "symbol": "FFBC", "reportedCurrency": "USD", "cik": "0000708955", "fillingDate": "1998-03-16", "acceptedDate": "1998-03-16 00:00:00", "calendarYear": "1997", "period": "FY", "revenue": 142400000, "costOfRevenue": 0, "grossProfit": 142400000, "grossProfitRatio": 1, "researchAndDevelopmentExpenses": 0, "generalAndAdministrativeExpenses": 42400000, "sellingAndMarketingExpenses": 0, "sellingGeneralAndAdministrativeExpenses": 42400000, "otherExpenses": -48100000, "operatingExpenses": -5700000, "costAndExpenses": -5700000, "interestIncome": 192200000, "interestExpense": 76800000, "depreciationAndAmortization": 5600000, "ebitda": 142300000, "ebitdaratio": 0.9992977528, "operatingIncome": 136700000, "operatingIncomeRatio": 0.9599719101, "totalOtherIncomeExpensesNet": -76800000, "incomeBeforeTax": 59900000, "incomeBeforeTaxRatio": 0.4206460674, "incomeTaxExpense": 19600000, "netIncome": 40300000, "netIncomeRatio": 0.283005618, "eps": 0.96, "epsdiluted": 0.95, "weightedAverageShsOut": 42044789, "weightedAverageShsOutDil": 49140000, "link": "https://www.sec.gov/Archives/edgar/data/708955/000095015298002030/0000950152-98-002030-index.html", "finalLink": "https://www.sec.gov/Archives/edgar/data/708955/", "calculatedOtherExpenses": -36700000, "calculatedOperatingExpenses": 5700000, "calculatedNetInterest": 115400000, "calculatedOtherIncome": -192200000, "calculatedIncomeNonControlling": 0, "calculatedEbitda": 142300000}, {"date": "1996-12-31", "symbol": "FFBC", "reportedCurrency": "USD", "cik": "0000708955", "fillingDate": "1997-03-20", "acceptedDate": "1997-03-20 00:00:00", "calendarYear": "1996", "period": "FY", "revenue": 123700000, "costOfRevenue": 0, "grossProfit": 123700000, "grossProfitRatio": 1, "researchAndDevelopmentExpenses": 0, "generalAndAdministrativeExpenses": 37600000, "sellingAndMarketingExpenses": 0, "sellingGeneralAndAdministrativeExpenses": 37600000, "otherExpenses": -42700000, "operatingExpenses": -5100000, "costAndExpenses": -5100000, "interestIncome": 171300000, "interestExpense": 69700000, "depreciationAndAmortization": 4700000, "ebitda": 123300000, "ebitdaratio": 0.9967663703, "operatingIncome": 118600000, "operatingIncomeRatio": 0.9587712207, "totalOtherIncomeExpensesNet": -69700000, "incomeBeforeTax": 48900000, "incomeBeforeTaxRatio": 0.3953112369, "incomeTaxExpense": 15000000, "netIncome": 33900000, "netIncomeRatio": 0.2740501213, "eps": 0.87, "epsdiluted": 0.87, "weightedAverageShsOut": 39131037, "weightedAverageShsOutDil": 39131037, "link": "https://www.sec.gov/Archives/edgar/data/708955/000095015297002017/0000950152-97-002017-index.html", "finalLink": "https://www.sec.gov/Archives/edgar/data/708955/", "calculatedOtherExpenses": -32500000, "calculatedOperatingExpenses": 5100000, "calculatedNetInterest": 101600000, "calculatedOtherIncome": -171300000, "calculatedIncomeNonControlling": 0, "calculatedEbitda": 123300000}, {"date": "1995-12-31", "symbol": "FFBC", "reportedCurrency": "USD", "cik": "0000708955", "fillingDate": "1996-03-22", "acceptedDate": "1996-03-22 00:00:00", "calendarYear": "1995", "period": "FY", "revenue": 110900000, "costOfRevenue": 0, "grossProfit": 110900000, "grossProfitRatio": 1, "researchAndDevelopmentExpenses": 0, "generalAndAdministrativeExpenses": 33300000, "sellingAndMarketingExpenses": 0, "sellingGeneralAndAdministrativeExpenses": 33300000, "otherExpenses": -35100000, "operatingExpenses": -1800000, "costAndExpenses": -1800000, "interestIncome": 153900000, "interestExpense": 63600000, "depreciationAndAmortization": 5100000, "ebitda": 114200000, "ebitdaratio": 1.0297565374, "operatingIncome": 109100000, "operatingIncomeRatio": 0.9837691614, "totalOtherIncomeExpensesNet": -63600000, "incomeBeforeTax": 45500000, "incomeBeforeTaxRatio": 0.4102795311, "incomeTaxExpense": 13700000, "netIncome": 31800000, "netIncomeRatio": 0.2867448151, "eps": 0.83, "epsdiluted": 0.83, "weightedAverageShsOut": 38396246, "weightedAverageShsOutDil": 38396246, "link": "https://www.sec.gov/Archives/edgar/data/708955/000095015296001114/0000950152-96-001114-index.html", "finalLink": "https://www.sec.gov/Archives/edgar/data/708955/", "calculatedOtherExpenses": -31500000, "calculatedOperatingExpenses": 1800000, "calculatedNetInterest": 90300000, "calculatedOtherIncome": -153900000, "calculatedIncomeNonControlling": 0, "calculatedEbitda": 114200000}, {"date": "1994-12-31", "symbol": "FFBC", "reportedCurrency": "USD", "cik": "0000708955", "fillingDate": "1994-12-31", "acceptedDate": "1994-12-30 19:00:00", "calendarYear": "1994", "period": "FY", "revenue": 101400000, "costOfRevenue": 0, "grossProfit": 101400000, "grossProfitRatio": 1, "researchAndDevelopmentExpenses": 0, "generalAndAdministrativeExpenses": 31300000, "sellingAndMarketingExpenses": 0, "sellingGeneralAndAdministrativeExpenses": 31300000, "otherExpenses": -45100000, "operatingExpenses": -13800000, "costAndExpenses": -13800000, "interestIncome": 133500000, "interestExpense": 49600000, "depreciationAndAmortization": 5700000, "ebitda": 93300000, "ebitdaratio": 0.9201183432, "operatingIncome": 87600000, "operatingIncomeRatio": 0.8639053254, "totalOtherIncomeExpensesNet": -49600000, "incomeBeforeTax": 38000000, "incomeBeforeTaxRatio": 0.3747534517, "incomeTaxExpense": 9800000, "netIncome": 28200000, "netIncomeRatio": 0.2781065089, "eps": 0.79, "epsdiluted": 0.78, "weightedAverageShsOut": 35688974, "weightedAverageShsOutDil": 36124206, "link": "", "finalLink": "", "calculatedOtherExpenses": -17500000, "calculatedOperatingExpenses": 13800000, "calculatedNetInterest": 83900000, "calculatedOtherIncome": -133500000, "calculatedIncomeNonControlling": 0, "calculatedEbitda": 93300000}, {"date": "1993-12-31", "symbol": "FFBC", "reportedCurrency": "USD", "cik": "0000708955", "fillingDate": "1993-12-31", "acceptedDate": "1993-12-30 19:00:00", "calendarYear": "1993", "period": "FY", "revenue": 93500000, "costOfRevenue": 0, "grossProfit": 93500000, "grossProfitRatio": 1, "researchAndDevelopmentExpenses": 0, "generalAndAdministrativeExpenses": 28400000, "sellingAndMarketingExpenses": 0, "sellingGeneralAndAdministrativeExpenses": 28400000, "otherExpenses": -43000000, "operatingExpenses": -14600000, "costAndExpenses": -14600000, "interestIncome": 123300000, "interestExpense": 47600000, "depreciationAndAmortization": 5900000, "ebitda": 84800000, "ebitdaratio": 0.9069518717, "operatingIncome": 78900000, "operatingIncomeRatio": 0.8438502674, "totalOtherIncomeExpensesNet": -47600000, "incomeBeforeTax": 31300000, "incomeBeforeTaxRatio": 0.3347593583, "incomeTaxExpense": 7000000, "netIncome": 24300000, "netIncomeRatio": 0.2598930481, "eps": 0.7, "epsdiluted": 0.69, "weightedAverageShsOut": 34493527, "weightedAverageShsOutDil": 34966041, "link": "", "finalLink": "", "calculatedOtherExpenses": -13800000, "calculatedOperatingExpenses": 14600000, "calculatedNetInterest": 75700000, "calculatedOtherIncome": -123300000, "calculatedIncomeNonControlling": 0, "calculatedEbitda": 84800000}, {"date": "1992-12-31", "symbol": "FFBC", "reportedCurrency": "USD", "cik": "0000708955", "fillingDate": "1992-12-31", "acceptedDate": "1992-12-30 19:00:00", "calendarYear": "1992", "period": "FY", "revenue": 87500000, "costOfRevenue": 0, "grossProfit": 87500000, "grossProfitRatio": 1, "researchAndDevelopmentExpenses": 0, "generalAndAdministrativeExpenses": 26100000, "sellingAndMarketingExpenses": 0, "sellingGeneralAndAdministrativeExpenses": 26100000, "otherExpenses": -27000000, "operatingExpenses": -900000, "costAndExpenses": -900000, "interestIncome": 128400000, "interestExpense": 59000000, "depreciationAndAmortization": 3600000, "ebitda": 90200000, "ebitdaratio": 1.0308571429, "operatingIncome": 86600000, "operatingIncomeRatio": 0.9897142857, "totalOtherIncomeExpensesNet": -60900000, "incomeBeforeTax": 25700000, "incomeBeforeTaxRatio": 0.2937142857, "incomeTaxExpense": 6200000, "netIncome": 21400000, "netIncomeRatio": 0.2445714286, "eps": 0.65, "epsdiluted": 0.65, "weightedAverageShsOut": 33057341, "weightedAverageShsOutDil": 33057341, "link": "", "finalLink": "", "calculatedOtherExpenses": -25200000, "calculatedOperatingExpenses": 900000, "calculatedNetInterest": 69400000, "calculatedOtherIncome": -130300000, "calculatedIncomeNonControlling": -1900000, "calculatedEbitda": 90200000}, {"date": "1991-12-31", "symbol": "FFBC", "reportedCurrency": "USD", "cik": "0000708955", "fillingDate": "1991-12-31", "acceptedDate": "1991-12-30 19:00:00", "calendarYear": "1991", "period": "FY", "revenue": 76100000, "costOfRevenue": 0, "grossProfit": 76100000, "grossProfitRatio": 1, "researchAndDevelopmentExpenses": 0, "generalAndAdministrativeExpenses": 24000000, "sellingAndMarketingExpenses": 0, "sellingGeneralAndAdministrativeExpenses": 24000000, "otherExpenses": -4500000, "operatingExpenses": 19500000, "costAndExpenses": 19500000, "interestIncome": 136300000, "interestExpense": 74900000, "depreciationAndAmortization": 3300000, "ebitda": 98900000, "ebitdaratio": 1.2996057819, "operatingIncome": 95600000, "operatingIncomeRatio": 1.2562417871, "totalOtherIncomeExpensesNet": -74900000, "incomeBeforeTax": 20700000, "incomeBeforeTaxRatio": 0.2720105125, "incomeTaxExpense": 4100000, "netIncome": 16600000, "netIncomeRatio": 0.2181340342, "eps": 0.53, "epsdiluted": 0.53, "weightedAverageShsOut": 31320755, "weightedAverageShsOutDil": 31320755, "link": "", "finalLink": "", "calculatedOtherExpenses": -43500000, "calculatedOperatingExpenses": -19500000, "calculatedNetInterest": 61400000, "calculatedOtherIncome": -136300000, "calculatedIncomeNonControlling": 0, "calculatedEbitda": 98900000}, {"date": "1990-12-31", "symbol": "FFBC", "reportedCurrency": "USD", "cik": "0000708955", "fillingDate": "1990-12-31", "acceptedDate": "1990-12-30 19:00:00", "calendarYear": "1990", "period": "FY", "revenue": 0, "costOfRevenue": 0, "grossProfit": 0, "grossProfitRatio": 0, "researchAndDevelopmentExpenses": 0, "generalAndAdministrativeExpenses": 0, "sellingAndMarketingExpenses": 0, "sellingGeneralAndAdministrativeExpenses": 0, "otherExpenses": 12100000, "operatingExpenses": 12100000, "costAndExpenses": 12100000, "interestIncome": 0, "interestExpense": 0, "depreciationAndAmortization": 0, "ebitda": 12100000, "ebitdaratio": 0, "operatingIncome": 12100000, "operatingIncomeRatio": 0, "totalOtherIncomeExpensesNet": 0, "incomeBeforeTax": 0, "incomeBeforeTaxRatio": 0, "incomeTaxExpense": -12100000, "netIncome": 12100000, "netIncomeRatio": 0, "eps": 0.41, "epsdiluted": 0.41, "weightedAverageShsOut": 29512195, "weightedAverageShsOutDil": 29512195, "link": "", "finalLink": "", "calculatedOtherExpenses": -12100000, "calculatedOperatingExpenses": -12100000, "calculatedNetInterest": 0, "calculatedOtherIncome": -12100000, "calculatedIncomeNonControlling": 0, "calculatedEbitda": 12100000}, {"date": "1989-12-31", "symbol": "FFBC", "reportedCurrency": "USD", "cik": "0000708955", "fillingDate": "1989-12-31", "acceptedDate": "1989-12-30 19:00:00", "calendarYear": "1989", "period": "FY", "revenue": 0, "costOfRevenue": 0, "grossProfit": 0, "grossProfitRatio": 0, "researchAndDevelopmentExpenses": 0, "generalAndAdministrativeExpenses": 0, "sellingAndMarketingExpenses": 0, "sellingGeneralAndAdministrativeExpenses": 0, "otherExpenses": 15200000, "operatingExpenses": 15200000, "costAndExpenses": 15200000, "interestIncome": 0, "interestExpense": 0, "depreciationAndAmortization": 0, "ebitda": 15200000, "ebitdaratio": 0, "operatingIncome": 15200000, "operatingIncomeRatio": 0, "totalOtherIncomeExpensesNet": 0, "incomeBeforeTax": 0, "incomeBeforeTaxRatio": 0, "incomeTaxExpense": -15200000, "netIncome": 15200000, "netIncomeRatio": 0, "eps": 0.53, "epsdiluted": 0.53, "weightedAverageShsOut": 28679245, "weightedAverageShsOutDil": 28679245, "link": "", "finalLink": "", "calculatedOtherExpenses": -15200000, "calculatedOperatingExpenses": -15200000, "calculatedNetInterest": 0, "calculatedOtherIncome": -15200000, "calculatedIncomeNonControlling": 0, "calculatedEbitda": 15200000}, {"date": "1988-12-31", "symbol": "FFBC", "reportedCurrency": "USD", "cik": "0000708955", "fillingDate": "1988-12-31", "acceptedDate": "1988-12-30 19:00:00", "calendarYear": "1988", "period": "FY", "revenue": 0, "costOfRevenue": 0, "grossProfit": 0, "grossProfitRatio": 0, "researchAndDevelopmentExpenses": 0, "generalAndAdministrativeExpenses": 0, "sellingAndMarketingExpenses": 0, "sellingGeneralAndAdministrativeExpenses": 0, "otherExpenses": 13100000, "operatingExpenses": 13100000, "costAndExpenses": 13100000, "interestIncome": 0, "interestExpense": 0, "depreciationAndAmortization": 0, "ebitda": 13100000, "ebitdaratio": 0, "operatingIncome": 13100000, "operatingIncomeRatio": 0, "totalOtherIncomeExpensesNet": 0, "incomeBeforeTax": 0, "incomeBeforeTaxRatio": 0, "incomeTaxExpense": -13100000, "netIncome": 13100000, "netIncomeRatio": 0, "eps": 0.55, "epsdiluted": 0.55, "weightedAverageShsOut": 23818182, "weightedAverageShsOutDil": 23818182, "link": "", "finalLink": "", "calculatedOtherExpenses": -13100000, "calculatedOperatingExpenses": -13100000, "calculatedNetInterest": 0, "calculatedOtherIncome": -13100000, "calculatedIncomeNonControlling": 0, "calculatedEbitda": 13100000}, {"date": "1987-12-31", "symbol": "FFBC", "reportedCurrency": "USD", "cik": "0000708955", "fillingDate": "1987-12-31", "acceptedDate": "1987-12-30 19:00:00", "calendarYear": "1987", "period": "FY", "revenue": 0, "costOfRevenue": 0, "grossProfit": 0, "grossProfitRatio": 0, "researchAndDevelopmentExpenses": 0, "generalAndAdministrativeExpenses": 0, "sellingAndMarketingExpenses": 0, "sellingGeneralAndAdministrativeExpenses": 0, "otherExpenses": 11000000, "operatingExpenses": 11000000, "costAndExpenses": 11000000, "interestIncome": 0, "interestExpense": 0, "depreciationAndAmortization": 0, "ebitda": 11000000, "ebitdaratio": 0, "operatingIncome": 11000000, "operatingIncomeRatio": 0, "totalOtherIncomeExpensesNet": 0, "incomeBeforeTax": 0, "incomeBeforeTaxRatio": 0, "incomeTaxExpense": -11000000, "netIncome": 11000000, "netIncomeRatio": 0, "eps": 0.51, "epsdiluted": 0.51, "weightedAverageShsOut": 21568627, "weightedAverageShsOutDil": 21568627, "link": "", "finalLink": "", "calculatedOtherExpenses": -11000000, "calculatedOperatingExpenses": -11000000, "calculatedNetInterest": 0, "calculatedOtherIncome": -11000000, "calculatedIncomeNonControlling": 0, "calculatedEbitda": 11000000}, {"date": "1986-12-31", "symbol": "FFBC", "reportedCurrency": "USD", "cik": "0000708955", "fillingDate": "1986-12-31", "acceptedDate": "1986-12-30 19:00:00", "calendarYear": "1986", "period": "FY", "revenue": 0, "costOfRevenue": 0, "grossProfit": 0, "grossProfitRatio": 0, "researchAndDevelopmentExpenses": 0, "generalAndAdministrativeExpenses": 0, "sellingAndMarketingExpenses": 0, "sellingGeneralAndAdministrativeExpenses": 0, "otherExpenses": 9200000, "operatingExpenses": 9200000, "costAndExpenses": 9200000, "interestIncome": 0, "interestExpense": 0, "depreciationAndAmortization": 0, "ebitda": 9200000, "ebitdaratio": 0, "operatingIncome": 9200000, "operatingIncomeRatio": 0, "totalOtherIncomeExpensesNet": 0, "incomeBeforeTax": 0, "incomeBeforeTaxRatio": 0, "incomeTaxExpense": -9200000, "netIncome": 9200000, "netIncomeRatio": 0, "eps": 0.43, "epsdiluted": 0.43, "weightedAverageShsOut": 21395349, "weightedAverageShsOutDil": 21395349, "link": "", "finalLink": "", "calculatedOtherExpenses": -9200000, "calculatedOperatingExpenses": -9200000, "calculatedNetInterest": 0, "calculatedOtherIncome": -9200000, "calculatedIncomeNonControlling": 0, "calculatedEbitda": 9200000}, {"date": "1985-12-31", "symbol": "FFBC", "reportedCurrency": "USD", "cik": "0000708955", "fillingDate": "1985-12-31", "acceptedDate": "1985-12-30 19:00:00", "calendarYear": "1985", "period": "FY", "revenue": 0, "costOfRevenue": 0, "grossProfit": 0, "grossProfitRatio": 0, "researchAndDevelopmentExpenses": 0, "generalAndAdministrativeExpenses": 0, "sellingAndMarketingExpenses": 0, "sellingGeneralAndAdministrativeExpenses": 0, "otherExpenses": 8400000, "operatingExpenses": 8400000, "costAndExpenses": 8400000, "interestIncome": 0, "interestExpense": 0, "depreciationAndAmortization": 0, "ebitda": 8400000, "ebitdaratio": 0, "operatingIncome": 8400000, "operatingIncomeRatio": 0, "totalOtherIncomeExpensesNet": 0, "incomeBeforeTax": 0, "incomeBeforeTaxRatio": 0, "incomeTaxExpense": -8400000, "netIncome": 8400000, "netIncomeRatio": 0, "eps": 0.4, "epsdiluted": 0.4, "weightedAverageShsOut": 21000000, "weightedAverageShsOutDil": 21000000, "link": "", "finalLink": "", "calculatedOtherExpenses": -8400000, "calculatedOperatingExpenses": -8400000, "calculatedNetInterest": 0, "calculatedOtherIncome": -8400000, "calculatedIncomeNonControlling": 0, "calculatedEbitda": 8400000}]}