{"originalCurrency": "USD", "convertedCurrency": "USD", "report": [{"date": "2023-12-31", "symbol": "FFIN", "reportedCurrency": "USD", "cik": "0000036029", "fillingDate": "2024-02-26", "acceptedDate": "2024-02-23 18:14:59", "calendarYear": "2023", "period": "FY", "revenue": 634548000, "costOfRevenue": 0, "grossProfit": 634548000, "grossProfitRatio": 1, "researchAndDevelopmentExpenses": 0, "generalAndAdministrativeExpenses": 142210000, "sellingAndMarketingExpenses": 2779000, "sellingGeneralAndAdministrativeExpenses": 144989000, "otherExpenses": 243299000, "operatingExpenses": 243299000, "costAndExpenses": 243299000, "interestIncome": 528070000, "interestExpense": 144261000, "depreciationAndAmortization": 912000, "ebitda": 243299000, "ebitdaratio": 0.3834209548, "operatingIncome": 243299000, "operatingIncomeRatio": 0.3834209548, "totalOtherIncomeExpensesNet": 243299000, "incomeBeforeTax": 243299000, "incomeBeforeTaxRatio": 0.3834209548, "incomeTaxExpense": 44322000, "netIncome": 198977000, "netIncomeRatio": 0.3135728109, "eps": 1.39, "epsdiluted": 1.39, "weightedAverageShsOut": 142688585, "weightedAverageShsOutDil": 142938977, "link": "https://www.sec.gov/Archives/edgar/data/36029/000095017024019528/0000950170-24-019528-index.htm", "finalLink": "https://www.sec.gov/Archives/edgar/data/36029/000095017024019528/ffin-20231231.htm", "calculatedOtherExpenses": 246260000, "calculatedOperatingExpenses": 391249000, "calculatedNetInterest": 383809000, "calculatedOtherIncome": -383809000, "calculatedIncomeNonControlling": 0, "calculatedEbitda": 244211000}, {"date": "2022-12-31", "symbol": "FFIN", "reportedCurrency": "USD", "cik": "0000036029", "fillingDate": "2023-02-23", "acceptedDate": "2023-02-22 19:34:27", "calendarYear": "2022", "period": "FY", "revenue": 520847000, "costOfRevenue": 0, "grossProfit": 520847000, "grossProfitRatio": 1, "researchAndDevelopmentExpenses": 0, "generalAndAdministrativeExpenses": 137844000, "sellingAndMarketingExpenses": 6385000, "sellingGeneralAndAdministrativeExpenses": 144229000, "otherExpenses": -351208000, "operatingExpenses": -206979000, "costAndExpenses": -206979000, "interestIncome": 435694000, "interestExpense": 31441000, "depreciationAndAmortization": 11208000, "ebitda": 325076000, "ebitdaratio": 0.6241295428, "operatingIncome": 313868000, "operatingIncomeRatio": 0.6026107475, "totalOtherIncomeExpensesNet": -32994000, "incomeBeforeTax": 280874000, "incomeBeforeTaxRatio": 0.5392639297, "incomeTaxExpense": 46399000, "netIncome": 234475000, "netIncomeRatio": 0.4501801873, "eps": 1.64, "epsdiluted": 1.64, "weightedAverageShsOut": 142596252, "weightedAverageShsOutDil": 143207899, "link": "https://www.sec.gov/Archives/edgar/data/36029/000095017023003864/0000950170-23-003864-index.htm", "finalLink": "https://www.sec.gov/Archives/edgar/data/36029/000095017023003864/ffin-20221231.htm", "calculatedOtherExpenses": 62750000, "calculatedOperatingExpenses": 206979000, "calculatedNetInterest": 404253000, "calculatedOtherIncome": -437247000, "calculatedIncomeNonControlling": 0, "calculatedEbitda": 325076000}, {"date": "2021-12-31", "symbol": "FFIN", "reportedCurrency": "USD", "cik": "0000036029", "fillingDate": "2022-02-22", "acceptedDate": "2022-02-22 13:17:18", "calendarYear": "2021", "period": "FY", "revenue": 500566000, "costOfRevenue": 0, "grossProfit": 500566000, "grossProfitRatio": 1, "researchAndDevelopmentExpenses": 0, "generalAndAdministrativeExpenses": 147082000, "sellingAndMarketingExpenses": 6368000, "sellingGeneralAndAdministrativeExpenses": 153450000, "otherExpenses": -382046000, "operatingExpenses": -228596000, "costAndExpenses": -228596000, "interestIncome": 380444000, "interestExpense": 6042000, "depreciationAndAmortization": 12733000, "ebitda": 284703000, "ebitdaratio": 0.5687621612, "operatingIncome": 271970000, "operatingIncomeRatio": 0.5433249561, "totalOtherIncomeExpensesNet": 271970000, "incomeBeforeTax": 271970000, "incomeBeforeTaxRatio": 0.5433249561, "incomeTaxExpense": 44408000, "netIncome": 227562000, "netIncomeRatio": 0.4546093822, "eps": 1.6, "epsdiluted": 1.59, "weightedAverageShsOut": 142291939, "weightedAverageShsOutDil": 143134220, "link": "https://www.sec.gov/Archives/edgar/data/36029/000095017022001583/0000950170-22-001583-index.htm", "finalLink": "https://www.sec.gov/Archives/edgar/data/36029/000095017022001583/ffin-20211231.htm", "calculatedOtherExpenses": 75146000, "calculatedOperatingExpenses": 228596000, "calculatedNetInterest": 374402000, "calculatedOtherIncome": -374402000, "calculatedIncomeNonControlling": 0, "calculatedEbitda": 284703000}, {"date": "2020-12-31", "symbol": "FFIN", "reportedCurrency": "USD", "cik": "0000036029", "fillingDate": "2021-02-22", "acceptedDate": "2021-02-22 17:18:48", "calendarYear": "2020", "period": "FY", "revenue": 478585000, "costOfRevenue": 0, "grossProfit": 478585000, "grossProfitRatio": 1, "researchAndDevelopmentExpenses": 0, "generalAndAdministrativeExpenses": 136881000, "sellingAndMarketingExpenses": 4603000, "sellingGeneralAndAdministrativeExpenses": 141484000, "otherExpenses": -377704000, "operatingExpenses": -236220000, "costAndExpenses": -236220000, "interestIncome": 364984000, "interestExpense": 14243000, "depreciationAndAmortization": 10852000, "ebitda": 253217000, "ebitdaratio": 0.5290951451, "operatingIncome": 242365000, "operatingIncomeRatio": 0.5064199672, "totalOtherIncomeExpensesNet": 242365000, "incomeBeforeTax": 242365000, "incomeBeforeTaxRatio": 0.5064199672, "incomeTaxExpense": 40331000, "netIncome": 202034000, "netIncomeRatio": 0.4221486256, "eps": 1.42, "epsdiluted": 1.42, "weightedAverageShsOut": 142032420, "weightedAverageShsOutDil": 142544991, "link": "https://www.sec.gov/Archives/edgar/data/36029/000119312521050937/0001193125-21-050937-index.htm", "finalLink": "https://www.sec.gov/Archives/edgar/data/36029/000119312521050937/d72728d10k.htm", "calculatedOtherExpenses": 94736000, "calculatedOperatingExpenses": 236220000, "calculatedNetInterest": 350741000, "calculatedOtherIncome": -350741000, "calculatedIncomeNonControlling": 0, "calculatedEbitda": 253217000}, {"date": "2019-12-31", "symbol": "FFIN", "reportedCurrency": "USD", "cik": "0000036029", "fillingDate": "2020-02-14", "acceptedDate": "2020-02-14 14:22:44", "calendarYear": "2019", "period": "FY", "revenue": 387662000, "costOfRevenue": 0, "grossProfit": 387662000, "grossProfitRatio": 1, "researchAndDevelopmentExpenses": 0, "generalAndAdministrativeExpenses": 116100000, "sellingAndMarketingExpenses": 6813000, "sellingGeneralAndAdministrativeExpenses": 122913000, "otherExpenses": -312543000, "operatingExpenses": -189630000, "costAndExpenses": -189630000, "interestIncome": 321284000, "interestExpense": 30102000, "depreciationAndAmortization": 8321000, "ebitda": 206353000, "ebitdaratio": 0.5323013347, "operatingIncome": 198032000, "operatingIncomeRatio": 0.5108367599, "totalOtherIncomeExpensesNet": 198032000, "incomeBeforeTax": 198032000, "incomeBeforeTaxRatio": 0.5108367599, "incomeTaxExpense": 33220000, "netIncome": 164812000, "netIncomeRatio": 0.4251435529, "eps": 1.22, "epsdiluted": 1.21, "weightedAverageShsOut": 135647354, "weightedAverageShsOutDil": 136346019, "link": "https://www.sec.gov/Archives/edgar/data/36029/000119312520037760/0001193125-20-037760-index.htm", "finalLink": "https://www.sec.gov/Archives/edgar/data/36029/000119312520037760/d876138d10k.htm", "calculatedOtherExpenses": 66717000, "calculatedOperatingExpenses": 189630000, "calculatedNetInterest": 291182000, "calculatedOtherIncome": -291182000, "calculatedIncomeNonControlling": 0, "calculatedEbitda": 206353000}, {"date": "2018-12-31", "symbol": "FFIN", "reportedCurrency": "USD", "cik": "0000036029", "fillingDate": "2019-02-19", "acceptedDate": "2019-02-19 08:23:32", "calendarYear": "2018", "period": "FY", "revenue": 365242000, "costOfRevenue": 0, "grossProfit": 365242000, "grossProfitRatio": 1, "researchAndDevelopmentExpenses": 0, "generalAndAdministrativeExpenses": 109068000, "sellingAndMarketingExpenses": 6664000, "sellingGeneralAndAdministrativeExpenses": 115732000, "otherExpenses": -274889000, "operatingExpenses": -159157000, "costAndExpenses": -159157000, "interestIncome": 292628000, "interestExpense": 18930000, "depreciationAndAmortization": 3569000, "ebitda": 209654000, "ebitdaratio": 0.5740139414, "operatingIncome": 206085000, "operatingIncomeRatio": 0.564242338, "totalOtherIncomeExpensesNet": -27910000, "incomeBeforeTax": 178175000, "incomeBeforeTaxRatio": 0.4878272488, "incomeTaxExpense": 27537000, "netIncome": 150638000, "netIncomeRatio": 0.4124334003, "eps": 1.11, "epsdiluted": 1.11, "weightedAverageShsOut": 135218734, "weightedAverageShsOutDil": 135966028, "link": "https://www.sec.gov/Archives/edgar/data/36029/000119312519043555/0001193125-19-043555-index.htm", "finalLink": "https://www.sec.gov/Archives/edgar/data/36029/000119312519043555/d683596d10k.htm", "calculatedOtherExpenses": 43425000, "calculatedOperatingExpenses": 159157000, "calculatedNetInterest": 273698000, "calculatedOtherIncome": -301608000, "calculatedIncomeNonControlling": 0, "calculatedEbitda": 209654000}, {"date": "2017-12-31", "symbol": "FFIN", "reportedCurrency": "USD", "cik": "0000036029", "fillingDate": "2018-02-16", "acceptedDate": "2018-02-16 10:40:59", "calendarYear": "2017", "period": "FY", "revenue": 320252000, "costOfRevenue": 0, "grossProfit": 320252000, "grossProfitRatio": 1, "researchAndDevelopmentExpenses": 0, "generalAndAdministrativeExpenses": 97504000, "sellingAndMarketingExpenses": 6334000, "sellingGeneralAndAdministrativeExpenses": 103838000, "otherExpenses": -258606000, "operatingExpenses": -154768000, "costAndExpenses": -154768000, "interestIncome": 247103000, "interestExpense": 9288000, "depreciationAndAmortization": 3908000, "ebitda": 169392000, "ebitdaratio": 0.5289334649, "operatingIncome": 165484000, "operatingIncomeRatio": 0.5167305747, "totalOtherIncomeExpensesNet": -18296000, "incomeBeforeTax": 147188000, "incomeBeforeTaxRatio": 0.4596005646, "incomeTaxExpense": 34467000, "netIncome": 120371000, "netIncomeRatio": 0.3758633826, "eps": 0.91, "epsdiluted": 0.91, "weightedAverageShsOut": 132253726, "weightedAverageShsOutDil": 132648660, "link": "https://www.sec.gov/Archives/edgar/data/36029/000119312518048057/0001193125-18-048057-index.htm", "finalLink": "https://www.sec.gov/Archives/edgar/data/36029/000119312518048057/d494308d10k.htm", "calculatedOtherExpenses": 50930000, "calculatedOperatingExpenses": 154768000, "calculatedNetInterest": 237815000, "calculatedOtherIncome": -256111000, "calculatedIncomeNonControlling": -7650000, "calculatedEbitda": 169392000}, {"date": "2016-12-31", "symbol": "FFIN", "reportedCurrency": "USD", "cik": "0000036029", "fillingDate": "2017-02-17", "acceptedDate": "2017-02-17 09:11:21", "calendarYear": "2016", "period": "FY", "revenue": 303774000, "costOfRevenue": 0, "grossProfit": 303774000, "grossProfitRatio": 1, "researchAndDevelopmentExpenses": 0, "generalAndAdministrativeExpenses": 93686000, "sellingAndMarketingExpenses": 6284000, "sellingGeneralAndAdministrativeExpenses": 99970000, "otherExpenses": -251531000, "operatingExpenses": -151561000, "costAndExpenses": -151561000, "interestIncome": 234400000, "interestExpense": 5451000, "depreciationAndAmortization": 738000, "ebitda": 152951000, "ebitdaratio": 0.5035026039, "operatingIncome": 152213000, "operatingIncomeRatio": 0.5010731662, "totalOtherIncomeExpensesNet": -16286000, "incomeBeforeTax": 135927000, "incomeBeforeTaxRatio": 0.4474609414, "incomeTaxExpense": 31153000, "netIncome": 104774000, "netIncomeRatio": 0.3449077275, "eps": 0.8, "epsdiluted": 0.8, "weightedAverageShsOut": 132026008, "weightedAverageShsOutDil": 132205772, "link": "https://www.sec.gov/Archives/edgar/data/36029/000119312517047421/0001193125-17-047421-index.htm", "finalLink": "https://www.sec.gov/Archives/edgar/data/36029/000119312517047421/d292013d10k.htm", "calculatedOtherExpenses": 51591000, "calculatedOperatingExpenses": 151561000, "calculatedNetInterest": 228949000, "calculatedOtherIncome": -245235000, "calculatedIncomeNonControlling": 0, "calculatedEbitda": 152951000}, {"date": "2015-12-31", "symbol": "FFIN", "reportedCurrency": "USD", "cik": "0000036029", "fillingDate": "2016-02-19", "acceptedDate": "2016-02-19 11:35:03", "calendarYear": "2015", "period": "FY", "revenue": 283658000, "costOfRevenue": 0, "grossProfit": 283658000, "grossProfitRatio": 1, "researchAndDevelopmentExpenses": 0, "generalAndAdministrativeExpenses": 84152000, "sellingAndMarketingExpenses": 5883000, "sellingGeneralAndAdministrativeExpenses": 90035000, "otherExpenses": -227203000, "operatingExpenses": -137168000, "costAndExpenses": -137168000, "interestIncome": 221623000, "interestExpense": 4088000, "depreciationAndAmortization": 561000, "ebitda": 147051000, "ebitdaratio": 0.5184094931, "operatingIncome": 146490000, "operatingIncomeRatio": 0.5164317594, "totalOtherIncomeExpensesNet": -14672000, "incomeBeforeTax": 131818000, "incomeBeforeTaxRatio": 0.4647074999, "incomeTaxExpense": 31437000, "netIncome": 100381000, "netIncomeRatio": 0.3538803771, "eps": 0.78, "epsdiluted": 0.77, "weightedAverageShsOut": 129785868, "weightedAverageShsOutDil": 130136060, "link": "https://www.sec.gov/Archives/edgar/data/36029/000119312516469386/0001193125-16-469386-index.htm", "finalLink": "https://www.sec.gov/Archives/edgar/data/36029/000119312516469386/d24601d10k.htm", "calculatedOtherExpenses": 47133000, "calculatedOperatingExpenses": 137168000, "calculatedNetInterest": 217535000, "calculatedOtherIncome": -232207000, "calculatedIncomeNonControlling": 0, "calculatedEbitda": 147051000}, {"date": "2014-12-31", "symbol": "FFIN", "reportedCurrency": "USD", "cik": "0000036029", "fillingDate": "2015-02-20", "acceptedDate": "2015-02-20 10:06:12", "calendarYear": "2014", "period": "FY", "revenue": 253225000, "costOfRevenue": 0, "grossProfit": 253225000, "grossProfitRatio": 1, "researchAndDevelopmentExpenses": 0, "generalAndAdministrativeExpenses": 76090000, "sellingAndMarketingExpenses": 5946000, "sellingGeneralAndAdministrativeExpenses": 82036000, "otherExpenses": -203501000, "operatingExpenses": -121465000, "costAndExpenses": -121465000, "interestIncome": 198539000, "interestExpense": 4181000, "depreciationAndAmortization": 275000, "ebitda": 132035000, "ebitdaratio": 0.5214137625, "operatingIncome": 131760000, "operatingIncomeRatio": 0.5203277717, "totalOtherIncomeExpensesNet": -13168000, "incomeBeforeTax": 118592000, "incomeBeforeTaxRatio": 0.468326587, "incomeTaxExpense": 29033000, "netIncome": 89559000, "netIncomeRatio": 0.3536736104, "eps": 0.7, "epsdiluted": 0.7, "weightedAverageShsOut": 128095606, "weightedAverageShsOutDil": 128617070, "link": "https://www.sec.gov/Archives/edgar/data/36029/000119312515055256/0001193125-15-055256-index.htm", "finalLink": "https://www.sec.gov/Archives/edgar/data/36029/000119312515055256/d857917d10k.htm", "calculatedOtherExpenses": 39429000, "calculatedOperatingExpenses": 121465000, "calculatedNetInterest": 194358000, "calculatedOtherIncome": -207526000, "calculatedIncomeNonControlling": 0, "calculatedEbitda": 132035000}, {"date": "2013-12-31", "symbol": "FFIN", "reportedCurrency": "USD", "cik": "0000036029", "fillingDate": "2014-02-21", "acceptedDate": "2014-02-21 11:10:09", "calendarYear": "2013", "period": "FY", "revenue": 227758000, "costOfRevenue": 0, "grossProfit": 227758000, "grossProfitRatio": 1, "researchAndDevelopmentExpenses": 0, "generalAndAdministrativeExpenses": 69814000, "sellingAndMarketingExpenses": 2774000, "sellingGeneralAndAdministrativeExpenses": 72588000, "otherExpenses": -191690000, "operatingExpenses": -119102000, "costAndExpenses": -119102000, "interestIncome": 176837000, "interestExpense": 4088000, "depreciationAndAmortization": 8638000, "ebitda": 117294000, "ebitdaratio": 0.5149939848, "operatingIncome": 108656000, "operatingIncomeRatio": 0.4770677649, "totalOtherIncomeExpensesNet": -4088000, "incomeBeforeTax": 104568000, "incomeBeforeTaxRatio": 0.4591188893, "incomeTaxExpense": 25700000, "netIncome": 78868000, "netIncomeRatio": 0.3462798233, "eps": 0.62, "epsdiluted": 0.62, "weightedAverageShsOut": 127151896, "weightedAverageShsOutDil": 127713528, "link": "https://www.sec.gov/Archives/edgar/data/36029/000119312514062163/0001193125-14-062163-index.htm", "finalLink": "https://www.sec.gov/Archives/edgar/data/36029/000119312514062163/d638795d10k.htm", "calculatedOtherExpenses": 46514000, "calculatedOperatingExpenses": 119102000, "calculatedNetInterest": 172749000, "calculatedOtherIncome": -176837000, "calculatedIncomeNonControlling": 0, "calculatedEbitda": 117294000}, {"date": "2012-12-31", "symbol": "FFIN", "reportedCurrency": "USD", "cik": "0000036029", "fillingDate": "2013-02-22", "acceptedDate": "2013-02-22 11:14:37", "calendarYear": "2012", "period": "FY", "revenue": 211893000, "costOfRevenue": 0, "grossProfit": 211893000, "grossProfitRatio": 1, "researchAndDevelopmentExpenses": 0, "generalAndAdministrativeExpenses": 64052000, "sellingAndMarketingExpenses": 3977000, "sellingGeneralAndAdministrativeExpenses": 68029000, "otherExpenses": -167679000, "operatingExpenses": -99650000, "costAndExpenses": -99650000, "interestIncome": 159796000, "interestExpense": 5112000, "depreciationAndAmortization": 149000, "ebitda": 112392000, "ebitdaratio": 0.5304186547, "operatingIncome": 112243000, "operatingIncomeRatio": 0.5297154696, "totalOtherIncomeExpensesNet": -12883000, "incomeBeforeTax": 99360000, "incomeBeforeTaxRatio": 0.4689159151, "incomeTaxExpense": 25135000, "netIncome": 74225000, "netIncomeRatio": 0.3502947242, "eps": 0.59, "epsdiluted": 0.59, "weightedAverageShsOut": 125920620, "weightedAverageShsOutDil": 126005068, "link": "https://www.sec.gov/Archives/edgar/data/36029/000119312513070816/0001193125-13-070816-index.htm", "finalLink": "https://www.sec.gov/Archives/edgar/data/36029/000119312513070816/d446424d10k.htm", "calculatedOtherExpenses": 31621000, "calculatedOperatingExpenses": 99650000, "calculatedNetInterest": 154684000, "calculatedOtherIncome": -167567000, "calculatedIncomeNonControlling": 0, "calculatedEbitda": 112392000}, {"date": "2011-12-31", "symbol": "FFIN", "reportedCurrency": "USD", "cik": "0000036029", "fillingDate": "2012-02-22", "acceptedDate": "2012-02-22 14:28:09", "calendarYear": "2011", "period": "FY", "revenue": 203435000, "costOfRevenue": 0, "grossProfit": 203435000, "grossProfitRatio": 1, "researchAndDevelopmentExpenses": 0, "generalAndAdministrativeExpenses": 60963000, "sellingAndMarketingExpenses": 3817000, "sellingGeneralAndAdministrativeExpenses": 64780000, "otherExpenses": -161056000, "operatingExpenses": -96276000, "costAndExpenses": -96276000, "interestIncome": 160021000, "interestExpense": 8024000, "depreciationAndAmortization": 402000, "ebitda": 107561000, "ebitdaratio": 0.5287241625, "operatingIncome": 107159000, "operatingIncomeRatio": 0.5267481014, "totalOtherIncomeExpensesNet": -14974000, "incomeBeforeTax": 92185000, "incomeBeforeTaxRatio": 0.4531422813, "incomeTaxExpense": 23816000, "netIncome": 68369000, "netIncomeRatio": 0.3360729471, "eps": 0.54, "epsdiluted": 0.54, "weightedAverageShsOut": 125774848, "weightedAverageShsOutDil": 125847856, "link": "https://www.sec.gov/Archives/edgar/data/36029/000119312512072406/0001193125-12-072406-index.htm", "finalLink": "https://www.sec.gov/Archives/edgar/data/36029/000119312512072406/d265409d10k.htm", "calculatedOtherExpenses": 31496000, "calculatedOperatingExpenses": 96276000, "calculatedNetInterest": 151997000, "calculatedOtherIncome": -166971000, "calculatedIncomeNonControlling": 0, "calculatedEbitda": 107561000}, {"date": "2010-12-31", "symbol": "FFIN", "reportedCurrency": "USD", "cik": "0000036029", "fillingDate": "2011-02-24", "acceptedDate": "2011-02-24 11:55:52", "calendarYear": "2010", "period": "FY", "revenue": 185649000, "costOfRevenue": 0, "grossProfit": 185649000, "grossProfitRatio": 1, "researchAndDevelopmentExpenses": 0, "generalAndAdministrativeExpenses": 62489000, "sellingAndMarketingExpenses": 1580000, "sellingGeneralAndAdministrativeExpenses": 62489000, "otherExpenses": -154883000, "operatingExpenses": -92394000, "costAndExpenses": -92394000, "interestIncome": 149699000, "interestExpense": 13528000, "depreciationAndAmortization": 7102000, "ebitda": 100357000, "ebitdaratio": 0.5405738787, "operatingIncome": 93255000, "operatingIncomeRatio": 0.5023188921, "totalOtherIncomeExpensesNet": -14824000, "incomeBeforeTax": 78431000, "incomeBeforeTaxRatio": 0.4224692834, "incomeTaxExpense": 20068000, "netIncome": 59659000, "netIncomeRatio": 0.3213537374, "eps": 0.48, "epsdiluted": 0.48, "weightedAverageShsOut": 125165944, "weightedAverageShsOutDil": 125278252, "link": "https://www.sec.gov/Archives/edgar/data/36029/000095012311017648/0000950123-11-017648-index.htm", "finalLink": "https://www.sec.gov/Archives/edgar/data/36029/000095012311017648/w80902e10vk.htm", "calculatedOtherExpenses": 29905000, "calculatedOperatingExpenses": 92394000, "calculatedNetInterest": 136171000, "calculatedOtherIncome": -150995000, "calculatedIncomeNonControlling": -1296000, "calculatedEbitda": 100357000}, {"date": "2009-12-31", "symbol": "FFIN", "reportedCurrency": "USD", "cik": "0000036029", "fillingDate": "2010-02-19", "acceptedDate": "2010-02-19 15:44:44", "calendarYear": "2009", "period": "FY", "revenue": 177769000, "costOfRevenue": 0, "grossProfit": 177769000, "grossProfitRatio": 1, "researchAndDevelopmentExpenses": 0, "generalAndAdministrativeExpenses": 56006000, "sellingAndMarketingExpenses": 2566000, "sellingGeneralAndAdministrativeExpenses": 58572000, "otherExpenses": -139822000, "operatingExpenses": -81250000, "costAndExpenses": -81250000, "interestIncome": 146445000, "interestExpense": 17274000, "depreciationAndAmortization": 851000, "ebitda": 97370000, "ebitdaratio": 0.5477332943, "operatingIncome": 96519000, "operatingIncomeRatio": 0.542946183, "totalOtherIncomeExpensesNet": -24169000, "incomeBeforeTax": 72350000, "incomeBeforeTaxRatio": 0.4069888451, "incomeTaxExpense": 18553000, "netIncome": 53797000, "netIncomeRatio": 0.302623067, "eps": 0.43, "epsdiluted": 0.43, "weightedAverageShsOut": 124881540, "weightedAverageShsOutDil": 125024742, "link": "https://www.sec.gov/Archives/edgar/data/36029/000095012310014533/0000950123-10-014533-index.htm", "finalLink": "https://www.sec.gov/Archives/edgar/data/36029/000095012310014533/w77414e10vk.htm", "calculatedOtherExpenses": 22678000, "calculatedOperatingExpenses": 81250000, "calculatedNetInterest": 129171000, "calculatedOtherIncome": -153340000, "calculatedIncomeNonControlling": 0, "calculatedEbitda": 97370000}, {"date": "2008-12-31", "symbol": "FFIN", "reportedCurrency": "USD", "cik": "0000036029", "fillingDate": "2009-02-24", "acceptedDate": "2009-02-24 14:01:47", "calendarYear": "2008", "period": "FY", "revenue": 173348000, "costOfRevenue": 0, "grossProfit": 173348000, "grossProfitRatio": 1, "researchAndDevelopmentExpenses": 0, "generalAndAdministrativeExpenses": 52344359, "sellingAndMarketingExpenses": 0, "sellingGeneralAndAdministrativeExpenses": 52344359, "otherExpenses": -116629393, "operatingExpenses": -64285034, "costAndExpenses": -64285034, "interestIncome": 159154000, "interestExpense": 35259000, "depreciationAndAmortization": 8013684, "ebitda": 117076650, "ebitdaratio": 0.6753850636, "operatingIncome": 109062966, "operatingIncomeRatio": 0.6291561829, "totalOtherIncomeExpensesNet": -35258966, "incomeBeforeTax": 73804000, "incomeBeforeTaxRatio": 0.4257562822, "incomeTaxExpense": 20640000, "netIncome": 53164286, "netIncomeRatio": 0.3066910838, "eps": 0.43, "epsdiluted": 0.43, "weightedAverageShsOut": 124723458, "weightedAverageShsOutDil": 125048178, "link": "https://www.sec.gov/Archives/edgar/data/36029/000095013309000429/0000950133-09-000429-index.htm", "finalLink": "https://www.sec.gov/Archives/edgar/data/36029/000095013309000429/w72885e10vk.htm", "calculatedOtherExpenses": 11940675, "calculatedOperatingExpenses": 64285034, "calculatedNetInterest": 123895000, "calculatedOtherIncome": -159153966, "calculatedIncomeNonControlling": -286, "calculatedEbitda": 117076650}, {"date": "2007-12-31", "symbol": "FFIN", "reportedCurrency": "USD", "cik": "0000036029", "fillingDate": "2008-02-22", "acceptedDate": "2008-02-22 11:10:53", "calendarYear": "2007", "period": "FY", "revenue": 159084493, "costOfRevenue": 0, "grossProfit": 159084493, "grossProfitRatio": 1, "researchAndDevelopmentExpenses": 0, "generalAndAdministrativeExpenses": 46943935, "sellingAndMarketingExpenses": 0, "sellingGeneralAndAdministrativeExpenses": 46943935, "otherExpenses": -77544643, "operatingExpenses": -30600708, "costAndExpenses": -30600708, "interestIncome": 169368961, "interestExpense": 58557339, "depreciationAndAmortization": 7181758, "ebitda": 135665543, "ebitdaratio": 0.8527892345, "operatingIncome": 128483785, "operatingIncomeRatio": 0.8076449349, "totalOtherIncomeExpensesNet": -58557339, "incomeBeforeTax": 69926446, "incomeBeforeTaxRatio": 0.4395553877, "incomeTaxExpense": 20436841, "netIncome": 49489605, "netIncomeRatio": 0.3110900633, "eps": 0.4, "epsdiluted": 0.4, "weightedAverageShsOut": 124763710, "weightedAverageShsOutDil": 124763710, "link": "https://www.sec.gov/Archives/edgar/data/36029/000095013308000723/0000950133-08-000723-index.htm", "finalLink": "https://www.sec.gov/Archives/edgar/data/36029/000095013308000723/w50065e10vk.htm", "calculatedOtherExpenses": -16343227, "calculatedOperatingExpenses": 30600708, "calculatedNetInterest": 110811622, "calculatedOtherIncome": -169368961, "calculatedIncomeNonControlling": 0, "calculatedEbitda": 135665543}, {"date": "2006-12-31", "symbol": "FFIN", "reportedCurrency": "USD", "cik": "0000036029", "fillingDate": "2007-02-26", "acceptedDate": "2007-02-26 17:24:45", "calendarYear": "2006", "period": "FY", "revenue": 150534266, "costOfRevenue": 0, "grossProfit": 150534266, "grossProfitRatio": 1, "researchAndDevelopmentExpenses": 0, "generalAndAdministrativeExpenses": 44179620, "sellingAndMarketingExpenses": 0, "sellingGeneralAndAdministrativeExpenses": 44179620, "otherExpenses": -80749078, "operatingExpenses": -36569458, "costAndExpenses": -36569458, "interestIncome": 154493948, "interestExpense": 48627684, "depreciationAndAmortization": 8170558, "ebitda": 122135366, "ebitdaratio": 0.811345943, "operatingIncome": 113964808, "operatingIncomeRatio": 0.7570688789, "totalOtherIncomeExpensesNet": -48627684, "incomeBeforeTax": 65337124, "incomeBeforeTaxRatio": 0.4340348928, "incomeTaxExpense": 19307908, "netIncome": 46029216, "netIncomeRatio": 0.3057723482, "eps": 0.37, "epsdiluted": 0.37, "weightedAverageShsOut": 124403286, "weightedAverageShsOutDil": 124966197, "link": "https://www.sec.gov/Archives/edgar/data/36029/000095013307000799/0000950133-07-000799-index.htm", "finalLink": "https://www.sec.gov/Archives/edgar/data/36029/000095013307000799/w30822e10vk.htm", "calculatedOtherExpenses": -7610162, "calculatedOperatingExpenses": 36569458, "calculatedNetInterest": 105866264, "calculatedOtherIncome": -154493948, "calculatedIncomeNonControlling": 0, "calculatedEbitda": 122135366}, {"date": "2005-12-31", "symbol": "FFIN", "reportedCurrency": "USD", "cik": "0000036029", "fillingDate": "2006-02-28", "acceptedDate": "2006-02-28 16:19:14", "calendarYear": "2005", "period": "FY", "revenue": 139366909, "costOfRevenue": 0, "grossProfit": 139366909, "grossProfitRatio": 1, "researchAndDevelopmentExpenses": 0, "generalAndAdministrativeExpenses": 40317256, "sellingAndMarketingExpenses": 0, "sellingGeneralAndAdministrativeExpenses": 40317256, "otherExpenses": -88528627, "operatingExpenses": -48211371, "costAndExpenses": -48211371, "interestIncome": 123944050, "interestExpense": 28757166, "depreciationAndAmortization": 9360785, "ebitda": 100516323, "ebitdaratio": 0.721235218, "operatingIncome": 91155538, "operatingIncomeRatio": 0.6540687359, "totalOtherIncomeExpensesNet": -28757166, "incomeBeforeTax": 62398372, "incomeBeforeTaxRatio": 0.4477273152, "incomeTaxExpense": 18375392, "netIncome": 44022980, "netIncomeRatio": 0.3158782836, "eps": 0.36, "epsdiluted": 0.35, "weightedAverageShsOut": 124008394, "weightedAverageShsOutDil": 124593340, "link": "https://www.sec.gov/Archives/edgar/data/36029/000003602906000026/0000036029-06-000026-index.htm", "finalLink": "https://www.sec.gov/Archives/edgar/data/36029/000003602906000026/ffin10k2005.txt", "calculatedOtherExpenses": 7894115, "calculatedOperatingExpenses": 48211371, "calculatedNetInterest": 95186884, "calculatedOtherIncome": -123944050, "calculatedIncomeNonControlling": 0, "calculatedEbitda": 100516323}, {"date": "2004-12-31", "symbol": "FFIN", "reportedCurrency": "USD", "cik": "0000036029", "fillingDate": "2005-03-04", "acceptedDate": "2005-03-04 15:51:13", "calendarYear": "2004", "period": "FY", "revenue": 122719379, "costOfRevenue": 0, "grossProfit": 122719379, "grossProfitRatio": 1, "researchAndDevelopmentExpenses": 0, "generalAndAdministrativeExpenses": 35528605, "sellingAndMarketingExpenses": 0, "sellingGeneralAndAdministrativeExpenses": 35528605, "otherExpenses": -87212889, "operatingExpenses": -51684284, "costAndExpenses": -51684284, "interestIncome": 99973300, "interestExpense": 16077224, "depreciationAndAmortization": 5021447, "ebitda": 76056542, "ebitdaratio": 0.6197598343, "operatingIncome": 71035095, "operatingIncomeRatio": 0.5788417084, "totalOtherIncomeExpensesNet": -16077224, "incomeBeforeTax": 54957871, "incomeBeforeTaxRatio": 0.4478336791, "incomeTaxExpense": 15786632, "netIncome": 39171239, "netIncomeRatio": 0.3191935888, "eps": 0.32, "epsdiluted": 0.32, "weightedAverageShsOut": 123858529, "weightedAverageShsOutDil": 124350031, "link": "https://www.sec.gov/Archives/edgar/data/36029/000003602905000038/0000036029-05-000038-index.htm", "finalLink": "https://www.sec.gov/Archives/edgar/data/36029/000003602905000038/ffin10k2004.txt", "calculatedOtherExpenses": 16155679, "calculatedOperatingExpenses": 51684284, "calculatedNetInterest": 83896076, "calculatedOtherIncome": -99973300, "calculatedIncomeNonControlling": 0, "calculatedEbitda": 76056542}, {"date": "2003-12-31", "symbol": "FFIN", "reportedCurrency": "USD", "cik": "0000036029", "fillingDate": "2004-03-08", "acceptedDate": "2004-03-08 17:13:49", "calendarYear": "2003", "period": "FY", "revenue": 112262417, "costOfRevenue": 0, "grossProfit": 112262417, "grossProfitRatio": 1, "researchAndDevelopmentExpenses": 0, "generalAndAdministrativeExpenses": 33349068, "sellingAndMarketingExpenses": 0, "sellingGeneralAndAdministrativeExpenses": 33349068, "otherExpenses": -78549765, "operatingExpenses": -45200697, "costAndExpenses": -45200697, "interestIncome": 95284667, "interestExpense": 17130871, "depreciationAndAmortization": 9466507, "ebitda": 76528227, "ebitdaratio": 0.6816905341, "operatingIncome": 67061720, "operatingIncomeRatio": 0.5973657239, "totalOtherIncomeExpensesNet": -17130871, "incomeBeforeTax": 49930849, "incomeBeforeTaxRatio": 0.4447690539, "incomeTaxExpense": 14626049, "netIncome": 35304800, "netIncomeRatio": 0.3144845884, "eps": 0.29, "epsdiluted": 0.28, "weightedAverageShsOut": 123873394, "weightedAverageShsOutDil": 124419092, "link": "https://www.sec.gov/Archives/edgar/data/36029/000003602904000025/0000036029-04-000025-index.htm", "finalLink": "https://www.sec.gov/Archives/edgar/data/36029/000003602904000025/ffin10k2003.txt", "calculatedOtherExpenses": 11851629, "calculatedOperatingExpenses": 45200697, "calculatedNetInterest": 78153796, "calculatedOtherIncome": -95284667, "calculatedIncomeNonControlling": 0, "calculatedEbitda": 76528227}, {"date": "2002-12-31", "symbol": "FFIN", "reportedCurrency": "USD", "cik": "0000036029", "fillingDate": "2003-03-27", "acceptedDate": "2003-03-27 10:12:47", "calendarYear": "2002", "period": "FY", "revenue": 110034687, "costOfRevenue": 0, "grossProfit": 110034687, "grossProfitRatio": 1, "researchAndDevelopmentExpenses": 0, "generalAndAdministrativeExpenses": 31992733, "sellingAndMarketingExpenses": 0, "sellingGeneralAndAdministrativeExpenses": 31992733, "otherExpenses": -69064713, "operatingExpenses": -37071980, "costAndExpenses": -37071980, "interestIncome": 104861915, "interestExpense": 24379704, "depreciationAndAmortization": 6203013, "ebitda": 79165720, "ebitdaratio": 0.7194614913, "operatingIncome": 72962707, "operatingIncomeRatio": 0.6630882405, "totalOtherIncomeExpensesNet": -24379704, "incomeBeforeTax": 48583003, "incomeBeforeTaxRatio": 0.4415244349, "incomeTaxExpense": 14630453, "netIncome": 33952550, "netIncomeRatio": 0.3085622446, "eps": 0.22, "epsdiluted": 0.22, "weightedAverageShsOut": 154325914, "weightedAverageShsOutDil": 155030599, "link": "https://www.sec.gov/Archives/edgar/data/36029/000003602903000005/0000036029-03-000005-index.htm", "finalLink": "https://www.sec.gov/Archives/edgar/data/36029/000003602903000005/ffin10k2002.txt", "calculatedOtherExpenses": 5079247, "calculatedOperatingExpenses": 37071980, "calculatedNetInterest": 80482211, "calculatedOtherIncome": -104861915, "calculatedIncomeNonControlling": 0, "calculatedEbitda": 79165720}, {"date": "2001-12-31", "symbol": "FFIN", "reportedCurrency": "USD", "cik": "0000036029", "fillingDate": "2002-03-20", "acceptedDate": "2002-03-20 00:00:00", "calendarYear": "2001", "period": "FY", "revenue": 99217323, "costOfRevenue": 0, "grossProfit": 99217323, "grossProfitRatio": 1, "researchAndDevelopmentExpenses": 0, "generalAndAdministrativeExpenses": 28685294, "sellingAndMarketingExpenses": 0, "sellingGeneralAndAdministrativeExpenses": 28685294, "otherExpenses": -40887029, "operatingExpenses": -12201735, "costAndExpenses": -12201735, "interestIncome": 116472845, "interestExpense": 44834012, "depreciationAndAmortization": 5679082, "ebitda": 92694670, "ebitdaratio": 0.9342589298, "operatingIncome": 87015588, "operatingIncomeRatio": 0.8770201147, "totalOtherIncomeExpensesNet": -44834012, "incomeBeforeTax": 42181576, "incomeBeforeTaxRatio": 0.4251432585, "incomeTaxExpense": 12827071, "netIncome": 29354505, "netIncomeRatio": 0.2958606835, "eps": 0.19, "epsdiluted": 0.19, "weightedAverageShsOut": 153684666, "weightedAverageShsOutDil": 154493532, "link": "https://www.sec.gov/Archives/edgar/data/36029/000003602902000004/0000036029-02-000004-index.htm", "finalLink": "https://www.sec.gov/Archives/edgar/data/36029/000003602902000004/ffin10k2001.txt", "calculatedOtherExpenses": -16483559, "calculatedOperatingExpenses": 12201735, "calculatedNetInterest": 71638833, "calculatedOtherIncome": -116472845, "calculatedIncomeNonControlling": 0, "calculatedEbitda": 92694670}, {"date": "2000-12-31", "symbol": "FFIN", "reportedCurrency": "USD", "cik": "0000036029", "fillingDate": "2001-03-29", "acceptedDate": "2001-03-29 00:00:00", "calendarYear": "2000", "period": "FY", "revenue": 95068882, "costOfRevenue": 0, "grossProfit": 95068882, "grossProfitRatio": 1, "researchAndDevelopmentExpenses": 0, "generalAndAdministrativeExpenses": 27077436, "sellingAndMarketingExpenses": 0, "sellingGeneralAndAdministrativeExpenses": 27077436, "otherExpenses": -32338632, "operatingExpenses": -5261196, "costAndExpenses": -5261196, "interestIncome": 117950595, "interestExpense": 48829042, "depreciationAndAmortization": 6861348, "ebitda": 96669034, "ebitdaratio": 1.0168315012, "operatingIncome": 89807686, "operatingIncomeRatio": 0.9446591157, "totalOtherIncomeExpensesNet": -48829042, "incomeBeforeTax": 40978644, "incomeBeforeTaxRatio": 0.4310416104, "incomeTaxExpense": 12662597, "netIncome": 28316047, "netIncomeRatio": 0.2978476911, "eps": 0.18, "epsdiluted": 0.18, "weightedAverageShsOut": 124190084, "weightedAverageShsOutDil": 124627373, "link": "https://www.sec.gov/Archives/edgar/data/36029/000003602901500005/0000036029-01-500005-index.htm", "finalLink": "https://www.sec.gov/Archives/edgar/data/36029/000003602901500005/ffin10k2000.txt", "calculatedOtherExpenses": -21816240, "calculatedOperatingExpenses": 5261196, "calculatedNetInterest": 69121553, "calculatedOtherIncome": -117950595, "calculatedIncomeNonControlling": 0, "calculatedEbitda": 96669034}, {"date": "1999-12-31", "symbol": "FFIN", "reportedCurrency": "USD", "cik": "0000036029", "fillingDate": "2000-03-29", "acceptedDate": "2000-03-29 00:00:00", "calendarYear": "1999", "period": "FY", "revenue": 91200000, "costOfRevenue": 0, "grossProfit": 91200000, "grossProfitRatio": 1, "researchAndDevelopmentExpenses": 0, "generalAndAdministrativeExpenses": 26900000, "sellingAndMarketingExpenses": 0, "sellingGeneralAndAdministrativeExpenses": 26900000, "otherExpenses": -37600000, "operatingExpenses": -10700000, "costAndExpenses": -10700000, "interestIncome": 110000000, "interestExpense": 43300000, "depreciationAndAmortization": 8800000, "ebitda": 89300000, "ebitdaratio": 0.9791666667, "operatingIncome": 80500000, "operatingIncomeRatio": 0.8826754386, "totalOtherIncomeExpensesNet": -43300000, "incomeBeforeTax": 37200000, "incomeBeforeTaxRatio": 0.4078947368, "incomeTaxExpense": 11500000, "netIncome": 25700000, "netIncomeRatio": 0.2817982456, "eps": 0.21, "epsdiluted": 0.21, "weightedAverageShsOut": 124512391, "weightedAverageShsOutDil": 124996875, "link": "https://www.sec.gov/Archives/edgar/data/36029/000003602900000003/0000036029-00-000003-index.html", "finalLink": "https://www.sec.gov/Archives/edgar/data/36029/000003602900000003/", "calculatedOtherExpenses": -16200000, "calculatedOperatingExpenses": 10700000, "calculatedNetInterest": 66700000, "calculatedOtherIncome": -110000000, "calculatedIncomeNonControlling": 0, "calculatedEbitda": 89300000}, {"date": "1998-12-31", "symbol": "FFIN", "reportedCurrency": "USD", "cik": "0000036029", "fillingDate": "1999-03-29", "acceptedDate": "1999-03-29 00:00:00", "calendarYear": "1998", "period": "FY", "revenue": 88000000, "costOfRevenue": 0, "grossProfit": 88000000, "grossProfitRatio": 1, "researchAndDevelopmentExpenses": 0, "generalAndAdministrativeExpenses": 26700000, "sellingAndMarketingExpenses": 0, "sellingGeneralAndAdministrativeExpenses": 26700000, "otherExpenses": -34000000, "operatingExpenses": -7300000, "costAndExpenses": -7300000, "interestIncome": 111900000, "interestExpense": 46300000, "depreciationAndAmortization": 8500000, "ebitda": 89200000, "ebitdaratio": 1.0136363636, "operatingIncome": 80700000, "operatingIncomeRatio": 0.9170454545, "totalOtherIncomeExpensesNet": -46300000, "incomeBeforeTax": 34400000, "incomeBeforeTaxRatio": 0.3909090909, "incomeTaxExpense": 11100000, "netIncome": 23300000, "netIncomeRatio": 0.2647727273, "eps": 0.19, "epsdiluted": 0.19, "weightedAverageShsOut": 124462700, "weightedAverageShsOutDil": 124996875, "link": "https://www.sec.gov/Archives/edgar/data/36029/000003602999000003/0000036029-99-000003-index.html", "finalLink": "https://www.sec.gov/Archives/edgar/data/36029/", "calculatedOtherExpenses": -19400000, "calculatedOperatingExpenses": 7300000, "calculatedNetInterest": 65600000, "calculatedOtherIncome": -111900000, "calculatedIncomeNonControlling": 0, "calculatedEbitda": 89200000}, {"date": "1997-12-31", "symbol": "FFIN", "reportedCurrency": "USD", "cik": "0000036029", "fillingDate": "1998-03-27", "acceptedDate": "1998-03-27 00:00:00", "calendarYear": "1997", "period": "FY", "revenue": 75000000, "costOfRevenue": 0, "grossProfit": 75000000, "grossProfitRatio": 1, "researchAndDevelopmentExpenses": 0, "generalAndAdministrativeExpenses": 22400000, "sellingAndMarketingExpenses": 0, "sellingGeneralAndAdministrativeExpenses": 22400000, "otherExpenses": -27700000, "operatingExpenses": -5300000, "costAndExpenses": -5300000, "interestIncome": 95900000, "interestExpense": 39500000, "depreciationAndAmortization": 5600000, "ebitda": 75300000, "ebitdaratio": 1.004, "operatingIncome": 69700000, "operatingIncomeRatio": 0.9293333333, "totalOtherIncomeExpensesNet": -39500000, "incomeBeforeTax": 30200000, "incomeBeforeTaxRatio": 0.4026666667, "incomeTaxExpense": 10100000, "netIncome": 21000000, "netIncomeRatio": 0.28, "eps": 0.074, "epsdiluted": 0.0737, "weightedAverageShsOut": 118960128, "weightedAverageShsOutDil": 118960128, "link": "https://www.sec.gov/Archives/edgar/data/36029/000003602998000005/0000036029-98-000005-index.html", "finalLink": "https://www.sec.gov/Archives/edgar/data/36029/", "calculatedOtherExpenses": -17100000, "calculatedOperatingExpenses": 5300000, "calculatedNetInterest": 56400000, "calculatedOtherIncome": -95900000, "calculatedIncomeNonControlling": -900000, "calculatedEbitda": 75300000}, {"date": "1996-12-31", "symbol": "FFIN", "reportedCurrency": "USD", "cik": "0000036029", "fillingDate": "1997-03-28", "acceptedDate": "1997-03-28 00:00:00", "calendarYear": "1996", "period": "FY", "revenue": 66200000, "costOfRevenue": 0, "grossProfit": 66200000, "grossProfitRatio": 1, "researchAndDevelopmentExpenses": 0, "generalAndAdministrativeExpenses": 19900000, "sellingAndMarketingExpenses": 0, "sellingGeneralAndAdministrativeExpenses": 19900000, "otherExpenses": -24800000, "operatingExpenses": -4900000, "costAndExpenses": -4900000, "interestIncome": 84200000, "interestExpense": 33800000, "depreciationAndAmortization": 6000000, "ebitda": 67300000, "ebitdaratio": 1.0166163142, "operatingIncome": 61300000, "operatingIncomeRatio": 0.9259818731, "totalOtherIncomeExpensesNet": -33800000, "incomeBeforeTax": 27500000, "incomeBeforeTaxRatio": 0.415407855, "incomeTaxExpense": 9400000, "netIncome": 19000000, "netIncomeRatio": 0.2870090634, "eps": 0.0553, "epsdiluted": 0.055, "weightedAverageShsOut": 115485562, "weightedAverageShsOutDil": 115485562, "link": "https://www.sec.gov/Archives/edgar/data/36029/000003602997000001/0000036029-97-000001-index.html", "finalLink": "https://www.sec.gov/Archives/edgar/data/36029/", "calculatedOtherExpenses": -15000000, "calculatedOperatingExpenses": 4900000, "calculatedNetInterest": 50400000, "calculatedOtherIncome": -84200000, "calculatedIncomeNonControlling": -900000, "calculatedEbitda": 67300000}, {"date": "1995-12-31", "symbol": "FFIN", "reportedCurrency": "USD", "cik": "0000036029", "fillingDate": "1996-03-29", "acceptedDate": "1996-03-29 00:00:00", "calendarYear": "1995", "period": "FY", "revenue": 57200000, "costOfRevenue": 0, "grossProfit": 57200000, "grossProfitRatio": 1, "researchAndDevelopmentExpenses": 0, "generalAndAdministrativeExpenses": 16700000, "sellingAndMarketingExpenses": 0, "sellingGeneralAndAdministrativeExpenses": 16700000, "otherExpenses": -21400000, "operatingExpenses": -4700000, "costAndExpenses": -4700000, "interestIncome": 70600000, "interestExpense": 27700000, "depreciationAndAmortization": 5300000, "ebitda": 57800000, "ebitdaratio": 1.0104895105, "operatingIncome": 52500000, "operatingIncomeRatio": 0.9178321678, "totalOtherIncomeExpensesNet": -27700000, "incomeBeforeTax": 24800000, "incomeBeforeTaxRatio": 0.4335664336, "incomeTaxExpense": 8400000, "netIncome": 16400000, "netIncomeRatio": 0.2867132867, "eps": 0.15, "epsdiluted": 0.15, "weightedAverageShsOut": 108078203, "weightedAverageShsOutDil": 108078203, "link": "https://www.sec.gov/Archives/edgar/data/36029/000003602996000003/0000036029-96-000003-index.html", "finalLink": "https://www.sec.gov/Archives/edgar/data/36029/", "calculatedOtherExpenses": -12000000, "calculatedOperatingExpenses": 4700000, "calculatedNetInterest": 42900000, "calculatedOtherIncome": -70600000, "calculatedIncomeNonControlling": 0, "calculatedEbitda": 57800000}, {"date": "1994-12-31", "symbol": "FFIN", "reportedCurrency": "USD", "cik": "0000036029", "fillingDate": "1995-03-31", "acceptedDate": "1995-03-31 00:00:00", "calendarYear": "1994", "period": "FY", "revenue": 51800000, "costOfRevenue": 0, "grossProfit": 51800000, "grossProfitRatio": 1, "researchAndDevelopmentExpenses": 0, "generalAndAdministrativeExpenses": 16400000, "sellingAndMarketingExpenses": 0, "sellingGeneralAndAdministrativeExpenses": 16400000, "otherExpenses": -27400000, "operatingExpenses": -11000000, "costAndExpenses": -11000000, "interestIncome": 61500000, "interestExpense": 21300000, "depreciationAndAmortization": 8300000, "ebitda": 49100000, "ebitdaratio": 0.9478764479, "operatingIncome": 40800000, "operatingIncomeRatio": 0.7876447876, "totalOtherIncomeExpensesNet": -21300000, "incomeBeforeTax": 19500000, "incomeBeforeTaxRatio": 0.3764478764, "incomeTaxExpense": 6400000, "netIncome": 13100000, "netIncomeRatio": 0.2528957529, "eps": 0.0342, "epsdiluted": 0.0342, "weightedAverageShsOut": 107374998, "weightedAverageShsOutDil": 107374998, "link": "https://www.sec.gov/Archives/edgar/data/36029/000003602995000004/0000036029-95-000004-index.html", "finalLink": "https://www.sec.gov/Archives/edgar/data/36029/", "calculatedOtherExpenses": -5400000, "calculatedOperatingExpenses": 11000000, "calculatedNetInterest": 40200000, "calculatedOtherIncome": -61500000, "calculatedIncomeNonControlling": 0, "calculatedEbitda": 49100000}, {"date": "1993-12-31", "symbol": "FFIN", "reportedCurrency": "USD", "cik": "0000036029", "fillingDate": "1994-03-30", "acceptedDate": "1994-03-30 00:00:00", "calendarYear": "1993", "period": "FY", "revenue": 46200000, "costOfRevenue": 0, "grossProfit": 46200000, "grossProfitRatio": 1, "researchAndDevelopmentExpenses": 0, "generalAndAdministrativeExpenses": 14200000, "sellingAndMarketingExpenses": 0, "sellingGeneralAndAdministrativeExpenses": 14200000, "otherExpenses": -23400000, "operatingExpenses": -9200000, "costAndExpenses": -9200000, "interestIncome": 54400000, "interestExpense": 18000000, "depreciationAndAmortization": 7400000, "ebitda": 44400000, "ebitdaratio": 0.961038961, "operatingIncome": 37000000, "operatingIncomeRatio": 0.8008658009, "totalOtherIncomeExpensesNet": -19300000, "incomeBeforeTax": 17700000, "incomeBeforeTaxRatio": 0.3831168831, "incomeTaxExpense": 5700000, "netIncome": 13300000, "netIncomeRatio": 0.2878787879, "eps": 0.0291, "epsdiluted": 0.0291, "weightedAverageShsOut": 458365015, "weightedAverageShsOutDil": 458365015, "link": "https://www.sec.gov/Archives/edgar/data/36029/000003602994000005/0000036029-94-000005-index.html", "finalLink": "https://www.sec.gov/Archives/edgar/data/36029/", "calculatedOtherExpenses": -5000000, "calculatedOperatingExpenses": 9200000, "calculatedNetInterest": 36400000, "calculatedOtherIncome": -55700000, "calculatedIncomeNonControlling": -1300000, "calculatedEbitda": 44400000}]}