{"originalCurrency": "USD", "convertedCurrency": "USD", "report": [{"date": "2023-09-30", "symbol": "FFIV", "reportedCurrency": "USD", "cik": "0001048695", "fillingDate": "2023-11-14", "acceptedDate": "2023-11-14 16:30:17", "calendarYear": "2023", "period": "FY", "revenue": 2813169000, "costOfRevenue": 593308000, "grossProfit": 2219861000, "grossProfitRatio": 0.7890962114, "researchAndDevelopmentExpenses": 540285000, "generalAndAdministrativeExpenses": 263405000, "sellingAndMarketingExpenses": 878215000, "sellingGeneralAndAdministrativeExpenses": 1141620000, "otherExpenses": 13420000, "operatingExpenses": 1681905000, "costAndExpenses": 2275213000, "interestIncome": 0, "interestExpense": 0, "depreciationAndAmortization": 112702000, "ebitda": 716046000, "ebitdaratio": 0.2545335883, "operatingIncome": 472568000, "operatingIncomeRatio": 0.1679842199, "totalOtherIncomeExpensesNet": -51968000, "incomeBeforeTax": 485988000, "incomeBeforeTaxRatio": 0.1727546408, "incomeTaxExpense": 91040000, "netIncome": 394948000, "netIncomeRatio": 0.1403925608, "eps": 6.59, "epsdiluted": 6.55, "weightedAverageShsOut": 59909000, "weightedAverageShsOutDil": 60270000, "link": "https://www.sec.gov/Archives/edgar/data/1048695/000104869523000039/0001048695-23-000039-index.htm", "finalLink": "https://www.sec.gov/Archives/edgar/data/1048695/000104869523000039/ffiv-20230930.htm", "calculatedOtherExpenses": 65388000, "calculatedOperatingExpenses": 1747293000, "calculatedNetInterest": 0, "calculatedOtherIncome": 13420000, "calculatedIncomeNonControlling": 0, "calculatedEbitda": 585270000}, {"date": "2022-09-30", "symbol": "FFIV", "reportedCurrency": "USD", "cik": "0001048695", "fillingDate": "2022-11-15", "acceptedDate": "2022-11-15 15:15:25", "calendarYear": "2022", "period": "FY", "revenue": 2695845000, "costOfRevenue": 539627000, "grossProfit": 2156218000, "grossProfitRatio": 0.7998301089, "researchAndDevelopmentExpenses": 543368000, "generalAndAdministrativeExpenses": 274558000, "sellingAndMarketingExpenses": 926591000, "sellingGeneralAndAdministrativeExpenses": 1201149000, "otherExpenses": -18399000, "operatingExpenses": 1744517000, "costAndExpenses": 2284144000, "interestIncome": 0, "interestExpense": 18399000, "depreciationAndAmortization": 131427000, "ebitda": 535219000, "ebitdaratio": 0.1985347822, "operatingIncome": 403792000, "operatingIncomeRatio": 0.1497830921, "totalOtherIncomeExpensesNet": -18399000, "incomeBeforeTax": 385393000, "incomeBeforeTaxRatio": 0.1429581448, "incomeTaxExpense": 63233000, "netIncome": 322160000, "netIncomeRatio": 0.1195024195, "eps": 5.34, "epsdiluted": 5.27, "weightedAverageShsOut": 60274000, "weightedAverageShsOutDil": 61097000, "link": "https://www.sec.gov/Archives/edgar/data/1048695/000104869522000033/0001048695-22-000033-index.htm", "finalLink": "https://www.sec.gov/Archives/edgar/data/1048695/000104869522000033/ffiv-20220930.htm", "calculatedOtherExpenses": 7909000, "calculatedOperatingExpenses": 1752426000, "calculatedNetInterest": -18399000, "calculatedOtherIncome": 0, "calculatedIncomeNonControlling": 0, "calculatedEbitda": 535219000}, {"date": "2021-09-30", "symbol": "FFIV", "reportedCurrency": "USD", "cik": "0001048695", "fillingDate": "2021-11-16", "acceptedDate": "2021-11-16 16:23:14", "calendarYear": "2021", "period": "FY", "revenue": 2603416000, "costOfRevenue": 493146000, "grossProfit": 2110270000, "grossProfitRatio": 0.8105773338, "researchAndDevelopmentExpenses": 512627000, "generalAndAdministrativeExpenses": 273635000, "sellingAndMarketingExpenses": 929983000, "sellingGeneralAndAdministrativeExpenses": 1203618000, "otherExpenses": -7088000, "operatingExpenses": 1716245000, "costAndExpenses": 2209391000, "interestIncome": 2500000, "interestExpense": 0, "depreciationAndAmortization": 115424000, "ebitda": 509449000, "ebitdaratio": 0.1956848233, "operatingIncome": 394025000, "operatingIncomeRatio": 0.1513492273, "totalOtherIncomeExpensesNet": -7088000, "incomeBeforeTax": 386937000, "incomeBeforeTaxRatio": 0.1486266505, "incomeTaxExpense": 55696000, "netIncome": 331241000, "netIncomeRatio": 0.1272332197, "eps": 5.46, "epsdiluted": 5.34, "weightedAverageShsOut": 60707000, "weightedAverageShsOutDil": 62057000, "link": "https://www.sec.gov/Archives/edgar/data/1048695/000104869521000044/0001048695-21-000044-index.htm", "finalLink": "https://www.sec.gov/Archives/edgar/data/1048695/000104869521000044/ffiv-20210930.htm", "calculatedOtherExpenses": 0, "calculatedOperatingExpenses": 1716245000, "calculatedNetInterest": 2500000, "calculatedOtherIncome": -9588000, "calculatedIncomeNonControlling": 0, "calculatedEbitda": 509449000}, {"date": "2020-09-30", "symbol": "FFIV", "reportedCurrency": "USD", "cik": "0001048695", "fillingDate": "2020-11-19", "acceptedDate": "2020-11-19 13:30:24", "calendarYear": "2020", "period": "FY", "revenue": 2350822000, "costOfRevenue": 407887000, "grossProfit": 1942935000, "grossProfitRatio": 0.8264917548, "researchAndDevelopmentExpenses": 441324000, "generalAndAdministrativeExpenses": 258366000, "sellingAndMarketingExpenses": 843178000, "sellingGeneralAndAdministrativeExpenses": 1101544000, "otherExpenses": 4130000, "operatingExpenses": 1542868000, "costAndExpenses": 1950755000, "interestIncome": 12200000, "interestExpense": 0, "depreciationAndAmortization": 111457000, "ebitda": 503724000, "ebitdaratio": 0.2142756874, "operatingIncome": 392267000, "operatingIncomeRatio": 0.1668637608, "totalOtherIncomeExpensesNet": 4130000, "incomeBeforeTax": 396397000, "incomeBeforeTaxRatio": 0.1686205931, "incomeTaxExpense": 88956000, "netIncome": 307441000, "netIncomeRatio": 0.1307802122, "eps": 5.05, "epsdiluted": 5.01, "weightedAverageShsOut": 60911000, "weightedAverageShsOutDil": 61378000, "link": "https://www.sec.gov/Archives/edgar/data/1048695/000104869520000041/0001048695-20-000041-index.htm", "finalLink": "https://www.sec.gov/Archives/edgar/data/1048695/000104869520000041/ffiv-20200930.htm", "calculatedOtherExpenses": 7800000, "calculatedOperatingExpenses": 1550668000, "calculatedNetInterest": 12200000, "calculatedOtherIncome": -8070000, "calculatedIncomeNonControlling": 0, "calculatedEbitda": 503724000}, {"date": "2019-09-30", "symbol": "FFIV", "reportedCurrency": "USD", "cik": "0001048695", "fillingDate": "2019-11-15", "acceptedDate": "2019-11-15 16:46:00", "calendarYear": "2019", "period": "FY", "revenue": 2242447000, "costOfRevenue": 356577000, "grossProfit": 1885870000, "grossProfitRatio": 0.8409875462, "researchAndDevelopmentExpenses": 408058000, "generalAndAdministrativeExpenses": 210730000, "sellingAndMarketingExpenses": 748619000, "sellingGeneralAndAdministrativeExpenses": 959349000, "otherExpenses": 22648000, "operatingExpenses": 1367407000, "costAndExpenses": 1723984000, "interestIncome": 25300000, "interestExpense": 0, "depreciationAndAmortization": 68507000, "ebitda": 586970000, "ebitdaratio": 0.2617542354, "operatingIncome": 518463000, "operatingIncomeRatio": 0.2312041266, "totalOtherIncomeExpensesNet": 22648000, "incomeBeforeTax": 541111000, "incomeBeforeTaxRatio": 0.2413038078, "incomeTaxExpense": 113377000, "netIncome": 427734000, "netIncomeRatio": 0.1907443074, "eps": 7.12, "epsdiluted": 7.08, "weightedAverageShsOut": 60044000, "weightedAverageShsOutDil": 60456000, "link": "https://www.sec.gov/Archives/edgar/data/1048695/000104869519000034/0001048695-19-000034-index.htm", "finalLink": "https://www.sec.gov/Archives/edgar/data/1048695/000104869519000034/ffiv10k9-30x2019.htm", "calculatedOtherExpenses": 0, "calculatedOperatingExpenses": 1367407000, "calculatedNetInterest": 25300000, "calculatedOtherIncome": -2652000, "calculatedIncomeNonControlling": 0, "calculatedEbitda": 586970000}, {"date": "2018-09-30", "symbol": "FFIV", "reportedCurrency": "USD", "cik": "0001048695", "fillingDate": "2018-11-21", "acceptedDate": "2018-11-21 13:40:52", "calendarYear": "2018", "period": "FY", "revenue": 2161407000, "costOfRevenue": 361481000, "grossProfit": 1799926000, "grossProfitRatio": 0.8327566257, "researchAndDevelopmentExpenses": 366084000, "generalAndAdministrativeExpenses": 160382000, "sellingAndMarketingExpenses": 664135000, "sellingGeneralAndAdministrativeExpenses": 824517000, "otherExpenses": 12861000, "operatingExpenses": 1190601000, "costAndExpenses": 1552082000, "interestIncome": 0, "interestExpense": 0, "depreciationAndAmortization": 59491000, "ebitda": 687242000, "ebitdaratio": 0.3179604767, "operatingIncome": 590899000, "operatingIncomeRatio": 0.2733862711, "totalOtherIncomeExpensesNet": -5565000, "incomeBeforeTax": 603760000, "incomeBeforeTaxRatio": 0.2793365618, "incomeTaxExpense": 150071000, "netIncome": 453689000, "netIncomeRatio": 0.2099044743, "eps": 7.41, "epsdiluted": 7.32, "weightedAverageShsOut": 61262000, "weightedAverageShsOutDil": 62013000, "link": "https://www.sec.gov/Archives/edgar/data/1048695/000104869518000031/0001048695-18-000031-index.htm", "finalLink": "https://www.sec.gov/Archives/edgar/data/1048695/000104869518000031/ffiv10k9-30x2018.htm", "calculatedOtherExpenses": 18426000, "calculatedOperatingExpenses": 1209027000, "calculatedNetInterest": 0, "calculatedOtherIncome": 12861000, "calculatedIncomeNonControlling": 0, "calculatedEbitda": 650390000}, {"date": "2017-09-30", "symbol": "FFIV", "reportedCurrency": "USD", "cik": "0001048695", "fillingDate": "2017-11-03", "acceptedDate": "2017-11-03 13:30:37", "calendarYear": "2017", "period": "FY", "revenue": 2090041000, "costOfRevenue": 353485000, "grossProfit": 1736556000, "grossProfitRatio": 0.8308717389, "researchAndDevelopmentExpenses": 350365000, "generalAndAdministrativeExpenses": 156887000, "sellingAndMarketingExpenses": 652239000, "sellingGeneralAndAdministrativeExpenses": 809126000, "otherExpenses": 11561000, "operatingExpenses": 1159491000, "costAndExpenses": 1512976000, "interestIncome": 0, "interestExpense": 0, "depreciationAndAmortization": 61148000, "ebitda": 625104000, "ebitdaratio": 0.2990869557, "operatingIncome": 563956000, "operatingIncomeRatio": 0.2698301134, "totalOtherIncomeExpensesNet": 11561000, "incomeBeforeTax": 575517000, "incomeBeforeTaxRatio": 0.2753615838, "incomeTaxExpense": 154756000, "netIncome": 420761000, "netIncomeRatio": 0.2013171033, "eps": 6.56, "epsdiluted": 6.5, "weightedAverageShsOut": 64173000, "weightedAverageShsOutDil": 64775000, "link": "https://www.sec.gov/Archives/edgar/data/1048695/000104869517000028/0001048695-17-000028-index.htm", "finalLink": "https://www.sec.gov/Archives/edgar/data/1048695/000104869517000028/ffiv10k9-30x2017.htm", "calculatedOtherExpenses": 13109000, "calculatedOperatingExpenses": 1172600000, "calculatedNetInterest": 0, "calculatedOtherIncome": 11561000, "calculatedIncomeNonControlling": 0, "calculatedEbitda": 625104000}, {"date": "2016-09-30", "symbol": "FFIV", "reportedCurrency": "USD", "cik": "0001048695", "fillingDate": "2016-11-04", "acceptedDate": "2016-11-04 11:58:28", "calendarYear": "2016", "period": "FY", "revenue": 1995034000, "costOfRevenue": 337205000, "grossProfit": 1657829000, "grossProfitRatio": 0.8309778179, "researchAndDevelopmentExpenses": 334227000, "generalAndAdministrativeExpenses": 138431000, "sellingAndMarketingExpenses": 628743000, "sellingGeneralAndAdministrativeExpenses": 767174000, "otherExpenses": 2514000, "operatingExpenses": 1101401000, "costAndExpenses": 1438606000, "interestIncome": 0, "interestExpense": 0, "depreciationAndAmortization": 56776000, "ebitda": 604153000, "ebitdaratio": 0.302828423, "operatingIncome": 547377000, "operatingIncomeRatio": 0.2743697601, "totalOtherIncomeExpensesNet": 2514000, "incomeBeforeTax": 549891000, "incomeBeforeTaxRatio": 0.275629889, "incomeTaxExpense": 184036000, "netIncome": 365855000, "netIncomeRatio": 0.1833828396, "eps": 5.43, "epsdiluted": 5.38, "weightedAverageShsOut": 67433000, "weightedAverageShsOutDil": 67984000, "link": "https://www.sec.gov/Archives/edgar/data/1048695/000104869516000049/0001048695-16-000049-index.htm", "finalLink": "https://www.sec.gov/Archives/edgar/data/1048695/000104869516000049/ffiv10k9-30x2016.htm", "calculatedOtherExpenses": 9051000, "calculatedOperatingExpenses": 1110452000, "calculatedNetInterest": 0, "calculatedOtherIncome": 2514000, "calculatedIncomeNonControlling": 0, "calculatedEbitda": 604153000}, {"date": "2015-09-30", "symbol": "FFIV", "reportedCurrency": "USD", "cik": "0001048695", "fillingDate": "2015-11-06", "acceptedDate": "2015-11-06 13:28:33", "calendarYear": "2015", "period": "FY", "revenue": 1919823000, "costOfRevenue": 332261000, "grossProfit": 1587562000, "grossProfitRatio": 0.8269314411, "researchAndDevelopmentExpenses": 296583000, "generalAndAdministrativeExpenses": 135540000, "sellingAndMarketingExpenses": 602540000, "sellingGeneralAndAdministrativeExpenses": 738080000, "otherExpenses": 8445000, "operatingExpenses": 1034663000, "costAndExpenses": 1366924000, "interestIncome": 0, "interestExpense": 0, "depreciationAndAmortization": 52583000, "ebitda": 605482000, "ebitdaratio": 0.3153842828, "operatingIncome": 552899000, "operatingIncomeRatio": 0.2879947787, "totalOtherIncomeExpensesNet": 8445000, "incomeBeforeTax": 561344000, "incomeBeforeTaxRatio": 0.2923936217, "incomeTaxExpense": 196330000, "netIncome": 365014000, "netIncomeRatio": 0.1901289858, "eps": 5.07, "epsdiluted": 5.03, "weightedAverageShsOut": 71944000, "weightedAverageShsOutDil": 72547000, "link": "https://www.sec.gov/Archives/edgar/data/1048695/000104869515000020/0001048695-15-000020-index.htm", "finalLink": "https://www.sec.gov/Archives/edgar/data/1048695/000104869515000020/ffiv10k9-30x2015.htm", "calculatedOtherExpenses": 0, "calculatedOperatingExpenses": 1034663000, "calculatedNetInterest": 0, "calculatedOtherIncome": 8445000, "calculatedIncomeNonControlling": 0, "calculatedEbitda": 605482000}, {"date": "2014-09-30", "symbol": "FFIV", "reportedCurrency": "USD", "cik": "0001048695", "fillingDate": "2014-11-26", "acceptedDate": "2014-11-25 17:43:37", "calendarYear": "2014", "period": "FY", "revenue": 1732046000, "costOfRevenue": 309959000, "grossProfit": 1422087000, "grossProfitRatio": 0.8210445912, "researchAndDevelopmentExpenses": 263792000, "generalAndAdministrativeExpenses": 106454000, "sellingAndMarketingExpenses": 558284000, "sellingGeneralAndAdministrativeExpenses": 664738000, "otherExpenses": 3785000, "operatingExpenses": 928530000, "costAndExpenses": 1238489000, "interestIncome": 0, "interestExpense": 0, "depreciationAndAmortization": 46121000, "ebitda": 539678000, "ebitdaratio": 0.3115841034, "operatingIncome": 493557000, "operatingIncomeRatio": 0.2849560577, "totalOtherIncomeExpensesNet": 3785000, "incomeBeforeTax": 497342000, "incomeBeforeTaxRatio": 0.2871413346, "incomeTaxExpense": 186159000, "netIncome": 311183000, "netIncomeRatio": 0.1796620875, "eps": 4.13, "epsdiluted": 4.09, "weightedAverageShsOut": 75395000, "weightedAverageShsOutDil": 76092000, "link": "https://www.sec.gov/Archives/edgar/data/1048695/000144530514005262/0001445305-14-005262-index.htm", "finalLink": "https://www.sec.gov/Archives/edgar/data/1048695/000144530514005262/ffiv10k9-30x2014.htm", "calculatedOtherExpenses": 0, "calculatedOperatingExpenses": 928530000, "calculatedNetInterest": 0, "calculatedOtherIncome": 3785000, "calculatedIncomeNonControlling": 0, "calculatedEbitda": 539678000}, {"date": "2013-09-30", "symbol": "FFIV", "reportedCurrency": "USD", "cik": "0001048695", "fillingDate": "2013-11-22", "acceptedDate": "2013-11-22 16:05:46", "calendarYear": "2013", "period": "FY", "revenue": 1481314000, "costOfRevenue": 253047000, "grossProfit": 1228267000, "grossProfitRatio": 0.8291739631, "researchAndDevelopmentExpenses": 209614000, "generalAndAdministrativeExpenses": 102401000, "sellingAndMarketingExpenses": 483041000, "sellingGeneralAndAdministrativeExpenses": 585442000, "otherExpenses": 7274000, "operatingExpenses": 797449000, "costAndExpenses": 1050496000, "interestIncome": 0, "interestExpense": 0, "depreciationAndAmortization": 40005000, "ebitda": 470823000, "ebitdaratio": 0.317841457, "operatingIncome": 430818000, "operatingIncomeRatio": 0.2908350289, "totalOtherIncomeExpensesNet": 7274000, "incomeBeforeTax": 438092000, "incomeBeforeTaxRatio": 0.295745534, "incomeTaxExpense": 160778000, "netIncome": 277314000, "netIncomeRatio": 0.1872081139, "eps": 3.53, "epsdiluted": 3.5, "weightedAverageShsOut": 78565000, "weightedAverageShsOutDil": 79136000, "link": "https://www.sec.gov/Archives/edgar/data/1048695/000144530513003079/0001445305-13-003079-index.htm", "finalLink": "https://www.sec.gov/Archives/edgar/data/1048695/000144530513003079/ffiv10k9-30x2013.htm", "calculatedOtherExpenses": 2393000, "calculatedOperatingExpenses": 797449000, "calculatedNetInterest": 0, "calculatedOtherIncome": 7274000, "calculatedIncomeNonControlling": 0, "calculatedEbitda": 470823000}, {"date": "2012-09-30", "symbol": "FFIV", "reportedCurrency": "USD", "cik": "0001048695", "fillingDate": "2012-11-21", "acceptedDate": "2012-11-21 12:00:43", "calendarYear": "2012", "period": "FY", "revenue": 1377247000, "costOfRevenue": 236168000, "grossProfit": 1141079000, "grossProfitRatio": 0.8285216813, "researchAndDevelopmentExpenses": 177406000, "generalAndAdministrativeExpenses": 91775000, "sellingAndMarketingExpenses": 445595000, "sellingGeneralAndAdministrativeExpenses": 537370000, "otherExpenses": 0, "operatingExpenses": 714776000, "costAndExpenses": 950944000, "interestIncome": 0, "interestExpense": 0, "depreciationAndAmortization": 35139000, "ebitda": 455531000, "ebitdaratio": 0.3307547593, "operatingIncome": 426303000, "operatingIncomeRatio": 0.3095327127, "totalOtherIncomeExpensesNet": 5911000, "incomeBeforeTax": 432214000, "incomeBeforeTaxRatio": 0.3138246081, "incomeTaxExpense": 157028000, "netIncome": 275186000, "netIncomeRatio": 0.1998087489, "eps": 3.48, "epsdiluted": 3.45, "weightedAverageShsOut": 79135000, "weightedAverageShsOutDil": 79780000, "link": "https://www.sec.gov/Archives/edgar/data/1048695/000119312512478451/0001193125-12-478451-index.htm", "finalLink": "https://www.sec.gov/Archives/edgar/data/1048695/000119312512478451/d429871d10k.htm", "calculatedOtherExpenses": 0, "calculatedOperatingExpenses": 714776000, "calculatedNetInterest": 0, "calculatedOtherIncome": 5911000, "calculatedIncomeNonControlling": 0, "calculatedEbitda": 461442000}, {"date": "2011-09-30", "symbol": "FFIV", "reportedCurrency": "USD", "cik": "0001048695", "fillingDate": "2011-11-22", "acceptedDate": "2011-11-21 20:23:12", "calendarYear": "2011", "period": "FY", "revenue": 1151834000, "costOfRevenue": 208004000, "grossProfit": 943830000, "grossProfitRatio": 0.8194149504, "researchAndDevelopmentExpenses": 138910000, "generalAndAdministrativeExpenses": 83523000, "sellingAndMarketingExpenses": 370735000, "sellingGeneralAndAdministrativeExpenses": 454258000, "otherExpenses": 0, "operatingExpenses": 593168000, "costAndExpenses": 801172000, "interestIncome": 0, "interestExpense": 0, "depreciationAndAmortization": 20887000, "ebitda": 361460000, "ebitdaratio": 0.3138125806, "operatingIncome": 350662000, "operatingIncomeRatio": 0.3044379659, "totalOtherIncomeExpensesNet": 10089000, "incomeBeforeTax": 360751000, "incomeBeforeTaxRatio": 0.3131970405, "incomeTaxExpense": 119354000, "netIncome": 241397000, "netIncomeRatio": 0.2095762063, "eps": 2.99, "epsdiluted": 2.96, "weightedAverageShsOut": 80658000, "weightedAverageShsOutDil": 81482000, "link": "https://www.sec.gov/Archives/edgar/data/1048695/000119312511318885/0001193125-11-318885-index.htm", "finalLink": "https://www.sec.gov/Archives/edgar/data/1048695/000119312511318885/d223035d10k.htm", "calculatedOtherExpenses": 0, "calculatedOperatingExpenses": 593168000, "calculatedNetInterest": 0, "calculatedOtherIncome": 10089000, "calculatedIncomeNonControlling": 0, "calculatedEbitda": 371549000}, {"date": "2010-09-30", "symbol": "FFIV", "reportedCurrency": "USD", "cik": "0001048695", "fillingDate": "2010-11-23", "acceptedDate": "2010-11-23 11:33:44", "calendarYear": "2010", "period": "FY", "revenue": 881972000, "costOfRevenue": 171952000, "grossProfit": 710020000, "grossProfitRatio": 0.8050368946, "researchAndDevelopmentExpenses": 118314000, "generalAndAdministrativeExpenses": 68503000, "sellingAndMarketingExpenses": 293201000, "sellingGeneralAndAdministrativeExpenses": 361704000, "otherExpenses": 0, "operatingExpenses": 480018000, "costAndExpenses": 651970000, "interestIncome": 0, "interestExpense": 0, "depreciationAndAmortization": 23833000, "ebitda": 246210000, "ebitdaratio": 0.279158522, "operatingIncome": 230002000, "operatingIncomeRatio": 0.2607815214, "totalOtherIncomeExpensesNet": 7625000, "incomeBeforeTax": 237627000, "incomeBeforeTaxRatio": 0.2694269206, "incomeTaxExpense": 86474000, "netIncome": 151153000, "netIncomeRatio": 0.1713807241, "eps": 1.9, "epsdiluted": 1.86, "weightedAverageShsOut": 79609000, "weightedAverageShsOutDil": 81049000, "link": "https://www.sec.gov/Archives/edgar/data/1048695/000095012310108100/0000950123-10-108100-index.htm", "finalLink": "https://www.sec.gov/Archives/edgar/data/1048695/000095012310108100/v56719e10vk.htm", "calculatedOtherExpenses": 0, "calculatedOperatingExpenses": 480018000, "calculatedNetInterest": 0, "calculatedOtherIncome": 7625000, "calculatedIncomeNonControlling": 0, "calculatedEbitda": 253835000}, {"date": "2009-09-30", "symbol": "FFIV", "reportedCurrency": "USD", "cik": "0001048695", "fillingDate": "2009-11-20", "acceptedDate": "2009-11-20 15:08:28", "calendarYear": "2009", "period": "FY", "revenue": 653079000, "costOfRevenue": 142726000, "grossProfit": 510353000, "grossProfitRatio": 0.781456761, "researchAndDevelopmentExpenses": 103664000, "generalAndAdministrativeExpenses": 55243000, "sellingAndMarketingExpenses": 225193000, "sellingGeneralAndAdministrativeExpenses": 280436000, "otherExpenses": 0, "operatingExpenses": 384100000, "costAndExpenses": 526826000, "interestIncome": 0, "interestExpense": 0, "depreciationAndAmortization": 26407000, "ebitda": 148331000, "ebitdaratio": 0.2271256617, "operatingIncome": 121924000, "operatingIncomeRatio": 0.1866910435, "totalOtherIncomeExpensesNet": 9724000, "incomeBeforeTax": 131648000, "incomeBeforeTaxRatio": 0.2015805132, "incomeTaxExpense": 40113000, "netIncome": 91535000, "netIncomeRatio": 0.1401591538, "eps": 1.16, "epsdiluted": 1.14, "weightedAverageShsOut": 78842000, "weightedAverageShsOutDil": 80073000, "link": "https://www.sec.gov/Archives/edgar/data/1048695/000095012309064701/0000950123-09-064701-index.htm", "finalLink": "https://www.sec.gov/Archives/edgar/data/1048695/000095012309064701/v54122e10vk.htm", "calculatedOtherExpenses": 4329000, "calculatedOperatingExpenses": 388429000, "calculatedNetInterest": 0, "calculatedOtherIncome": 9724000, "calculatedIncomeNonControlling": 0, "calculatedEbitda": 148331000}, {"date": "2008-09-30", "symbol": "FFIV", "reportedCurrency": "USD", "cik": "0001048695", "fillingDate": "2008-11-21", "acceptedDate": "2008-11-21 17:16:15", "calendarYear": "2008", "period": "FY", "revenue": 650173000, "costOfRevenue": 149018000, "grossProfit": 501155000, "grossProfitRatio": 0.7708025402, "researchAndDevelopmentExpenses": 103394000, "generalAndAdministrativeExpenses": 56001000, "sellingAndMarketingExpenses": 237175000, "sellingGeneralAndAdministrativeExpenses": 293176000, "otherExpenses": 5271000, "operatingExpenses": 401841000, "costAndExpenses": 550859000, "interestIncome": 0, "interestExpense": 0, "depreciationAndAmortization": 23623000, "ebitda": 109258000, "ebitdaratio": 0.1680445051, "operatingIncome": 99314000, "operatingIncomeRatio": 0.1527501142, "totalOtherIncomeExpensesNet": 13679000, "incomeBeforeTax": 118264000, "incomeBeforeTaxRatio": 0.181896203, "incomeTaxExpense": 43933000, "netIncome": 74331000, "netIncomeRatio": 0.1143249566, "eps": 0.9, "epsdiluted": 0.89, "weightedAverageShsOut": 82290000, "weightedAverageShsOutDil": 83428000, "link": "https://www.sec.gov/Archives/edgar/data/1048695/000095013408021073/0000950134-08-021073-index.htm", "finalLink": "https://www.sec.gov/Archives/edgar/data/1048695/000095013408021073/v50606e10vk.htm", "calculatedOtherExpenses": 5271000, "calculatedOperatingExpenses": 401841000, "calculatedNetInterest": 0, "calculatedOtherIncome": 18950000, "calculatedIncomeNonControlling": 0, "calculatedEbitda": 122937000}, {"date": "2007-09-30", "symbol": "FFIV", "reportedCurrency": "USD", "cik": "0001048695", "fillingDate": "2007-11-19", "acceptedDate": "2007-11-19 16:44:59", "calendarYear": "2007", "period": "FY", "revenue": 525667000, "costOfRevenue": 118324000, "grossProfit": 407343000, "grossProfitRatio": 0.7749069278, "researchAndDevelopmentExpenses": 69030000, "generalAndAdministrativeExpenses": 49256000, "sellingAndMarketingExpenses": 175555000, "sellingGeneralAndAdministrativeExpenses": 224811000, "otherExpenses": 0, "operatingExpenses": 293841000, "costAndExpenses": 412165000, "interestIncome": 0, "interestExpense": 0, "depreciationAndAmortization": 15862000, "ebitda": 115364000, "ebitdaratio": 0.219462131, "operatingIncome": 99502000, "operatingIncomeRatio": 0.1892871343, "totalOtherIncomeExpensesNet": 28191000, "incomeBeforeTax": 127693000, "incomeBeforeTaxRatio": 0.2429161427, "incomeTaxExpense": 50693000, "netIncome": 77000000, "netIncomeRatio": 0.1464805666, "eps": 0.93, "epsdiluted": 0.9, "weightedAverageShsOut": 83205000, "weightedAverageShsOutDil": 85137000, "link": "https://www.sec.gov/Archives/edgar/data/1048695/000095013407024269/0000950134-07-024269-index.htm", "finalLink": "https://www.sec.gov/Archives/edgar/data/1048695/000095013407024269/v35833e10vk.htm", "calculatedOtherExpenses": 14000000, "calculatedOperatingExpenses": 307841000, "calculatedNetInterest": 0, "calculatedOtherIncome": 28191000, "calculatedIncomeNonControlling": 0, "calculatedEbitda": 115364000}, {"date": "2006-09-30", "symbol": "FFIV", "reportedCurrency": "USD", "cik": "0001048695", "fillingDate": "2006-12-14", "acceptedDate": "2006-12-13 20:43:51", "calendarYear": "2006", "period": "FY", "revenue": 394049000, "costOfRevenue": 88153000, "grossProfit": 305896000, "grossProfitRatio": 0.7762892432, "researchAndDevelopmentExpenses": 49171000, "generalAndAdministrativeExpenses": 39109000, "sellingAndMarketingExpenses": 127478000, "sellingGeneralAndAdministrativeExpenses": 166587000, "otherExpenses": 0, "operatingExpenses": 215758000, "costAndExpenses": 303911000, "interestIncome": 0, "interestExpense": 0, "depreciationAndAmortization": 11585000, "ebitda": 84292000, "ebitdaratio": 0.213912483, "operatingIncome": 90138000, "operatingIncomeRatio": 0.2287482014, "totalOtherIncomeExpensesNet": 17431000, "incomeBeforeTax": 107569000, "incomeBeforeTaxRatio": 0.2729838167, "incomeTaxExpense": 41564000, "netIncome": 66005000, "netIncomeRatio": 0.1675045489, "eps": 0.41, "epsdiluted": 0.4, "weightedAverageShsOut": 160556000, "weightedAverageShsOutDil": 166040000, "link": "https://www.sec.gov/Archives/edgar/data/1048695/000089102006000396/0000891020-06-000396-index.htm", "finalLink": "https://www.sec.gov/Archives/edgar/data/1048695/000089102006000396/v25573e10vk.htm", "calculatedOtherExpenses": 0, "calculatedOperatingExpenses": 215758000, "calculatedNetInterest": 0, "calculatedOtherIncome": 17431000, "calculatedIncomeNonControlling": 0, "calculatedEbitda": 101723000}, {"date": "2005-09-30", "symbol": "FFIV", "reportedCurrency": "USD", "cik": "0001048695", "fillingDate": "2005-12-13", "acceptedDate": "2005-12-12 18:04:25", "calendarYear": "2005", "period": "FY", "revenue": 281410000, "costOfRevenue": 65157000, "grossProfit": 216253000, "grossProfitRatio": 0.7684623858, "researchAndDevelopmentExpenses": 31349000, "generalAndAdministrativeExpenses": 23760000, "sellingAndMarketingExpenses": 89253000, "sellingGeneralAndAdministrativeExpenses": 113013000, "otherExpenses": 0, "operatingExpenses": 144362000, "costAndExpenses": 209519000, "interestIncome": 0, "interestExpense": 0, "depreciationAndAmortization": 6797000, "ebitda": -7992000, "ebitdaratio": -0.0283998436, "operatingIncome": -14789000, "operatingIncomeRatio": -0.0525532142, "totalOtherIncomeExpensesNet": 1420000, "incomeBeforeTax": 79967000, "incomeBeforeTaxRatio": 0.2841654525, "incomeTaxExpense": 28234000, "netIncome": 51733000, "netIncomeRatio": 0.1838349739, "eps": 0.7, "epsdiluted": 0.67, "weightedAverageShsOut": 74440000, "weightedAverageShsOutDil": 77466000, "link": "https://www.sec.gov/Archives/edgar/data/1048695/000095012405006787/0000950124-05-006787-index.htm", "finalLink": "https://www.sec.gov/Archives/edgar/data/1048695/000095012405006787/v15287e10vk.htm", "calculatedOtherExpenses": 86680000, "calculatedOperatingExpenses": 231042000, "calculatedNetInterest": 0, "calculatedOtherIncome": 94756000, "calculatedIncomeNonControlling": 0, "calculatedEbitda": -7992000}, {"date": "2004-09-30", "symbol": "FFIV", "reportedCurrency": "USD", "cik": "0001048695", "fillingDate": "2004-12-07", "acceptedDate": "2004-12-06 20:09:32", "calendarYear": "2004", "period": "FY", "revenue": 171190000, "costOfRevenue": 39379000, "grossProfit": 131811000, "grossProfitRatio": 0.7699690402, "researchAndDevelopmentExpenses": 24361000, "generalAndAdministrativeExpenses": 15734000, "sellingAndMarketingExpenses": 65378000, "sellingGeneralAndAdministrativeExpenses": 81112000, "otherExpenses": 10000, "operatingExpenses": 105483000, "costAndExpenses": 144862000, "interestIncome": 0, "interestExpense": 0, "depreciationAndAmortization": 5365000, "ebitda": 28962000, "ebitdaratio": 0.1691804428, "operatingIncome": 26328000, "operatingIncomeRatio": 0.15379403, "totalOtherIncomeExpensesNet": 2731000, "incomeBeforeTax": 29059000, "incomeBeforeTaxRatio": 0.1697470647, "incomeTaxExpense": -3894000, "netIncome": 32953000, "netIncomeRatio": 0.1924937204, "eps": 0.28, "epsdiluted": 0.26, "weightedAverageShsOut": 132884000, "weightedAverageShsOutDil": 143844000, "link": "https://www.sec.gov/Archives/edgar/data/1048695/000095012404006080/0000950124-04-006080-index.htm", "finalLink": "https://www.sec.gov/Archives/edgar/data/1048695/000095012404006080/v03807e10vk.htm", "calculatedOtherExpenses": 10000, "calculatedOperatingExpenses": 105483000, "calculatedNetInterest": 0, "calculatedOtherIncome": 2731000, "calculatedIncomeNonControlling": 0, "calculatedEbitda": 31693000}, {"date": "2003-09-30", "symbol": "FFIV", "reportedCurrency": "USD", "cik": "0001048695", "fillingDate": "2003-10-30", "acceptedDate": "2003-10-29 21:53:07", "calendarYear": "2003", "period": "FY", "revenue": 115895000, "costOfRevenue": 26905000, "grossProfit": 88990000, "grossProfitRatio": 0.7678502092, "researchAndDevelopmentExpenses": 19246000, "generalAndAdministrativeExpenses": 12014000, "sellingAndMarketingExpenses": 53458000, "sellingGeneralAndAdministrativeExpenses": 65472000, "otherExpenses": 83000, "operatingExpenses": 84801000, "costAndExpenses": 111706000, "interestIncome": 0, "interestExpense": 0, "depreciationAndAmortization": 5245000, "ebitda": 5245000, "ebitdaratio": 0.0452564822, "operatingIncome": 4189000, "operatingIncomeRatio": 0.0361447862, "totalOtherIncomeExpensesNet": 751000, "incomeBeforeTax": 4940000, "incomeBeforeTaxRatio": 0.0426247897, "incomeTaxExpense": 853000, "netIncome": 4087000, "netIncomeRatio": 0.0352646792, "eps": 0.075, "epsdiluted": 0.07, "weightedAverageShsOut": 52906000, "weightedAverageShsOutDil": 56440000, "link": "https://www.sec.gov/Archives/edgar/data/1048695/000089102003002548/0000891020-03-002548-index.htm", "finalLink": "https://www.sec.gov/Archives/edgar/data/1048695/000089102003002548/v93946e10vk.htm", "calculatedOtherExpenses": 83000, "calculatedOperatingExpenses": 84801000, "calculatedNetInterest": 0, "calculatedOtherIncome": 751000, "calculatedIncomeNonControlling": 0, "calculatedEbitda": 9434000}, {"date": "2002-09-30", "symbol": "FFIV", "reportedCurrency": "USD", "cik": "0001048695", "fillingDate": "2002-12-19", "acceptedDate": "2002-12-19 17:25:21", "calendarYear": "2002", "period": "FY", "revenue": 108266000, "costOfRevenue": 30479000, "grossProfit": 77787000, "grossProfitRatio": 0.7184804094, "researchAndDevelopmentExpenses": 17985000, "generalAndAdministrativeExpenses": 15045000, "sellingAndMarketingExpenses": 50581000, "sellingGeneralAndAdministrativeExpenses": 65626000, "otherExpenses": 443000, "operatingExpenses": 84054000, "costAndExpenses": 114533000, "interestIncome": 0, "interestExpense": 0, "depreciationAndAmortization": 6055000, "ebitda": -3486000, "ebitdaratio": -0.0321984741, "operatingIncome": -9541000, "operatingIncomeRatio": -0.0881255426, "totalOtherIncomeExpensesNet": 1420000, "incomeBeforeTax": -8121000, "incomeBeforeTaxRatio": -0.0750096983, "incomeTaxExpense": 489000, "netIncome": -8610000, "netIncomeRatio": -0.0795263518, "eps": -0.17, "epsdiluted": -0.17, "weightedAverageShsOut": 50646000, "weightedAverageShsOutDil": 50646000, "link": "https://www.sec.gov/Archives/edgar/data/1048695/000089102002002051/0000891020-02-002051-index.htm", "finalLink": "https://www.sec.gov/Archives/edgar/data/1048695/000089102002002051/v86519e10vk.htm", "calculatedOtherExpenses": 3717000, "calculatedOperatingExpenses": 87328000, "calculatedNetInterest": 0, "calculatedOtherIncome": 1420000, "calculatedIncomeNonControlling": 0, "calculatedEbitda": -3486000}, {"date": "2001-09-30", "symbol": "FFIV", "reportedCurrency": "USD", "cik": "0001048695", "fillingDate": "2001-12-28", "acceptedDate": "2001-12-28 00:00:00", "calendarYear": "2001", "period": "FY", "revenue": 107367000, "costOfRevenue": 45505000, "grossProfit": 61862000, "grossProfitRatio": 0.5761733121, "researchAndDevelopmentExpenses": 17435000, "generalAndAdministrativeExpenses": 18776000, "sellingAndMarketingExpenses": 50767000, "sellingGeneralAndAdministrativeExpenses": 69543000, "otherExpenses": 2625000, "operatingExpenses": 89603000, "costAndExpenses": 135108000, "interestIncome": 0, "interestExpense": 0, "depreciationAndAmortization": 7973000, "ebitda": -20743000, "ebitdaratio": -0.1931971649, "operatingIncome": -28716000, "operatingIncomeRatio": -0.267456481, "totalOtherIncomeExpensesNet": 2021000, "incomeBeforeTax": -26695000, "incomeBeforeTaxRatio": -0.2486331927, "incomeTaxExpense": 4095000, "netIncome": -30790000, "netIncomeRatio": -0.2867734034, "eps": -0.68, "epsdiluted": -0.68, "weightedAverageShsOut": 45288000, "weightedAverageShsOutDil": 45288000, "link": "https://www.sec.gov/Archives/edgar/data/1048695/000089102001500463/0000891020-01-500463-index.htm", "finalLink": "https://www.sec.gov/Archives/edgar/data/1048695/000089102001500463/v77937e10-k.htm", "calculatedOtherExpenses": 3600000, "calculatedOperatingExpenses": 90578000, "calculatedNetInterest": 0, "calculatedOtherIncome": 2021000, "calculatedIncomeNonControlling": 0, "calculatedEbitda": -20743000}, {"date": "2000-09-30", "symbol": "FFIV", "reportedCurrency": "USD", "cik": "0001048695", "fillingDate": "2000-12-13", "acceptedDate": "2000-12-13 00:00:00", "calendarYear": "2000", "period": "FY", "revenue": 108645000, "costOfRevenue": 30236000, "grossProfit": 78409000, "grossProfitRatio": 0.7216991118, "researchAndDevelopmentExpenses": 14478000, "generalAndAdministrativeExpenses": 0, "sellingAndMarketingExpenses": 0, "sellingGeneralAndAdministrativeExpenses": 46617000, "otherExpenses": 4462000, "operatingExpenses": 65557000, "costAndExpenses": 95793000, "interestIncome": 0, "interestExpense": 0, "depreciationAndAmortization": 4462000, "ebitda": 14411000, "ebitdaratio": 0.1326430116, "operatingIncome": 12852000, "operatingIncomeRatio": 0.1182935248, "totalOtherIncomeExpensesNet": 2903000, "incomeBeforeTax": 15755000, "incomeBeforeTaxRatio": 0.1450135763, "incomeTaxExpense": 2105000, "netIncome": 13650000, "netIncomeRatio": 0.1256385476, "eps": 0.33, "epsdiluted": 0.3, "weightedAverageShsOut": 42274000, "weightedAverageShsOutDil": 46132000, "link": "https://www.sec.gov/Archives/edgar/data/1048695/000089102000002144/0000891020-00-002144-index.htm", "finalLink": "https://www.sec.gov/Archives/edgar/data/1048695/000089102000002144/v67948e10-k.txt", "calculatedOtherExpenses": 4462000, "calculatedOperatingExpenses": 65557000, "calculatedNetInterest": 0, "calculatedOtherIncome": 2903000, "calculatedIncomeNonControlling": 0, "calculatedEbitda": 17314000}, {"date": "1999-09-30", "symbol": "FFIV", "reportedCurrency": "USD", "cik": "0001048695", "fillingDate": "1999-12-28", "acceptedDate": "1999-12-28 00:00:00", "calendarYear": "1999", "period": "FY", "revenue": 27800000, "costOfRevenue": 6600000, "grossProfit": 21200000, "grossProfitRatio": 0.7625899281, "researchAndDevelopmentExpenses": 5600000, "generalAndAdministrativeExpenses": 0, "sellingAndMarketingExpenses": 0, "sellingGeneralAndAdministrativeExpenses": 17400000, "otherExpenses": 3100000, "operatingExpenses": 26100000, "costAndExpenses": 32700000, "interestIncome": 0, "interestExpense": 0, "depreciationAndAmortization": 3100000, "ebitda": -1800000, "ebitdaratio": -0.0647482014, "operatingIncome": -4900000, "operatingIncomeRatio": -0.1762589928, "totalOtherIncomeExpensesNet": 0, "incomeBeforeTax": 0, "incomeBeforeTaxRatio": 0, "incomeTaxExpense": -600000, "netIncome": -4300000, "netIncomeRatio": -0.154676259, "eps": -0.21, "epsdiluted": -0.21, "weightedAverageShsOut": 20476000, "weightedAverageShsOutDil": 20476000, "link": "https://www.sec.gov/Archives/edgar/data/1048695/000089102099002156/0000891020-99-002156-index.html", "finalLink": "https://www.sec.gov/Archives/edgar/data/1048695/000089102099002156/", "calculatedOtherExpenses": 3100000, "calculatedOperatingExpenses": 26100000, "calculatedNetInterest": 0, "calculatedOtherIncome": 4900000, "calculatedIncomeNonControlling": 4900000, "calculatedEbitda": -1800000}, {"date": "1998-09-30", "symbol": "FFIV", "reportedCurrency": "USD", "cik": "0001048695", "fillingDate": "1998-09-30", "acceptedDate": "1998-09-29 20:00:00", "calendarYear": "1998", "period": "FY", "revenue": 4800000, "costOfRevenue": 1100000, "grossProfit": 3700000, "grossProfitRatio": 0.7708333333, "researchAndDevelopmentExpenses": 1800000, "generalAndAdministrativeExpenses": 0, "sellingAndMarketingExpenses": 0, "sellingGeneralAndAdministrativeExpenses": 4900000, "otherExpenses": 700000, "operatingExpenses": 7400000, "costAndExpenses": 8500000, "interestIncome": 0, "interestExpense": 0, "depreciationAndAmortization": 700000, "ebitda": -3000000, "ebitdaratio": -0.625, "operatingIncome": -3700000, "operatingIncomeRatio": -0.7708333333, "totalOtherIncomeExpensesNet": 0, "incomeBeforeTax": 0, "incomeBeforeTaxRatio": 0, "incomeTaxExpense": 0, "netIncome": -3700000, "netIncomeRatio": -0.7708333333, "eps": -0.3, "epsdiluted": -0.3, "weightedAverageShsOut": 12172000, "weightedAverageShsOutDil": 12172000, "link": "", "finalLink": "", "calculatedOtherExpenses": 700000, "calculatedOperatingExpenses": 7400000, "calculatedNetInterest": 0, "calculatedOtherIncome": 3700000, "calculatedIncomeNonControlling": 3700000, "calculatedEbitda": -3000000}]}