{"originalCurrency": "USD", "convertedCurrency": "USD", "report": [{"date": "2023-12-31", "symbol": "FHB", "reportedCurrency": "USD", "cik": "0000036377", "fillingDate": "2023-12-31", "acceptedDate": "2023-12-29 19:00:00", "calendarYear": "2023", "period": "FY", "revenue": 1132132000, "costOfRevenue": 7738000, "grossProfit": 1124394000, "grossProfitRatio": 0.993165108, "researchAndDevelopmentExpenses": 0, "generalAndAdministrativeExpenses": 225755000, "sellingAndMarketingExpenses": 7615000, "sellingGeneralAndAdministrativeExpenses": 233370000, "otherExpenses": -200666000, "operatingExpenses": 200666000, "costAndExpenses": 822958000, "interestIncome": 923579000, "interestExpense": 26289000, "depreciationAndAmortization": 18585000, "ebitda": 18585000, "ebitdaratio": 0.0164159303, "operatingIncome": 923728000, "operatingIncomeRatio": 0.8159189918, "totalOtherIncomeExpensesNet": 309174000, "incomeBeforeTax": 309174000, "incomeBeforeTaxRatio": 0.2730900637, "incomeTaxExpense": 74191000, "netIncome": 234983000, "netIncomeRatio": 0.2075579526, "eps": 1.84, "epsdiluted": 1.84, "weightedAverageShsOut": 127567547, "weightedAverageShsOutDil": 127915873, "link": null, "finalLink": null, "calculatedOtherExpenses": -32704000, "calculatedOperatingExpenses": 200666000, "calculatedNetInterest": 897290000, "calculatedOtherIncome": -1511844000, "calculatedIncomeNonControlling": 0, "calculatedEbitda": 942313000}, {"date": "2022-12-31", "symbol": "FHB", "reportedCurrency": "USD", "cik": "0000036377", "fillingDate": "2023-02-24", "acceptedDate": "2023-02-24 16:19:01", "calendarYear": "2022", "period": "FY", "revenue": 762084000, "costOfRevenue": 0, "grossProfit": 762084000, "grossProfitRatio": 1, "researchAndDevelopmentExpenses": 0, "generalAndAdministrativeExpenses": 199129000, "sellingAndMarketingExpenses": 7996000, "sellingGeneralAndAdministrativeExpenses": 207125000, "otherExpenses": -568327000, "operatingExpenses": -361202000, "costAndExpenses": -361202000, "interestIncome": 663220000, "interestExpense": 49671000, "depreciationAndAmortization": 56747000, "ebitda": 457629000, "ebitdaratio": 0.6004967956, "operatingIncome": 400882000, "operatingIncomeRatio": 0.5260338755, "totalOtherIncomeExpensesNet": -49671000, "incomeBeforeTax": 351211000, "incomeBeforeTaxRatio": 0.4608560211, "incomeTaxExpense": 85526000, "netIncome": 265685000, "netIncomeRatio": 0.3486295474, "eps": 2.08, "epsdiluted": 2.08, "weightedAverageShsOut": 127489889, "weightedAverageShsOutDil": 127981699, "link": "https://www.sec.gov/Archives/edgar/data/36377/000155837023002048/0001558370-23-002048-index.htm", "finalLink": "https://www.sec.gov/Archives/edgar/data/36377/000155837023002048/fhb-20221231x10k.htm", "calculatedOtherExpenses": 154077000, "calculatedOperatingExpenses": 361202000, "calculatedNetInterest": 613549000, "calculatedOtherIncome": -663220000, "calculatedIncomeNonControlling": 0, "calculatedEbitda": 457629000}, {"date": "2021-12-31", "symbol": "FHB", "reportedCurrency": "USD", "cik": "0000036377", "fillingDate": "2022-02-25", "acceptedDate": "2022-02-25 16:54:37", "calendarYear": "2021", "period": "FY", "revenue": 690231000, "costOfRevenue": 0, "grossProfit": 690231000, "grossProfitRatio": 1, "researchAndDevelopmentExpenses": 0, "generalAndAdministrativeExpenses": 182384000, "sellingAndMarketingExpenses": 6108000, "sellingGeneralAndAdministrativeExpenses": 188492000, "otherExpenses": -529727000, "operatingExpenses": -341235000, "costAndExpenses": -341235000, "interestIncome": 549311000, "interestExpense": 18752000, "depreciationAndAmortization": 51844000, "ebitda": 400840000, "ebitdaratio": 0.5807331169, "operatingIncome": 348996000, "operatingIncomeRatio": 0.5056220309, "totalOtherIncomeExpensesNet": 348996000, "incomeBeforeTax": 348996000, "incomeBeforeTaxRatio": 0.5056220309, "incomeTaxExpense": 83261000, "netIncome": 265735000, "netIncomeRatio": 0.384994299, "eps": 2.06, "epsdiluted": 2.05, "weightedAverageShsOut": 128963131, "weightedAverageShsOutDil": 129537922, "link": "https://www.sec.gov/Archives/edgar/data/36377/000155837022002181/0001558370-22-002181-index.htm", "finalLink": "https://www.sec.gov/Archives/edgar/data/36377/000155837022002181/fhb-20211231x10k.htm", "calculatedOtherExpenses": 152743000, "calculatedOperatingExpenses": 341235000, "calculatedNetInterest": 530559000, "calculatedOtherIncome": -530559000, "calculatedIncomeNonControlling": 0, "calculatedEbitda": 400840000}, {"date": "2020-12-31", "symbol": "FHB", "reportedCurrency": "USD", "cik": "0000036377", "fillingDate": "2021-02-25", "acceptedDate": "2021-02-25 16:49:54", "calendarYear": "2020", "period": "FY", "revenue": 711000000, "costOfRevenue": 0, "grossProfit": 711000000, "grossProfitRatio": 1, "researchAndDevelopmentExpenses": 0, "generalAndAdministrativeExpenses": 174221000, "sellingAndMarketingExpenses": 5695000, "sellingGeneralAndAdministrativeExpenses": 179916000, "otherExpenses": -647192000, "operatingExpenses": -467276000, "costAndExpenses": -467276000, "interestIncome": 582759000, "interestExpense": 47025000, "depreciationAndAmortization": 63071000, "ebitda": 306795000, "ebitdaratio": 0.4314978903, "operatingIncome": 243724000, "operatingIncomeRatio": 0.342790436, "totalOtherIncomeExpensesNet": 243724000, "incomeBeforeTax": 243724000, "incomeBeforeTaxRatio": 0.342790436, "incomeTaxExpense": 57970000, "netIncome": 185754000, "netIncomeRatio": 0.261257384, "eps": 1.43, "epsdiluted": 1.43, "weightedAverageShsOut": 129890224, "weightedAverageShsOutDil": 130220077, "link": "https://www.sec.gov/Archives/edgar/data/36377/000155837021001848/0001558370-21-001848-index.htm", "finalLink": "https://www.sec.gov/Archives/edgar/data/36377/000155837021001848/fhb-20201231x10k.htm", "calculatedOtherExpenses": 287360000, "calculatedOperatingExpenses": 467276000, "calculatedNetInterest": 535734000, "calculatedOtherIncome": -535734000, "calculatedIncomeNonControlling": 0, "calculatedEbitda": 306795000}, {"date": "2019-12-31", "symbol": "FHB", "reportedCurrency": "USD", "cik": "0000036377", "fillingDate": "2020-02-28", "acceptedDate": "2020-02-27 20:15:30", "calendarYear": "2019", "period": "FY", "revenue": 735974000, "costOfRevenue": 0, "grossProfit": 735974000, "grossProfitRatio": 1, "researchAndDevelopmentExpenses": 0, "generalAndAdministrativeExpenses": 173098000, "sellingAndMarketingExpenses": 6910000, "sellingGeneralAndAdministrativeExpenses": 180008000, "otherExpenses": -534284000, "operatingExpenses": -354276000, "costAndExpenses": -354276000, "interestIncome": 678692000, "interestExpense": 105290000, "depreciationAndAmortization": 67824000, "ebitda": 449522000, "ebitdaratio": 0.6107851636, "operatingIncome": 381698000, "operatingIncomeRatio": 0.5186297342, "totalOtherIncomeExpensesNet": 381698000, "incomeBeforeTax": 381698000, "incomeBeforeTaxRatio": 0.5186297342, "incomeTaxExpense": 97306000, "netIncome": 284392000, "netIncomeRatio": 0.3864158245, "eps": 2.14, "epsdiluted": 2.13, "weightedAverageShsOut": 133076489, "weightedAverageShsOutDil": 133387157, "link": "https://www.sec.gov/Archives/edgar/data/36377/000155837020001695/0001558370-20-001695-index.htm", "finalLink": "https://www.sec.gov/Archives/edgar/data/36377/000155837020001695/fhb-20191231x10k63b83d.htm", "calculatedOtherExpenses": 174268000, "calculatedOperatingExpenses": 354276000, "calculatedNetInterest": 573402000, "calculatedOtherIncome": -573402000, "calculatedIncomeNonControlling": 0, "calculatedEbitda": 449522000}, {"date": "2018-12-31", "symbol": "FHB", "reportedCurrency": "USD", "cik": "0000036377", "fillingDate": "2019-02-28", "acceptedDate": "2019-02-27 18:03:13", "calendarYear": "2018", "period": "FY", "revenue": 720451000, "costOfRevenue": 0, "grossProfit": 720451000, "grossProfitRatio": 1, "researchAndDevelopmentExpenses": 0, "generalAndAdministrativeExpenses": 167162000, "sellingAndMarketingExpenses": 4813000, "sellingGeneralAndAdministrativeExpenses": 171975000, "otherExpenses": -468732000, "operatingExpenses": -282540000, "costAndExpenses": -282540000, "interestIncome": 646051000, "interestExpense": 79733000, "depreciationAndAmortization": 54903000, "ebitda": 492814000, "ebitdaratio": 0.6840354167, "operatingIncome": 437911000, "operatingIncomeRatio": 0.6078289849, "totalOtherIncomeExpensesNet": -79733000, "incomeBeforeTax": 358178000, "incomeBeforeTaxRatio": 0.4971580302, "incomeTaxExpense": 93784000, "netIncome": 264394000, "netIncomeRatio": 0.3669840142, "eps": 1.93, "epsdiluted": 1.93, "weightedAverageShsOut": 136945134, "weightedAverageShsOutDil": 137111420, "link": "https://www.sec.gov/Archives/edgar/data/36377/000155837019001219/0001558370-19-001219-index.htm", "finalLink": "https://www.sec.gov/Archives/edgar/data/36377/000155837019001219/fhb-20181231x10k.htm", "calculatedOtherExpenses": 110565000, "calculatedOperatingExpenses": 282540000, "calculatedNetInterest": 566318000, "calculatedOtherIncome": -646051000, "calculatedIncomeNonControlling": 0, "calculatedEbitda": 492814000}, {"date": "2017-12-31", "symbol": "FHB", "reportedCurrency": "USD", "cik": "0000036377", "fillingDate": "2018-02-28", "acceptedDate": "2018-02-28 17:19:02", "calendarYear": "2017", "period": "FY", "revenue": 711046000, "costOfRevenue": 0, "grossProfit": 711046000, "grossProfitRatio": 1, "researchAndDevelopmentExpenses": 0, "generalAndAdministrativeExpenses": 175351000, "sellingAndMarketingExpenses": 6191000, "sellingGeneralAndAdministrativeExpenses": 181542000, "otherExpenses": -135439000, "operatingExpenses": 135439000, "costAndExpenses": 400242000, "interestIncome": 570768000, "interestExpense": 41964000, "depreciationAndAmortization": 62019000, "ebitda": 430374000, "ebitdaratio": 0.6052688574, "operatingIncome": 368355000, "operatingIncomeRatio": 0.5180466524, "totalOtherIncomeExpensesNet": 368355000, "incomeBeforeTax": 368355000, "incomeBeforeTaxRatio": 0.5180466524, "incomeTaxExpense": 184673000, "netIncome": 183682000, "netIncomeRatio": 0.2583264655, "eps": 1.32, "epsdiluted": 1.32, "weightedAverageShsOut": 139560305, "weightedAverageShsOutDil": 139656993, "link": "https://www.sec.gov/Archives/edgar/data/36377/000155837018001304/0001558370-18-001304-index.htm", "finalLink": "https://www.sec.gov/Archives/edgar/data/36377/000155837018001304/fhb-20171231x10k.htm", "calculatedOtherExpenses": 161149000, "calculatedOperatingExpenses": 342691000, "calculatedNetInterest": 528804000, "calculatedOtherIncome": -528804000, "calculatedIncomeNonControlling": 0, "calculatedEbitda": 430374000}, {"date": "2016-12-31", "symbol": "FHB", "reportedCurrency": "USD", "cik": "0000036377", "fillingDate": "2017-03-15", "acceptedDate": "2017-03-15 17:22:18", "calendarYear": "2016", "period": "FY", "revenue": 693760000, "costOfRevenue": 0, "grossProfit": 693760000, "grossProfitRatio": 1, "researchAndDevelopmentExpenses": 0, "generalAndAdministrativeExpenses": 169233000, "sellingAndMarketingExpenses": 6127000, "sellingGeneralAndAdministrativeExpenses": 175360000, "otherExpenses": -129529000, "operatingExpenses": 129529000, "costAndExpenses": 373345000, "interestIncome": 518520000, "interestExpense": 26848000, "depreciationAndAmortization": 52176000, "ebitda": 424005000, "ebitdaratio": 0.6111695687, "operatingIncome": 371829000, "operatingIncomeRatio": 0.5359620042, "totalOtherIncomeExpensesNet": 371829000, "incomeBeforeTax": 371829000, "incomeBeforeTaxRatio": 0.5359620042, "incomeTaxExpense": 141651000, "netIncome": 230178000, "netIncomeRatio": 0.3317833256, "eps": 1.65, "epsdiluted": 1.65, "weightedAverageShsOut": 139487762, "weightedAverageShsOutDil": 139492608, "link": "https://www.sec.gov/Archives/edgar/data/36377/000155837017001852/0001558370-17-001852-index.htm", "finalLink": "https://www.sec.gov/Archives/edgar/data/36377/000155837017001852/fhb-20161231x10k.htm", "calculatedOtherExpenses": 146571000, "calculatedOperatingExpenses": 321931000, "calculatedNetInterest": 491672000, "calculatedOtherIncome": -491672000, "calculatedIncomeNonControlling": 0, "calculatedEbitda": 424005000}, {"date": "2015-12-31", "symbol": "FHB", "reportedCurrency": "USD", "cik": "0000036377", "fillingDate": "2015-12-31", "acceptedDate": "2015-12-30 19:00:00", "calendarYear": "2015", "period": "FY", "revenue": 655041000, "costOfRevenue": 0, "grossProfit": 655041000, "grossProfitRatio": 1, "researchAndDevelopmentExpenses": 0, "generalAndAdministrativeExpenses": 170233000, "sellingAndMarketingExpenses": 6446000, "sellingGeneralAndAdministrativeExpenses": 176679000, "otherExpenses": 0, "operatingExpenses": 327308999, "costAndExpenses": 327308999, "interestIncome": 483846000, "interestExpense": 22521000, "depreciationAndAmortization": 25675000, "ebitda": 368902000, "ebitdaratio": 0.5631739082, "operatingIncome": 343227000, "operatingIncomeRatio": 0.5239778884, "totalOtherIncomeExpensesNet": -9490000, "incomeBeforeTax": 343227000, "incomeBeforeTaxRatio": 0.5239778884, "incomeTaxExpense": 129447000, "netIncome": 213780000, "netIncomeRatio": 0.3263612507, "eps": 1.53, "epsdiluted": 1.53, "weightedAverageShsOut": 139459620, "weightedAverageShsOutDil": 139459620, "link": null, "finalLink": null, "calculatedOtherExpenses": 135135000, "calculatedOperatingExpenses": 311814000, "calculatedNetInterest": 461325000, "calculatedOtherIncome": -461325000, "calculatedIncomeNonControlling": 0, "calculatedEbitda": 368902000}, {"date": "2014-12-31", "symbol": "FHB", "reportedCurrency": "USD", "cik": "0000036377", "fillingDate": "2014-12-31", "acceptedDate": "2014-12-30 19:00:00", "calendarYear": "2014", "period": "FY", "revenue": 634734000, "costOfRevenue": 0, "grossProfit": 634734000, "grossProfitRatio": 1, "researchAndDevelopmentExpenses": 0, "generalAndAdministrativeExpenses": 157096000, "sellingAndMarketingExpenses": 5509000, "sellingGeneralAndAdministrativeExpenses": 162605000, "otherExpenses": 0, "operatingExpenses": 297690999, "costAndExpenses": 297690999, "interestIncome": 467283000, "interestExpense": 23485000, "depreciationAndAmortization": 25917000, "ebitda": 370161000, "ebitdaratio": 0.5831749993, "operatingIncome": 344244000, "operatingIncomeRatio": 0.5423437219, "totalOtherIncomeExpensesNet": -8320000, "incomeBeforeTax": 344244000, "incomeBeforeTaxRatio": 0.5423437219, "incomeTaxExpense": 127572000, "netIncome": 216672000, "netIncomeRatio": 0.3413587424, "eps": 1.55, "epsdiluted": 1.55, "weightedAverageShsOut": 139459620, "weightedAverageShsOutDil": 139459620, "link": null, "finalLink": null, "calculatedOtherExpenses": 127885000, "calculatedOperatingExpenses": 290490000, "calculatedNetInterest": 443798000, "calculatedOtherIncome": -443798000, "calculatedIncomeNonControlling": 0, "calculatedEbitda": 370161000}, {"date": "2013-12-31", "symbol": "FHB", "reportedCurrency": "USD", "cik": "0000036377", "fillingDate": "2013-12-31", "acceptedDate": "2013-12-30 19:00:00", "calendarYear": "2013", "period": "FY", "revenue": 647400000, "costOfRevenue": 28400000, "grossProfit": 619000000, "grossProfitRatio": 0.9561322212, "researchAndDevelopmentExpenses": 0, "generalAndAdministrativeExpenses": 302900000, "sellingAndMarketingExpenses": 0, "sellingGeneralAndAdministrativeExpenses": 302900000, "otherExpenses": 28400000, "operatingExpenses": 331300000, "costAndExpenses": 359700000, "interestIncome": 0, "interestExpense": 28400000, "depreciationAndAmortization": 28400000, "ebitda": 372900000, "ebitdaratio": 0.5759962929, "operatingIncome": 344500000, "operatingIncomeRatio": 0.5321285141, "totalOtherIncomeExpensesNet": 0, "incomeBeforeTax": 344500000, "incomeBeforeTaxRatio": 0.5321285141, "incomeTaxExpense": 130000000, "netIncome": 214500000, "netIncomeRatio": 0.3313253012, "eps": 1.54, "epsdiluted": 1.54, "weightedAverageShsOut": 139500000, "weightedAverageShsOutDil": 139500000, "link": "", "finalLink": "", "calculatedOtherExpenses": -28400000, "calculatedOperatingExpenses": 274500000, "calculatedNetInterest": -28400000, "calculatedOtherIncome": 28400000, "calculatedIncomeNonControlling": 0, "calculatedEbitda": 372900000}, {"date": "2012-12-31", "symbol": "FHB", "reportedCurrency": "USD", "cik": "0000036377", "fillingDate": "2012-12-31", "acceptedDate": "2012-12-30 19:00:00", "calendarYear": "2012", "period": "FY", "revenue": 660300000, "costOfRevenue": 32800000, "grossProfit": 627500000, "grossProfitRatio": 0.9503256096, "researchAndDevelopmentExpenses": 0, "generalAndAdministrativeExpenses": 330500000, "sellingAndMarketingExpenses": 0, "sellingGeneralAndAdministrativeExpenses": 330500000, "otherExpenses": 32800000, "operatingExpenses": 363300000, "costAndExpenses": 396100000, "interestIncome": 0, "interestExpense": 32800000, "depreciationAndAmortization": 32800000, "ebitda": 362600000, "ebitdaratio": 0.5491443283, "operatingIncome": 329800000, "operatingIncomeRatio": 0.4994699379, "totalOtherIncomeExpensesNet": 0, "incomeBeforeTax": 329800000, "incomeBeforeTaxRatio": 0.4994699379, "incomeTaxExpense": 118700000, "netIncome": 211100000, "netIncomeRatio": 0.3197031652, "eps": 1.68, "epsdiluted": 1.68, "weightedAverageShsOut": 125300000, "weightedAverageShsOutDil": 125300000, "link": "", "finalLink": "", "calculatedOtherExpenses": -32800000, "calculatedOperatingExpenses": 297700000, "calculatedNetInterest": -32800000, "calculatedOtherIncome": 32800000, "calculatedIncomeNonControlling": 0, "calculatedEbitda": 362600000}, {"date": "2011-12-31", "symbol": "FHB", "reportedCurrency": "USD", "cik": "0000036377", "fillingDate": "2011-12-31", "acceptedDate": "2011-12-30 19:00:00", "calendarYear": "2011", "period": "FY", "revenue": 664600000, "costOfRevenue": 40700000, "grossProfit": 623900000, "grossProfitRatio": 0.9387601565, "researchAndDevelopmentExpenses": 0, "generalAndAdministrativeExpenses": 348200000, "sellingAndMarketingExpenses": 0, "sellingGeneralAndAdministrativeExpenses": 348200000, "otherExpenses": 40700000, "operatingExpenses": 388900000, "costAndExpenses": 429600000, "interestIncome": 0, "interestExpense": 40700000, "depreciationAndAmortization": 40700000, "ebitda": 357100000, "ebitdaratio": 0.5373156786, "operatingIncome": 316400000, "operatingIncomeRatio": 0.4760758351, "totalOtherIncomeExpensesNet": 0, "incomeBeforeTax": 316400000, "incomeBeforeTaxRatio": 0.4760758351, "incomeTaxExpense": 116700000, "netIncome": 199700000, "netIncomeRatio": 0.3004814926, "eps": 1.8, "epsdiluted": 1.8, "weightedAverageShsOut": 110900000, "weightedAverageShsOutDil": 110900000, "link": "", "finalLink": "", "calculatedOtherExpenses": -40700000, "calculatedOperatingExpenses": 307500000, "calculatedNetInterest": -40700000, "calculatedOtherIncome": 40700000, "calculatedIncomeNonControlling": 0, "calculatedEbitda": 357100000}, {"date": "2005-12-31", "symbol": "FHB", "reportedCurrency": "USD", "cik": "0000036377", "fillingDate": "2006-03-29", "acceptedDate": "2006-03-29 14:23:45", "calendarYear": "2005", "period": "FY", "revenue": 2505175000, "costOfRevenue": 0, "grossProfit": 2505175000, "grossProfitRatio": 1, "researchAndDevelopmentExpenses": 0, "generalAndAdministrativeExpenses": 0, "sellingAndMarketingExpenses": 28828000, "sellingGeneralAndAdministrativeExpenses": 28828000, "otherExpenses": 2482884000, "operatingExpenses": 2482884000, "costAndExpenses": 2482884000, "interestIncome": 533748000, "interestExpense": -880120000, "depreciationAndAmortization": 128143000, "ebitda": 185516000, "ebitdaratio": 0.0740531101, "operatingIncome": 22291000, "operatingIncomeRatio": 0.0088979812, "totalOtherIncomeExpensesNet": 915202000, "incomeBeforeTax": 937493000, "incomeBeforeTaxRatio": 0.3742225593, "incomeTaxExpense": 347080000, "netIncome": 590413000, "netIncomeRatio": 0.2356773479, "eps": 4.58, "epsdiluted": 4.58, "weightedAverageShsOut": 128818996, "weightedAverageShsOutDil": 128818996, "link": "https://www.sec.gov/Archives/edgar/data/36377/000095013406006129/0000950134-06-006129-index.htm", "finalLink": "https://www.sec.gov/Archives/edgar/data/36377/000095013406006129/f18988e10vk.htm", "calculatedOtherExpenses": 2454056000, "calculatedOperatingExpenses": 2482884000, "calculatedNetInterest": 1413868000, "calculatedOtherIncome": -498666000, "calculatedIncomeNonControlling": 0, "calculatedEbitda": 150434000}, {"date": "2004-12-31", "symbol": "FHB", "reportedCurrency": "USD", "cik": "0000036377", "fillingDate": "2005-03-25", "acceptedDate": "2005-03-25 16:43:09", "calendarYear": "2004", "period": "FY", "revenue": 1783800000, "costOfRevenue": 442800000, "grossProfit": 1341000000, "grossProfitRatio": 0.751765893, "researchAndDevelopmentExpenses": 0, "generalAndAdministrativeExpenses": 1011700000, "sellingAndMarketingExpenses": 26717000, "sellingGeneralAndAdministrativeExpenses": 1011700000, "otherExpenses": 442800000, "operatingExpenses": 1454500000, "costAndExpenses": 1897300000, "interestIncome": 431500000, "interestExpense": 442800000, "depreciationAndAmortization": 94800000, "ebitda": 1309700000, "ebitdaratio": 0.7342190829, "operatingIncome": 772100000, "operatingIncomeRatio": 0.4328400045, "totalOtherIncomeExpensesNet": 754978000, "incomeBeforeTax": 772100000, "incomeBeforeTaxRatio": 0.4328400045, "incomeTaxExpense": 298700000, "netIncome": 473400000, "netIncomeRatio": 0.2653884965, "eps": 3.67, "epsdiluted": 3.67, "weightedAverageShsOut": 128818996, "weightedAverageShsOutDil": 128818996, "link": "https://www.sec.gov/Archives/edgar/data/36377/000095013405006030/0000950134-05-006030-index.htm", "finalLink": "https://www.sec.gov/Archives/edgar/data/36377/000095013405006030/f07054e10vk.htm", "calculatedOtherExpenses": -442800000, "calculatedOperatingExpenses": 568900000, "calculatedNetInterest": -11300000, "calculatedOtherIncome": 11300000, "calculatedIncomeNonControlling": 0, "calculatedEbitda": 866900000}, {"date": "2003-12-31", "symbol": "FHB", "reportedCurrency": "USD", "cik": "0000036377", "fillingDate": "2004-03-29", "acceptedDate": "2004-03-29 15:07:19", "calendarYear": "2003", "period": "FY", "revenue": 1685800000, "costOfRevenue": 385200000, "grossProfit": 1300600000, "grossProfitRatio": 0.7715031439, "researchAndDevelopmentExpenses": 0, "generalAndAdministrativeExpenses": 974100000, "sellingAndMarketingExpenses": 0, "sellingGeneralAndAdministrativeExpenses": 974100000, "otherExpenses": 385200000, "operatingExpenses": 1359300000, "costAndExpenses": 1744500000, "interestIncome": 387324000, "interestExpense": 385200000, "depreciationAndAmortization": 64400000, "ebitda": 1158900000, "ebitdaratio": 0.6874480959, "operatingIncome": 711600000, "operatingIncomeRatio": 0.4221141298, "totalOtherIncomeExpensesNet": 0, "incomeBeforeTax": 711600000, "incomeBeforeTaxRatio": 0.4221141298, "incomeTaxExpense": 272700000, "netIncome": 436600000, "netIncomeRatio": 0.2589868312, "eps": 3.39, "epsdiluted": 3.39, "weightedAverageShsOut": 128818996, "weightedAverageShsOutDil": 128818996, "link": "https://www.sec.gov/Archives/edgar/data/36377/000095012904001614/0000950129-04-001614-index.htm", "finalLink": "https://www.sec.gov/Archives/edgar/data/36377/000095012904001614/a97452e10vk.htm", "calculatedOtherExpenses": -385100000, "calculatedOperatingExpenses": 589000000, "calculatedNetInterest": 2124000, "calculatedOtherIncome": -2124000, "calculatedIncomeNonControlling": 2300000, "calculatedEbitda": 776000000}, {"date": "2002-12-31", "symbol": "FHB", "reportedCurrency": "USD", "cik": "0000036377", "fillingDate": "2003-04-15", "acceptedDate": "2003-04-15 17:25:46", "calendarYear": "2002", "period": "FY", "revenue": 1526800000, "costOfRevenue": 465300000, "grossProfit": 1061500000, "grossProfitRatio": 0.6952449568, "researchAndDevelopmentExpenses": 0, "generalAndAdministrativeExpenses": 931500000, "sellingAndMarketingExpenses": 0, "sellingGeneralAndAdministrativeExpenses": 931500000, "otherExpenses": 465300000, "operatingExpenses": 1396800000, "costAndExpenses": 1862100000, "interestIncome": 332364000, "interestExpense": 465300000, "depreciationAndAmortization": 68000000, "ebitda": 1128600000, "ebitdaratio": 0.7391930836, "operatingIncome": 595300000, "operatingIncomeRatio": 0.3899004454, "totalOtherIncomeExpensesNet": 0, "incomeBeforeTax": 595300000, "incomeBeforeTaxRatio": 0.3899004454, "incomeTaxExpense": 234000000, "netIncome": 361300000, "netIncomeRatio": 0.2366387215, "eps": 2.8, "epsdiluted": 2.8, "weightedAverageShsOut": 128818996, "weightedAverageShsOutDil": 128818996, "link": "https://www.sec.gov/Archives/edgar/data/36377/000095015003000429/0000950150-03-000429-index.htm", "finalLink": "https://www.sec.gov/Archives/edgar/data/36377/000095015003000429/a88529e10vk.htm", "calculatedOtherExpenses": -465300000, "calculatedOperatingExpenses": 466200000, "calculatedNetInterest": -132936000, "calculatedOtherIncome": 132936000, "calculatedIncomeNonControlling": 0, "calculatedEbitda": 663300000}, {"date": "2001-12-31", "symbol": "FHB", "reportedCurrency": "USD", "cik": "0000036377", "fillingDate": "2002-03-29", "acceptedDate": "2002-03-29 00:00:00", "calendarYear": "2001", "period": "FY", "revenue": 32700000, "costOfRevenue": 15000000, "grossProfit": 17700000, "grossProfitRatio": 0.5412844037, "researchAndDevelopmentExpenses": 0, "generalAndAdministrativeExpenses": 19700000, "sellingAndMarketingExpenses": 0, "sellingGeneralAndAdministrativeExpenses": 19700000, "otherExpenses": 15000000, "operatingExpenses": 34700000, "costAndExpenses": 49700000, "interestIncome": 216076000, "interestExpense": 15000000, "depreciationAndAmortization": 1000000, "ebitda": 29000000, "ebitdaratio": 0.8868501529, "operatingIncome": 13000000, "operatingIncomeRatio": 0.3975535168, "totalOtherIncomeExpensesNet": 0, "incomeBeforeTax": 13000000, "incomeBeforeTaxRatio": 0.3975535168, "incomeTaxExpense": 4700000, "netIncome": 8300000, "netIncomeRatio": 0.25382263, "eps": 0.0644, "epsdiluted": 0.0644, "weightedAverageShsOut": 128818996, "weightedAverageShsOutDil": 128818996, "link": "https://www.sec.gov/Archives/edgar/data/36377/000095015002000300/0000950150-02-000300-index.htm", "finalLink": "https://www.sec.gov/Archives/edgar/data/36377/000095015002000300/a80257e10-k.htm", "calculatedOtherExpenses": -15000000, "calculatedOperatingExpenses": 4700000, "calculatedNetInterest": 201076000, "calculatedOtherIncome": -201076000, "calculatedIncomeNonControlling": 0, "calculatedEbitda": 14000000}, {"date": "2000-12-31", "symbol": "FHB", "reportedCurrency": "USD", "cik": "0000036377", "fillingDate": "2001-03-02", "acceptedDate": "2001-03-02 00:00:00", "calendarYear": "2000", "period": "FY", "revenue": 963000000, "costOfRevenue": 562900000, "grossProfit": 400100000, "grossProfitRatio": 0.4154724818, "researchAndDevelopmentExpenses": 0, "generalAndAdministrativeExpenses": 594400000, "sellingAndMarketingExpenses": 0, "sellingGeneralAndAdministrativeExpenses": 594400000, "otherExpenses": 562900000, "operatingExpenses": 1157300000, "costAndExpenses": 1720200000, "interestIncome": 0, "interestExpense": 562900000, "depreciationAndAmortization": 70100000, "ebitda": 1001600000, "ebitdaratio": 1.0400830737, "operatingIncome": 368600000, "operatingIncomeRatio": 0.3827622015, "totalOtherIncomeExpensesNet": 0, "incomeBeforeTax": 368600000, "incomeBeforeTaxRatio": 0.3827622015, "incomeTaxExpense": 152200000, "netIncome": 216400000, "netIncomeRatio": 0.2247144341, "eps": 1.68, "epsdiluted": 1.68, "weightedAverageShsOut": 128818996, "weightedAverageShsOutDil": 128818996, "link": "https://www.sec.gov/Archives/edgar/data/36377/000095015001500078/0000950150-01-500078-index.htm", "finalLink": "https://www.sec.gov/Archives/edgar/data/36377/000095015001500078/a69915e10-k.txt", "calculatedOtherExpenses": -562900000, "calculatedOperatingExpenses": 31500000, "calculatedNetInterest": -562900000, "calculatedOtherIncome": 562900000, "calculatedIncomeNonControlling": 0, "calculatedEbitda": 438700000}]}