{"originalCurrency": "USD", "convertedCurrency": "USD", "report": [{"date": "2023-12-31", "symbol": "FHI", "reportedCurrency": "USD", "cik": "0001056288", "fillingDate": "2024-02-23", "acceptedDate": "2024-02-23 16:15:52", "calendarYear": "2023", "period": "FY", "revenue": 1609332000, "costOfRevenue": 398068000, "grossProfit": 1211264000, "grossProfitRatio": 0.7526501679, "researchAndDevelopmentExpenses": 0, "generalAndAdministrativeExpenses": 198786000, "sellingAndMarketingExpenses": 394190000, "sellingGeneralAndAdministrativeExpenses": 592976000, "otherExpenses": -810534000, "operatingExpenses": 810534000, "costAndExpenses": 1208602000, "interestIncome": 22559000, "interestExpense": 12519000, "depreciationAndAmortization": 26870000, "ebitda": 427600000, "ebitdaratio": 0.265700303, "operatingIncome": 400730000, "operatingIncomeRatio": 0.2490039346, "totalOtherIncomeExpensesNet": 10602000, "incomeBeforeTax": 411332000, "incomeBeforeTaxRatio": 0.2555917611, "incomeTaxExpense": 106551000, "netIncome": 298980000, "netIncomeRatio": 0.1857789443, "eps": 3.4, "epsdiluted": 3.4, "weightedAverageShsOut": 83858000, "weightedAverageShsOutDil": 83858000, "link": "https://www.sec.gov/Archives/edgar/data/1056288/000105628824000006/0001056288-24-000006-index.htm", "finalLink": "https://www.sec.gov/Archives/edgar/data/1056288/000105628824000006/fhi-20231231.htm", "calculatedOtherExpenses": 217558000, "calculatedOperatingExpenses": 810534000, "calculatedNetInterest": 10040000, "calculatedOtherIncome": 562000, "calculatedIncomeNonControlling": 5801000, "calculatedEbitda": 427600000}, {"date": "2022-12-31", "symbol": "FHI", "reportedCurrency": "USD", "cik": "0001056288", "fillingDate": "2023-02-24", "acceptedDate": "2023-02-24 17:28:22", "calendarYear": "2022", "period": "FY", "revenue": 1445814000, "costOfRevenue": 512713000, "grossProfit": 933101000, "grossProfitRatio": 0.6453810794, "researchAndDevelopmentExpenses": 0, "generalAndAdministrativeExpenses": 178891000, "sellingAndMarketingExpenses": 335485000, "sellingGeneralAndAdministrativeExpenses": 514376000, "otherExpenses": 81929000, "operatingExpenses": 596305000, "costAndExpenses": 1109018000, "interestIncome": 8973000, "interestExpense": 11073000, "depreciationAndAmortization": 222000, "ebitda": 337018000, "ebitdaratio": 0.23309914, "operatingIncome": 336796000, "operatingIncomeRatio": 0.2329455933, "totalOtherIncomeExpensesNet": -30574000, "incomeBeforeTax": 306222000, "incomeBeforeTaxRatio": 0.2117990281, "incomeTaxExpense": 71658000, "netIncome": 239496000, "netIncomeRatio": 0.1656478634, "eps": 2.65, "epsdiluted": 2.65, "weightedAverageShsOut": 85762000, "weightedAverageShsOutDil": 85762000, "link": "https://www.sec.gov/Archives/edgar/data/1056288/000105628823000006/0001056288-23-000006-index.htm", "finalLink": "https://www.sec.gov/Archives/edgar/data/1056288/000105628823000006/fhi-20221231.htm", "calculatedOtherExpenses": 81929000, "calculatedOperatingExpenses": 596305000, "calculatedNetInterest": -2100000, "calculatedOtherIncome": -28474000, "calculatedIncomeNonControlling": -4932000, "calculatedEbitda": 337018000}, {"date": "2021-12-31", "symbol": "FHI", "reportedCurrency": "USD", "cik": "0001056288", "fillingDate": "2022-02-25", "acceptedDate": "2022-02-25 16:16:53", "calendarYear": "2021", "period": "FY", "revenue": 1300447000, "costOfRevenue": 532492000, "grossProfit": 767955000, "grossProfitRatio": 0.5905315634, "researchAndDevelopmentExpenses": 0, "generalAndAdministrativeExpenses": 185670000, "sellingAndMarketingExpenses": 182484000, "sellingGeneralAndAdministrativeExpenses": 368154000, "otherExpenses": 33529000, "operatingExpenses": 401683000, "costAndExpenses": 934175000, "interestIncome": 3171000, "interestExpense": 1785000, "depreciationAndAmortization": -12703000, "ebitda": 353569000, "ebitdaratio": 0.271882668, "operatingIncome": 366272000, "operatingIncomeRatio": 0.2816508477, "totalOtherIncomeExpensesNet": 10018000, "incomeBeforeTax": 376290000, "incomeBeforeTaxRatio": 0.2893543528, "incomeTaxExpense": 103982000, "netIncome": 270293000, "netIncomeRatio": 0.2078462252, "eps": 2.77, "epsdiluted": 2.75, "weightedAverageShsOut": 93597000, "weightedAverageShsOutDil": 93597000, "link": "https://www.sec.gov/Archives/edgar/data/1056288/000105628822000010/0001056288-22-000010-index.htm", "finalLink": "https://www.sec.gov/Archives/edgar/data/1056288/000105628822000010/fhi-20211231.htm", "calculatedOtherExpenses": 33529000, "calculatedOperatingExpenses": 401683000, "calculatedNetInterest": 1386000, "calculatedOtherIncome": 8632000, "calculatedIncomeNonControlling": 2015000, "calculatedEbitda": 353569000}, {"date": "2020-12-31", "symbol": "FHI", "reportedCurrency": "USD", "cik": "0001056288", "fillingDate": "2021-02-26", "acceptedDate": "2021-02-26 16:35:29", "calendarYear": "2020", "period": "FY", "revenue": 1448268000, "costOfRevenue": 503400000, "grossProfit": 944868000, "grossProfitRatio": 0.6524123988, "researchAndDevelopmentExpenses": 0, "generalAndAdministrativeExpenses": 163362000, "sellingAndMarketingExpenses": 334177000, "sellingGeneralAndAdministrativeExpenses": 497539000, "otherExpenses": 29178000, "operatingExpenses": 526717000, "costAndExpenses": 1030117000, "interestIncome": 4119000, "interestExpense": 2678000, "depreciationAndAmortization": -22186000, "ebitda": 395965000, "ebitdaratio": 0.273405889, "operatingIncome": 418151000, "operatingIncomeRatio": 0.2887248769, "totalOtherIncomeExpensesNet": 27906000, "incomeBeforeTax": 446057000, "incomeBeforeTaxRatio": 0.3079934101, "incomeTaxExpense": 110035000, "netIncome": 326364000, "netIncomeRatio": 0.2253477947, "eps": 3.25, "epsdiluted": 3.23, "weightedAverageShsOut": 96419000, "weightedAverageShsOutDil": 96419000, "link": "https://www.sec.gov/Archives/edgar/data/1056288/000105628821000008/0001056288-21-000008-index.htm", "finalLink": "https://www.sec.gov/Archives/edgar/data/1056288/000105628821000008/fhi-20201231.htm", "calculatedOtherExpenses": 29178000, "calculatedOperatingExpenses": 526717000, "calculatedNetInterest": 1441000, "calculatedOtherIncome": 26465000, "calculatedIncomeNonControlling": 9658000, "calculatedEbitda": 395965000}, {"date": "2019-12-31", "symbol": "FHI", "reportedCurrency": "USD", "cik": "0001056288", "fillingDate": "2020-02-21", "acceptedDate": "2020-02-21 16:07:15", "calendarYear": "2019", "period": "FY", "revenue": 1326894000, "costOfRevenue": 442147000, "grossProfit": 884747000, "grossProfitRatio": 0.6667804663, "researchAndDevelopmentExpenses": 0, "generalAndAdministrativeExpenses": 158273000, "sellingAndMarketingExpenses": 358437000, "sellingGeneralAndAdministrativeExpenses": 516710000, "otherExpenses": 20110000, "operatingExpenses": 536820000, "costAndExpenses": 978967000, "interestIncome": 4450000, "interestExpense": 5037000, "depreciationAndAmortization": -9416000, "ebitda": 338511000, "ebitdaratio": 0.2551153295, "operatingIncome": 347927000, "operatingIncomeRatio": 0.2622116009, "totalOtherIncomeExpensesNet": 17344000, "incomeBeforeTax": 365271000, "incomeBeforeTaxRatio": 0.2752827279, "incomeTaxExpense": 88146000, "netIncome": 272339000, "netIncomeRatio": 0.2052454831, "eps": 2.69, "epsdiluted": 2.69, "weightedAverageShsOut": 97259000, "weightedAverageShsOutDil": 97259000, "link": "https://www.sec.gov/Archives/edgar/data/1056288/000105628820000015/0001056288-20-000015-index.htm", "finalLink": "https://www.sec.gov/Archives/edgar/data/1056288/000105628820000015/fii-10kfy2019.htm", "calculatedOtherExpenses": 20110000, "calculatedOperatingExpenses": 536820000, "calculatedNetInterest": -587000, "calculatedOtherIncome": 17931000, "calculatedIncomeNonControlling": 4786000, "calculatedEbitda": 338511000}, {"date": "2018-12-31", "symbol": "FHI", "reportedCurrency": "USD", "cik": "0001056288", "fillingDate": "2019-02-22", "acceptedDate": "2019-02-22 16:44:02", "calendarYear": "2018", "period": "FY", "revenue": 1135677000, "costOfRevenue": 354765000, "grossProfit": 780912000, "grossProfitRatio": 0.6876180463, "researchAndDevelopmentExpenses": 0, "generalAndAdministrativeExpenses": 133044000, "sellingAndMarketingExpenses": 303721000, "sellingGeneralAndAdministrativeExpenses": 436765000, "otherExpenses": -35734000, "operatingExpenses": 450632000, "costAndExpenses": 805397000, "interestIncome": 0, "interestExpense": 5885000, "depreciationAndAmortization": 17087000, "ebitda": 328652000, "ebitdaratio": 0.2893886202, "operatingIncome": 330280000, "operatingIncomeRatio": 0.2908221264, "totalOtherIncomeExpensesNet": -34106000, "incomeBeforeTax": 296174000, "incomeBeforeTaxRatio": 0.2607907002, "incomeTaxExpense": 73875000, "netIncome": 220297000, "netIncomeRatio": 0.1939785696, "eps": 2.27, "epsdiluted": 2.27, "weightedAverageShsOut": 96949000, "weightedAverageShsOutDil": 96949000, "link": "https://www.sec.gov/Archives/edgar/data/1056288/000105628819000004/0001056288-19-000004-index.htm", "finalLink": "https://www.sec.gov/Archives/edgar/data/1056288/000105628819000004/fii-10kfy2018.htm", "calculatedOtherExpenses": 13867000, "calculatedOperatingExpenses": 450632000, "calculatedNetInterest": -5885000, "calculatedOtherIncome": -28221000, "calculatedIncomeNonControlling": 2002000, "calculatedEbitda": 347367000}, {"date": "2017-12-31", "symbol": "FHI", "reportedCurrency": "USD", "cik": "0001056288", "fillingDate": "2018-02-23", "acceptedDate": "2018-02-23 16:21:06", "calendarYear": "2017", "period": "FY", "revenue": 1102924000, "costOfRevenue": 289215000, "grossProfit": 813709000, "grossProfitRatio": 0.7377743163, "researchAndDevelopmentExpenses": 0, "generalAndAdministrativeExpenses": 102939000, "sellingAndMarketingExpenses": 353945000, "sellingGeneralAndAdministrativeExpenses": 456884000, "otherExpenses": -4814000, "operatingExpenses": 472201000, "costAndExpenses": 761416000, "interestIncome": 0, "interestExpense": 4772000, "depreciationAndAmortization": 10637000, "ebitda": 326200000, "ebitdaratio": 0.2957592726, "operatingIncome": 341508000, "operatingIncomeRatio": 0.3096387421, "totalOtherIncomeExpensesNet": 10494000, "incomeBeforeTax": 352002000, "incomeBeforeTaxRatio": 0.3191534503, "incomeTaxExpense": 57101000, "netIncome": 291341000, "netIncomeRatio": 0.2641532871, "eps": 2.87, "epsdiluted": 2.87, "weightedAverageShsOut": 97411000, "weightedAverageShsOutDil": 97412000, "link": "https://www.sec.gov/Archives/edgar/data/1056288/000105628818000004/0001056288-18-000004-index.htm", "finalLink": "https://www.sec.gov/Archives/edgar/data/1056288/000105628818000004/fii-10kfy2017.htm", "calculatedOtherExpenses": 15317000, "calculatedOperatingExpenses": 472201000, "calculatedNetInterest": -4772000, "calculatedOtherIncome": 15266000, "calculatedIncomeNonControlling": 3560000, "calculatedEbitda": 352145000}, {"date": "2016-12-31", "symbol": "FHI", "reportedCurrency": "USD", "cik": "0001056288", "fillingDate": "2017-02-24", "acceptedDate": "2017-02-24 16:18:40", "calendarYear": "2016", "period": "FY", "revenue": 1143371000, "costOfRevenue": 296466000, "grossProfit": 846905000, "grossProfitRatio": 0.7407088338, "researchAndDevelopmentExpenses": 0, "generalAndAdministrativeExpenses": 99325000, "sellingAndMarketingExpenses": 398170000, "sellingGeneralAndAdministrativeExpenses": 497495000, "otherExpenses": -4113000, "operatingExpenses": 511222000, "costAndExpenses": 807688000, "interestIncome": 0, "interestExpense": 4173000, "depreciationAndAmortization": 9578000, "ebitda": 326319000, "ebitdaratio": 0.2854008017, "operatingIncome": 335683000, "operatingIncomeRatio": 0.2935906193, "totalOtherIncomeExpensesNet": 5251000, "incomeBeforeTax": 340934000, "incomeBeforeTaxRatio": 0.2981831794, "incomeTaxExpense": 119420000, "netIncome": 208919000, "netIncomeRatio": 0.1827219686, "eps": 2.03, "epsdiluted": 2.03, "weightedAverageShsOut": 99116000, "weightedAverageShsOutDil": 99117000, "link": "https://www.sec.gov/Archives/edgar/data/1056288/000105628817000009/0001056288-17-000009-index.htm", "finalLink": "https://www.sec.gov/Archives/edgar/data/1056288/000105628817000009/fii-10kfy2016.htm", "calculatedOtherExpenses": 13727000, "calculatedOperatingExpenses": 511222000, "calculatedNetInterest": -4173000, "calculatedOtherIncome": 9424000, "calculatedIncomeNonControlling": 12595000, "calculatedEbitda": 345261000}, {"date": "2015-12-31", "symbol": "FHI", "reportedCurrency": "USD", "cik": "0001056288", "fillingDate": "2016-02-22", "acceptedDate": "2016-02-19 18:29:44", "calendarYear": "2015", "period": "FY", "revenue": 926609000, "costOfRevenue": 286932000, "grossProfit": 639677000, "grossProfitRatio": 0.690341881, "researchAndDevelopmentExpenses": 0, "generalAndAdministrativeExpenses": 96834000, "sellingAndMarketingExpenses": 246375000, "sellingGeneralAndAdministrativeExpenses": 343209000, "otherExpenses": -4332000, "operatingExpenses": 360231000, "costAndExpenses": 647163000, "interestIncome": 0, "interestExpense": 4299000, "depreciationAndAmortization": 9535000, "ebitda": 279654000, "ebitdaratio": 0.3018036734, "operatingIncome": 279446000, "operatingIncomeRatio": 0.301579199, "totalOtherIncomeExpensesNet": -4540000, "incomeBeforeTax": 274906000, "incomeBeforeTaxRatio": 0.2966796135, "incomeTaxExpense": 102920000, "netIncome": 169807000, "netIncomeRatio": 0.1832563681, "eps": 1.62, "epsdiluted": 1.62, "weightedAverageShsOut": 100475000, "weightedAverageShsOutDil": 100477000, "link": "https://www.sec.gov/Archives/edgar/data/1056288/000105628816000025/0001056288-16-000025-index.htm", "finalLink": "https://www.sec.gov/Archives/edgar/data/1056288/000105628816000025/fii-10kfy2015.htm", "calculatedOtherExpenses": 17022000, "calculatedOperatingExpenses": 360231000, "calculatedNetInterest": -4299000, "calculatedOtherIncome": -241000, "calculatedIncomeNonControlling": 2179000, "calculatedEbitda": 288981000}, {"date": "2014-12-31", "symbol": "FHI", "reportedCurrency": "USD", "cik": "0001056288", "fillingDate": "2015-02-20", "acceptedDate": "2015-02-20 16:06:09", "calendarYear": "2014", "period": "FY", "revenue": 859250000, "costOfRevenue": 285337000, "grossProfit": 573913000, "grossProfitRatio": 0.6679231888, "researchAndDevelopmentExpenses": 0, "generalAndAdministrativeExpenses": 99197000, "sellingAndMarketingExpenses": 211273000, "sellingGeneralAndAdministrativeExpenses": 310470000, "otherExpenses": -9640000, "operatingExpenses": 335964000, "costAndExpenses": 621301000, "interestIncome": 0, "interestExpense": 9611000, "depreciationAndAmortization": 10704000, "ebitda": 226906000, "ebitdaratio": 0.2640744836, "operatingIncome": 237949000, "operatingIncomeRatio": 0.2769263893, "totalOtherIncomeExpensesNet": 1403000, "incomeBeforeTax": 239352000, "incomeBeforeTaxRatio": 0.2785592086, "incomeTaxExpense": 89530000, "netIncome": 149236000, "netIncomeRatio": 0.1736816992, "eps": 1.42, "epsdiluted": 1.42, "weightedAverageShsOut": 100721000, "weightedAverageShsOutDil": 100723000, "link": "https://www.sec.gov/Archives/edgar/data/1056288/000105628815000005/0001056288-15-000005-index.htm", "finalLink": "https://www.sec.gov/Archives/edgar/data/1056288/000105628815000005/fii-annualreport10kfy2014.htm", "calculatedOtherExpenses": 25494000, "calculatedOperatingExpenses": 335964000, "calculatedNetInterest": -9611000, "calculatedOtherIncome": 11014000, "calculatedIncomeNonControlling": 586000, "calculatedEbitda": 248653000}, {"date": "2013-12-31", "symbol": "FHI", "reportedCurrency": "USD", "cik": "0001056288", "fillingDate": "2014-02-21", "acceptedDate": "2014-02-21 16:06:54", "calendarYear": "2013", "period": "FY", "revenue": 878365000, "costOfRevenue": 269138000, "grossProfit": 609227000, "grossProfitRatio": 0.6935920716, "researchAndDevelopmentExpenses": 0, "generalAndAdministrativeExpenses": 102855000, "sellingAndMarketingExpenses": 227995000, "sellingGeneralAndAdministrativeExpenses": 330850000, "otherExpenses": -16304000, "operatingExpenses": 357484000, "costAndExpenses": 626622000, "interestIncome": 0, "interestExpense": 12464000, "depreciationAndAmortization": 1597000, "ebitda": 229764000, "ebitdaratio": 0.261581461, "operatingIncome": 251743000, "operatingIncomeRatio": 0.2866040883, "totalOtherIncomeExpensesNet": 7272000, "incomeBeforeTax": 259015000, "incomeBeforeTaxRatio": 0.2948831067, "incomeTaxExpense": 92660000, "netIncome": 162177000, "netIncomeRatio": 0.1846350891, "eps": 1.55, "epsdiluted": 1.55, "weightedAverageShsOut": 100668000, "weightedAverageShsOutDil": 100669000, "link": "https://www.sec.gov/Archives/edgar/data/1056288/000105628814000005/0001056288-14-000005-index.htm", "finalLink": "https://www.sec.gov/Archives/edgar/data/1056288/000105628814000005/fii-10kfy2013.htm", "calculatedOtherExpenses": 26634000, "calculatedOperatingExpenses": 357484000, "calculatedNetInterest": -12464000, "calculatedOtherIncome": 19736000, "calculatedIncomeNonControlling": 4178000, "calculatedEbitda": 253340000}, {"date": "2012-12-31", "symbol": "FHI", "reportedCurrency": "USD", "cik": "0001056288", "fillingDate": "2013-02-22", "acceptedDate": "2013-02-22 17:23:53", "calendarYear": "2012", "period": "FY", "revenue": 945706000, "costOfRevenue": 257622000, "grossProfit": 688084000, "grossProfitRatio": 0.7275876435, "researchAndDevelopmentExpenses": 0, "generalAndAdministrativeExpenses": 82307000, "sellingAndMarketingExpenses": 266858000, "sellingGeneralAndAdministrativeExpenses": 349165000, "otherExpenses": -17749000, "operatingExpenses": 375491000, "costAndExpenses": 633113000, "interestIncome": 0, "interestExpense": 14441000, "depreciationAndAmortization": 2593000, "ebitda": 301519000, "ebitdaratio": 0.3188295305, "operatingIncome": 312593000, "operatingIncomeRatio": 0.3305393008, "totalOtherIncomeExpensesNet": -4082000, "incomeBeforeTax": 308511000, "incomeBeforeTaxRatio": 0.3262229488, "incomeTaxExpense": 110883000, "netIncome": 188088000, "netIncomeRatio": 0.1988863347, "eps": 1.79, "epsdiluted": 1.79, "weightedAverageShsOut": 100313000, "weightedAverageShsOutDil": 100313000, "link": "https://www.sec.gov/Archives/edgar/data/1056288/000105628813000008/0001056288-13-000008-index.htm", "finalLink": "https://www.sec.gov/Archives/edgar/data/1056288/000105628813000008/fii-10kfy2012.htm", "calculatedOtherExpenses": 26326000, "calculatedOperatingExpenses": 375491000, "calculatedNetInterest": -14441000, "calculatedOtherIncome": 10359000, "calculatedIncomeNonControlling": 9540000, "calculatedEbitda": 315186000}, {"date": "2011-12-31", "symbol": "FHI", "reportedCurrency": "USD", "cik": "0001056288", "fillingDate": "2012-02-24", "acceptedDate": "2012-02-24 13:46:01", "calendarYear": "2011", "period": "FY", "revenue": 895114000, "costOfRevenue": 0, "grossProfit": 895114000, "grossProfitRatio": 1, "researchAndDevelopmentExpenses": 0, "generalAndAdministrativeExpenses": 373283000, "sellingAndMarketingExpenses": 249083000, "sellingGeneralAndAdministrativeExpenses": 622366000, "otherExpenses": -1275286000, "operatingExpenses": -652920000, "costAndExpenses": 648743000, "interestIncome": 0, "interestExpense": 0, "depreciationAndAmortization": 14400000, "ebitda": 256594000, "ebitdaratio": 0.2866606935, "operatingIncome": 242194000, "operatingIncomeRatio": 0.2705733571, "totalOtherIncomeExpensesNet": 3033000, "incomeBeforeTax": 246371000, "incomeBeforeTaxRatio": 0.2752398019, "incomeTaxExpense": 91288000, "netIncome": 150906000, "netIncomeRatio": 0.168588582, "eps": 1.45, "epsdiluted": 1.45, "weightedAverageShsOut": 100609000, "weightedAverageShsOutDil": 100632000, "link": "https://www.sec.gov/Archives/edgar/data/1056288/000105628812000004/0001056288-12-000004-index.htm", "finalLink": "https://www.sec.gov/Archives/edgar/data/1056288/000105628812000004/fii-10k.htm", "calculatedOtherExpenses": 30554000, "calculatedOperatingExpenses": 652920000, "calculatedNetInterest": 0, "calculatedOtherIncome": 4177000, "calculatedIncomeNonControlling": 4177000, "calculatedEbitda": 256594000}, {"date": "2010-12-31", "symbol": "FHI", "reportedCurrency": "USD", "cik": "0001056288", "fillingDate": "2011-02-22", "acceptedDate": "2011-02-22 16:49:47", "calendarYear": "2010", "period": "FY", "revenue": 951943000, "costOfRevenue": 0, "grossProfit": 951943000, "grossProfitRatio": 1, "researchAndDevelopmentExpenses": 0, "generalAndAdministrativeExpenses": 76227000, "sellingAndMarketingExpenses": 269320000, "sellingGeneralAndAdministrativeExpenses": 345547000, "otherExpenses": 0, "operatingExpenses": 215715000, "costAndExpenses": 650823000, "interestIncome": 0, "interestExpense": 15049000, "depreciationAndAmortization": 21075000, "ebitda": 338680000, "ebitdaratio": 0.3557776043, "operatingIncome": 317605000, "operatingIncomeRatio": 0.3336386737, "totalOtherIncomeExpensesNet": 2861000, "incomeBeforeTax": 301120000, "incomeBeforeTaxRatio": 0.3163214604, "incomeTaxExpense": 111957000, "netIncome": 179114000, "netIncomeRatio": 0.1881562236, "eps": 1.73, "epsdiluted": 1.73, "weightedAverageShsOut": 99925000, "weightedAverageShsOutDil": 99993000, "link": "https://www.sec.gov/Archives/edgar/data/1056288/000119312511042224/0001193125-11-042224-index.htm", "finalLink": "https://www.sec.gov/Archives/edgar/data/1056288/000119312511042224/d10k.htm", "calculatedOtherExpenses": 288791000, "calculatedOperatingExpenses": 634338000, "calculatedNetInterest": -15049000, "calculatedOtherIncome": -1436000, "calculatedIncomeNonControlling": 10049000, "calculatedEbitda": 338680000}, {"date": "2009-12-31", "symbol": "FHI", "reportedCurrency": "USD", "cik": "0001056288", "fillingDate": "2010-02-19", "acceptedDate": "2010-02-19 16:51:56", "calendarYear": "2009", "period": "FY", "revenue": 1175950000, "costOfRevenue": 0, "grossProfit": 1175950000, "grossProfitRatio": 1, "researchAndDevelopmentExpenses": 0, "generalAndAdministrativeExpenses": 121874000, "sellingAndMarketingExpenses": 419385000, "sellingGeneralAndAdministrativeExpenses": 541259000, "otherExpenses": 0, "operatingExpenses": 262788000, "costAndExpenses": 849132000, "interestIncome": 1037000, "interestExpense": 5711000, "depreciationAndAmortization": 23751000, "ebitda": 363920000, "ebitdaratio": 0.30946894, "operatingIncome": 340169000, "operatingIncomeRatio": 0.2892716527, "totalOtherIncomeExpensesNet": 2210000, "incomeBeforeTax": 326818000, "incomeBeforeTaxRatio": 0.2779182788, "incomeTaxExpense": 118278000, "netIncome": 197292000, "netIncomeRatio": 0.1677724393, "eps": 1.93, "epsdiluted": 1.92, "weightedAverageShsOut": 99923000, "weightedAverageShsOutDil": 100056000, "link": "https://www.sec.gov/Archives/edgar/data/1056288/000119312510035275/0001193125-10-035275-index.htm", "finalLink": "https://www.sec.gov/Archives/edgar/data/1056288/000119312510035275/d10k.htm", "calculatedOtherExpenses": 294522000, "calculatedOperatingExpenses": 835781000, "calculatedNetInterest": -4674000, "calculatedOtherIncome": -8677000, "calculatedIncomeNonControlling": 11248000, "calculatedEbitda": 363920000}, {"date": "2008-12-31", "symbol": "FHI", "reportedCurrency": "USD", "cik": "0001056288", "fillingDate": "2009-02-20", "acceptedDate": "2009-02-20 17:20:41", "calendarYear": "2008", "period": "FY", "revenue": 1223680000, "costOfRevenue": 0, "grossProfit": 1223680000, "grossProfitRatio": 1, "researchAndDevelopmentExpenses": 0, "generalAndAdministrativeExpenses": 606931000, "sellingAndMarketingExpenses": 455136000, "sellingGeneralAndAdministrativeExpenses": 606931000, "otherExpenses": 0, "operatingExpenses": 222053000000, "costAndExpenses": 874003000, "interestIncome": 4492000, "interestExpense": 5175000, "depreciationAndAmortization": 18388000, "ebitda": 364066000, "ebitdaratio": 0.2975173248, "operatingIncome": 345678000, "operatingIncomeRatio": 0.2824905204, "totalOtherIncomeExpensesNet": 1223680000, "incomeBeforeTax": 349677000, "incomeBeforeTaxRatio": 0.2857585316, "incomeTaxExpense": 128168000, "netIncome": 224317000, "netIncomeRatio": 0.183313448, "eps": 2.25, "epsdiluted": 2.22, "weightedAverageShsOut": 99605000, "weightedAverageShsOutDil": 100855000, "link": "https://www.sec.gov/Archives/edgar/data/1056288/000119312509034245/0001193125-09-034245-index.htm", "finalLink": "https://www.sec.gov/Archives/edgar/data/1056288/000119312509034245/d10k.htm", "calculatedOtherExpenses": 271071000, "calculatedOperatingExpenses": 878002000, "calculatedNetInterest": -683000, "calculatedOtherIncome": 4682000, "calculatedIncomeNonControlling": -2808000, "calculatedEbitda": 364066000}, {"date": "2007-12-31", "symbol": "FHI", "reportedCurrency": "USD", "cik": "0001056288", "fillingDate": "2008-02-28", "acceptedDate": "2008-02-28 17:10:03", "calendarYear": "2007", "period": "FY", "revenue": 1127644000, "costOfRevenue": 0, "grossProfit": 1127644000, "grossProfitRatio": 1, "researchAndDevelopmentExpenses": 0, "generalAndAdministrativeExpenses": 354407000, "sellingAndMarketingExpenses": 14391000, "sellingGeneralAndAdministrativeExpenses": 368798000, "otherExpenses": 0, "operatingExpenses": 171847000000, "costAndExpenses": 780966000, "interestIncome": 0, "interestExpense": 5472000, "depreciationAndAmortization": 71947000, "ebitda": 424097000, "ebitdaratio": 0.3760912132, "operatingIncome": 352150000, "operatingIncomeRatio": 0.3122882754, "totalOtherIncomeExpensesNet": 1122072000, "incomeBeforeTax": 346678000, "incomeBeforeTaxRatio": 0.3074356801, "incomeTaxExpense": 129207000, "netIncome": 217471000, "netIncomeRatio": 0.1928543051, "eps": 2.12, "epsdiluted": 2.1, "weightedAverageShsOut": 100855000, "weightedAverageShsOutDil": 102067000, "link": "https://www.sec.gov/Archives/edgar/data/1056288/000119312508041982/0001193125-08-041982-index.htm", "finalLink": "https://www.sec.gov/Archives/edgar/data/1056288/000119312508041982/d10k.htm", "calculatedOtherExpenses": 406696000, "calculatedOperatingExpenses": 775494000, "calculatedNetInterest": -5472000, "calculatedOtherIncome": 0, "calculatedIncomeNonControlling": 0, "calculatedEbitda": 424097000}, {"date": "2006-12-31", "symbol": "FHI", "reportedCurrency": "USD", "cik": "0001056288", "fillingDate": "2007-02-28", "acceptedDate": "2007-02-28 17:18:03", "calendarYear": "2006", "period": "FY", "revenue": 978858000, "costOfRevenue": 0, "grossProfit": 978858000, "grossProfitRatio": 1, "researchAndDevelopmentExpenses": 0, "generalAndAdministrativeExpenses": 287030000, "sellingAndMarketingExpenses": 15141000, "sellingGeneralAndAdministrativeExpenses": 302171000, "otherExpenses": 0, "operatingExpenses": 147865000000, "costAndExpenses": 674091000, "interestIncome": 0, "interestExpense": 8192000, "depreciationAndAmortization": 75931000, "ebitda": 388890000, "ebitdaratio": 0.3972894945, "operatingIncome": 312959000, "operatingIncomeRatio": 0.3197184883, "totalOtherIncomeExpensesNet": 976351000, "incomeBeforeTax": 304767000, "incomeBeforeTaxRatio": 0.3113495522, "incomeTaxExpense": 113719000, "netIncome": 197729000, "netIncomeRatio": 0.2019996772, "eps": 1.9, "epsdiluted": 1.86, "weightedAverageShsOut": 104293000, "weightedAverageShsOutDil": 106288000, "link": "https://www.sec.gov/Archives/edgar/data/1056288/000119312507042828/0001193125-07-042828-index.htm", "finalLink": "https://www.sec.gov/Archives/edgar/data/1056288/000119312507042828/d10k.htm", "calculatedOtherExpenses": 363728000, "calculatedOperatingExpenses": 665899000, "calculatedNetInterest": -8192000, "calculatedOtherIncome": 0, "calculatedIncomeNonControlling": -6681000, "calculatedEbitda": 388890000}, {"date": "2005-12-31", "symbol": "FHI", "reportedCurrency": "USD", "cik": "0001056288", "fillingDate": "2006-03-02", "acceptedDate": "2006-03-02 13:01:26", "calendarYear": "2005", "period": "FY", "revenue": 909216000, "costOfRevenue": 0, "grossProfit": 909216000, "grossProfitRatio": 1, "researchAndDevelopmentExpenses": 0, "generalAndAdministrativeExpenses": 222689000, "sellingAndMarketingExpenses": 15435000, "sellingGeneralAndAdministrativeExpenses": 238124000, "otherExpenses": 0, "operatingExpenses": 135070000000, "costAndExpenses": 629205000, "interestIncome": 0, "interestExpense": 17886000, "depreciationAndAmortization": 75738000, "ebitda": 373635000, "ebitdaratio": 0.4109419544, "operatingIncome": 297897000, "operatingIncomeRatio": 0.3276416165, "totalOtherIncomeExpensesNet": 900484000, "incomeBeforeTax": 280011000, "incomeBeforeTaxRatio": 0.3079697234, "incomeTaxExpense": 116719000, "netIncome": 160283000, "netIncomeRatio": 0.1762870429, "eps": 1.51, "epsdiluted": 1.48, "weightedAverageShsOut": 106147682, "weightedAverageShsOutDil": 108299324, "link": "https://www.sec.gov/Archives/edgar/data/1056288/000119312506043618/0001193125-06-043618-index.htm", "finalLink": "https://www.sec.gov/Archives/edgar/data/1056288/000119312506043618/d10k.htm", "calculatedOtherExpenses": 373195000, "calculatedOperatingExpenses": 611319000, "calculatedNetInterest": -17886000, "calculatedOtherIncome": 0, "calculatedIncomeNonControlling": 3009000, "calculatedEbitda": 373635000}, {"date": "2004-12-31", "symbol": "FHI", "reportedCurrency": "USD", "cik": "0001056288", "fillingDate": "2005-03-04", "acceptedDate": "2005-03-04 11:15:51", "calendarYear": "2004", "period": "FY", "revenue": 846964000, "costOfRevenue": 0, "grossProfit": 846964000, "grossProfitRatio": 1, "researchAndDevelopmentExpenses": 0, "generalAndAdministrativeExpenses": 156442000, "sellingAndMarketingExpenses": 15391000, "sellingGeneralAndAdministrativeExpenses": 171833000, "otherExpenses": 0, "operatingExpenses": 135851000000, "costAndExpenses": 557700000, "interestIncome": 0, "interestExpense": 21171000, "depreciationAndAmortization": 74711000, "ebitda": 385146000, "ebitdaratio": 0.4547371553, "operatingIncome": 310435000, "operatingIncomeRatio": 0.3665267945, "totalOtherIncomeExpensesNet": 843579000, "incomeBeforeTax": 289264000, "incomeBeforeTaxRatio": 0.3415304547, "incomeTaxExpense": 110206000, "netIncome": 181179000, "netIncomeRatio": 0.2139158217, "eps": 1.68, "epsdiluted": 1.64, "weightedAverageShsOut": 107844643, "weightedAverageShsOutDil": 110475000, "link": "https://www.sec.gov/Archives/edgar/data/1056288/000119312505042304/0001193125-05-042304-index.htm", "finalLink": "https://www.sec.gov/Archives/edgar/data/1056288/000119312505042304/d10k.htm", "calculatedOtherExpenses": 364696000, "calculatedOperatingExpenses": 536529000, "calculatedNetInterest": -21171000, "calculatedOtherIncome": 0, "calculatedIncomeNonControlling": -2121000, "calculatedEbitda": 385146000}, {"date": "2003-12-31", "symbol": "FHI", "reportedCurrency": "USD", "cik": "0001056288", "fillingDate": "2004-03-12", "acceptedDate": "2004-03-12 16:11:48", "calendarYear": "2003", "period": "FY", "revenue": 823248000, "costOfRevenue": 0, "grossProfit": 823248000, "grossProfitRatio": 1, "researchAndDevelopmentExpenses": 0, "generalAndAdministrativeExpenses": 156093000, "sellingAndMarketingExpenses": 17533000, "sellingGeneralAndAdministrativeExpenses": 173626000, "otherExpenses": 0, "operatingExpenses": 144873000000, "costAndExpenses": 523648000, "interestIncome": 0, "interestExpense": 4814000, "depreciationAndAmortization": 35543000, "ebitda": 339957000, "ebitdaratio": 0.4129460381, "operatingIncome": 304414000, "operatingIncomeRatio": 0.3697719278, "totalOtherIncomeExpensesNet": 821094000, "incomeBeforeTax": 299600000, "incomeBeforeTaxRatio": 0.3639243582, "incomeTaxExpense": 108115000, "netIncome": 191485000, "netIncomeRatio": 0.2325969817, "eps": 1.78, "epsdiluted": 1.71, "weightedAverageShsOut": 107575843, "weightedAverageShsOutDil": 111979532, "link": "https://www.sec.gov/Archives/edgar/data/1056288/000119312504040522/0001193125-04-040522-index.htm", "finalLink": "https://www.sec.gov/Archives/edgar/data/1056288/000119312504040522/d10k.htm", "calculatedOtherExpenses": 345208000, "calculatedOperatingExpenses": 518834000, "calculatedNetInterest": -4814000, "calculatedOtherIncome": 0, "calculatedIncomeNonControlling": 0, "calculatedEbitda": 339957000}, {"date": "2002-12-31", "symbol": "FHI", "reportedCurrency": "USD", "cik": "0001056288", "fillingDate": "2003-03-20", "acceptedDate": "2003-03-20 11:12:05", "calendarYear": "2002", "period": "FY", "revenue": 711069000, "costOfRevenue": 0, "grossProfit": 711069000, "grossProfitRatio": 1, "researchAndDevelopmentExpenses": 0, "generalAndAdministrativeExpenses": 141111000000, "sellingAndMarketingExpenses": 75318000, "sellingGeneralAndAdministrativeExpenses": 75318000, "otherExpenses": 0, "operatingExpenses": 141111000000, "costAndExpenses": 395355000, "interestIncome": 0, "interestExpense": 4788000, "depreciationAndAmortization": 19229000, "ebitda": 346281000, "ebitdaratio": 0.486986495, "operatingIncome": 327052000, "operatingIncomeRatio": 0.4599441123, "totalOtherIncomeExpensesNet": 708647000, "incomeBeforeTax": 315714000, "incomeBeforeTaxRatio": 0.4439991056, "incomeTaxExpense": 111954000, "netIncome": 203760000, "netIncomeRatio": 0.2865544694, "eps": 1.81, "epsdiluted": 1.74, "weightedAverageShsOut": 112574586, "weightedAverageShsOutDil": 117103448, "link": "https://www.sec.gov/Archives/edgar/data/1056288/000102140803004561/0001021408-03-004561-index.htm", "finalLink": "https://www.sec.gov/Archives/edgar/data/1056288/000102140803004561/d10k.htm", "calculatedOtherExpenses": 308699000, "calculatedOperatingExpenses": 384017000, "calculatedNetInterest": -4788000, "calculatedOtherIncome": -6550000, "calculatedIncomeNonControlling": 0, "calculatedEbitda": 346281000}, {"date": "2001-12-31", "symbol": "FHI", "reportedCurrency": "USD", "cik": "0001056288", "fillingDate": "2002-03-20", "acceptedDate": "2002-03-20 00:00:00", "calendarYear": "2001", "period": "FY", "revenue": 715777000, "costOfRevenue": 0, "grossProfit": 715777000, "grossProfitRatio": 1, "researchAndDevelopmentExpenses": 0, "generalAndAdministrativeExpenses": 0, "sellingAndMarketingExpenses": 68279000, "sellingGeneralAndAdministrativeExpenses": 68279000, "otherExpenses": -449731000, "operatingExpenses": -381452000, "costAndExpenses": 446174000, "interestIncome": 0, "interestExpense": 29721000, "depreciationAndAmortization": 25980000, "ebitda": 360305000, "ebitdaratio": 0.5033760515, "operatingIncome": 334325000, "operatingIncomeRatio": 0.4670798307, "totalOtherIncomeExpensesNet": 706034000, "incomeBeforeTax": 269603000, "incomeBeforeTaxRatio": 0.3766578138, "incomeTaxExpense": 96887000, "netIncome": 168447000, "netIncomeRatio": 0.2353344687, "eps": 1.46, "epsdiluted": 1.4, "weightedAverageShsOut": 115374658, "weightedAverageShsOutDil": 120319286, "link": "https://www.sec.gov/Archives/edgar/data/1056288/000105628802000187/0001056288-02-000187-index.htm", "finalLink": "https://www.sec.gov/Archives/edgar/data/1056288/000105628802000187/fii10k.txt", "calculatedOtherExpenses": 313173000, "calculatedOperatingExpenses": 381452000, "calculatedNetInterest": -29721000, "calculatedOtherIncome": -35001000, "calculatedIncomeNonControlling": 4269000, "calculatedEbitda": 360305000}, {"date": "2000-12-31", "symbol": "FHI", "reportedCurrency": "USD", "cik": "0001056288", "fillingDate": "2001-03-23", "acceptedDate": "2001-03-23 00:00:00", "calendarYear": "2000", "period": "FY", "revenue": 680768000, "costOfRevenue": 0, "grossProfit": 680768000, "grossProfitRatio": 1, "researchAndDevelopmentExpenses": 0, "generalAndAdministrativeExpenses": 0, "sellingAndMarketingExpenses": 60162000, "sellingGeneralAndAdministrativeExpenses": 60162000, "otherExpenses": -405863000, "operatingExpenses": -345701000, "costAndExpenses": 438246000, "interestIncome": 0, "interestExpense": 34180000, "depreciationAndAmortization": 8236000, "ebitda": 343303000, "ebitdaratio": 0.5042878044, "operatingIncome": 335067000, "operatingIncomeRatio": 0.4921897034, "totalOtherIncomeExpensesNet": 661726000, "incomeBeforeTax": 242522000, "incomeBeforeTaxRatio": 0.3562476497, "incomeTaxExpense": 87162000, "netIncome": 155360000, "netIncomeRatio": 0.228212842, "eps": 1.32, "epsdiluted": 1.27, "weightedAverageShsOut": 117696970, "weightedAverageShsOutDil": 122330709, "link": "https://www.sec.gov/Archives/edgar/data/1056288/000105628801000009/0001056288-01-000009-index.htm", "finalLink": "https://www.sec.gov/Archives/edgar/data/1056288/000105628801000009/0001056288-01-000009-0001.txt", "calculatedOtherExpenses": 285539000, "calculatedOperatingExpenses": 345701000, "calculatedNetInterest": -34180000, "calculatedOtherIncome": -58365000, "calculatedIncomeNonControlling": 0, "calculatedEbitda": 343303000}, {"date": "1999-12-31", "symbol": "FHI", "reportedCurrency": "USD", "cik": "0001056288", "fillingDate": "2000-03-29", "acceptedDate": "2000-03-29 00:00:00", "calendarYear": "1999", "period": "FY", "revenue": 601098000, "costOfRevenue": 0, "grossProfit": 601098000, "grossProfitRatio": 1, "researchAndDevelopmentExpenses": 0, "generalAndAdministrativeExpenses": 0, "sellingAndMarketingExpenses": 55132000, "sellingGeneralAndAdministrativeExpenses": 55132000, "otherExpenses": -429549000, "operatingExpenses": -374417000, "costAndExpenses": 406217000, "interestIncome": 0, "interestExpense": 31800000, "depreciationAndAmortization": 66392000, "ebitda": 293073000, "ebitdaratio": 0.4875627601, "operatingIncome": 226681000, "operatingIncomeRatio": 0.3771115525, "totalOtherIncomeExpensesNet": 587198000, "incomeBeforeTax": 194881000, "incomeBeforeTaxRatio": 0.3242083654, "incomeTaxExpense": 70861000, "netIncome": 124020000, "netIncomeRatio": 0.20632243, "eps": 0.99, "epsdiluted": 0.96, "weightedAverageShsOut": 125272727, "weightedAverageShsOutDil": 129187500, "link": "https://www.sec.gov/Archives/edgar/data/1056288/000105628800000003/0001056288-00-000003-index.htm", "finalLink": "https://www.sec.gov/Archives/edgar/data/1056288/000105628800000003/0001056288-00-000003.txt", "calculatedOtherExpenses": 319285000, "calculatedOperatingExpenses": 374417000, "calculatedNetInterest": -31800000, "calculatedOtherIncome": 0, "calculatedIncomeNonControlling": 0, "calculatedEbitda": 293073000}, {"date": "1998-12-31", "symbol": "FHI", "reportedCurrency": "USD", "cik": "0001056288", "fillingDate": "1999-03-26", "acceptedDate": "1999-03-26 00:00:00", "calendarYear": "1998", "period": "FY", "revenue": 522127000, "costOfRevenue": 0, "grossProfit": 522127000, "grossProfitRatio": 1, "researchAndDevelopmentExpenses": 0, "generalAndAdministrativeExpenses": 0, "sellingAndMarketingExpenses": 46042000, "sellingGeneralAndAdministrativeExpenses": 46042000, "otherExpenses": -394535000, "operatingExpenses": -348493000, "costAndExpenses": 376193000, "interestIncome": 0, "interestExpense": 27700000, "depreciationAndAmortization": 54977000, "ebitda": 228611000, "ebitdaratio": 0.4378455816, "operatingIncome": 173634000, "operatingIncomeRatio": 0.3325512758, "totalOtherIncomeExpensesNet": 522127000, "incomeBeforeTax": 145934000, "incomeBeforeTaxRatio": 0.2794990491, "incomeTaxExpense": 53565000, "netIncome": 92369000, "netIncomeRatio": 0.1769090662, "eps": 0.73, "epsdiluted": 0.71, "weightedAverageShsOut": 126575342, "weightedAverageShsOutDil": 130140845, "link": "https://www.sec.gov/Archives/edgar/data/1056288/000105628899000003/0001056288-99-000003-index.htm", "finalLink": "https://www.sec.gov/Archives/edgar/data/1056288/0001056288-99-000003.txt", "calculatedOtherExpenses": 302451000, "calculatedOperatingExpenses": 348493000, "calculatedNetInterest": -27700000, "calculatedOtherIncome": 0, "calculatedIncomeNonControlling": 0, "calculatedEbitda": 228611000}, {"date": "1997-12-31", "symbol": "FHI", "reportedCurrency": "USD", "cik": "0001056288", "fillingDate": "1997-12-31", "acceptedDate": "1997-12-30 19:00:00", "calendarYear": "1997", "period": "FY", "revenue": 403700000, "costOfRevenue": 0, "grossProfit": 403700000, "grossProfitRatio": 1, "researchAndDevelopmentExpenses": 0, "generalAndAdministrativeExpenses": 0, "sellingAndMarketingExpenses": 0, "sellingGeneralAndAdministrativeExpenses": 0, "otherExpenses": -384800000, "operatingExpenses": -384800000, "costAndExpenses": 62500000, "interestIncome": 0, "interestExpense": 18900000, "depreciationAndAmortization": 43600000, "ebitda": 62500000, "ebitdaratio": 0.1548179341, "operatingIncome": 18900000, "operatingIncomeRatio": 0.0468169433, "totalOtherIncomeExpensesNet": 403700000, "incomeBeforeTax": 422600000, "incomeBeforeTaxRatio": 1.0468169433, "incomeTaxExpense": 31000000, "netIncome": 51400000, "netIncomeRatio": 0.127322269, "eps": 0.4, "epsdiluted": 0.4, "weightedAverageShsOut": 128500000, "weightedAverageShsOutDil": 128500000, "link": "", "finalLink": "", "calculatedOtherExpenses": 384800000, "calculatedOperatingExpenses": 384800000, "calculatedNetInterest": -18900000, "calculatedOtherIncome": 422600000, "calculatedIncomeNonControlling": 340200000, "calculatedEbitda": 62500000}]}