{"originalCurrency": "USD", "convertedCurrency": "USD", "report": [{"date": "2023-12-31", "symbol": "FHN", "reportedCurrency": "USD", "cik": "0000036966", "fillingDate": "2024-02-23", "acceptedDate": "2024-02-22 18:16:25", "calendarYear": "2023", "period": "FY", "revenue": 4779000000, "costOfRevenue": 3413000000, "grossProfit": 1366000000, "grossProfitRatio": 0.2858338565, "researchAndDevelopmentExpenses": 0, "generalAndAdministrativeExpenses": 1271000000, "sellingAndMarketingExpenses": 71000000, "sellingGeneralAndAdministrativeExpenses": 1342000000, "otherExpenses": -799000000, "operatingExpenses": 799000000, "costAndExpenses": 3899000000, "interestIncome": 4100000000, "interestExpense": 212000000, "depreciationAndAmortization": 102000000, "ebitda": 1388000000, "ebitdaratio": 0.29043733, "operatingIncome": 1388000000, "operatingIncomeRatio": 0.29043733, "totalOtherIncomeExpensesNet": 1128000000, "incomeBeforeTax": 1128000000, "incomeBeforeTaxRatio": 0.2360326428, "incomeTaxExpense": 212000000, "netIncome": 897000000, "netIncomeRatio": 0.1876961707, "eps": 1.58, "epsdiluted": 1.54, "weightedAverageShsOut": 548410000, "weightedAverageShsOutDil": 561732000, "link": "https://www.sec.gov/Archives/edgar/data/36966/000003696624000015/0000036966-24-000015-index.htm", "finalLink": "https://www.sec.gov/Archives/edgar/data/36966/000003696624000015/fhn-20231231.htm", "calculatedOtherExpenses": -1364000000, "calculatedOperatingExpenses": -22000000, "calculatedNetInterest": 3888000000, "calculatedOtherIncome": -4148000000, "calculatedIncomeNonControlling": 19000000, "calculatedEbitda": 1490000000}, {"date": "2022-12-31", "symbol": "FHN", "reportedCurrency": "USD", "cik": "0000036966", "fillingDate": "2023-03-01", "acceptedDate": "2023-03-01 06:07:19", "calendarYear": "2022", "period": "FY", "revenue": 3209000000, "costOfRevenue": 0, "grossProfit": 3209000000, "grossProfitRatio": 1, "researchAndDevelopmentExpenses": 0, "generalAndAdministrativeExpenses": 1101000000, "sellingAndMarketingExpenses": 50000000, "sellingGeneralAndAdministrativeExpenses": 1101000000, "otherExpenses": -2859000000, "operatingExpenses": -1758000000, "costAndExpenses": -1758000000, "interestIncome": 2696000000, "interestExpense": 304000000, "depreciationAndAmortization": 51000000, "ebitda": 1502000000, "ebitdaratio": 0.4680585852, "operatingIncome": 1451000000, "operatingIncomeRatio": 0.4521657837, "totalOtherIncomeExpensesNet": -292000000, "incomeBeforeTax": 1159000000, "incomeBeforeTaxRatio": 0.3611717046, "incomeTaxExpense": 247000000, "netIncome": 900000000, "netIncomeRatio": 0.2804612029, "eps": 1.62, "epsdiluted": 1.53, "weightedAverageShsOut": 535033000, "weightedAverageShsOutDil": 566004000, "link": "https://www.sec.gov/Archives/edgar/data/36966/000003696623000016/0000036966-23-000016-index.htm", "finalLink": "https://www.sec.gov/Archives/edgar/data/36966/000003696623000016/fhn-20221231.htm", "calculatedOtherExpenses": 657000000, "calculatedOperatingExpenses": 1758000000, "calculatedNetInterest": 2392000000, "calculatedOtherIncome": -2684000000, "calculatedIncomeNonControlling": 12000000, "calculatedEbitda": 1502000000}, {"date": "2021-12-31", "symbol": "FHN", "reportedCurrency": "USD", "cik": "0000036966", "fillingDate": "2022-03-01", "acceptedDate": "2022-03-01 16:41:36", "calendarYear": "2021", "period": "FY", "revenue": 3071000000, "costOfRevenue": 0, "grossProfit": 3071000000, "grossProfitRatio": 1, "researchAndDevelopmentExpenses": 0, "generalAndAdministrativeExpenses": 1210000000, "sellingAndMarketingExpenses": 37000000, "sellingGeneralAndAdministrativeExpenses": 1210000000, "otherExpenses": -3008000000, "operatingExpenses": -1798000000, "costAndExpenses": -1798000000, "interestIncome": 2170000000, "interestExpense": 176000000, "depreciationAndAmortization": 56000000, "ebitda": 1329000000, "ebitdaratio": 0.4327580593, "operatingIncome": 1273000000, "operatingIncomeRatio": 0.4145229567, "totalOtherIncomeExpensesNet": 12000000, "incomeBeforeTax": 1285000000, "incomeBeforeTaxRatio": 0.4184304787, "incomeTaxExpense": 274000000, "netIncome": 999000000, "netIncomeRatio": 0.3253012048, "eps": 1.76, "epsdiluted": 1.75, "weightedAverageShsOut": 546354000, "weightedAverageShsOutDil": 551241000, "link": "https://www.sec.gov/Archives/edgar/data/36966/000003696622000015/0000036966-22-000015-index.htm", "finalLink": "https://www.sec.gov/Archives/edgar/data/36966/000003696622000015/fhn-20211231.htm", "calculatedOtherExpenses": 588000000, "calculatedOperatingExpenses": 1798000000, "calculatedNetInterest": 1994000000, "calculatedOtherIncome": -1982000000, "calculatedIncomeNonControlling": 12000000, "calculatedEbitda": 1329000000}, {"date": "2020-12-31", "symbol": "FHN", "reportedCurrency": "USD", "cik": "0000036966", "fillingDate": "2021-02-25", "acceptedDate": "2021-02-25 17:04:52", "calendarYear": "2020", "period": "FY", "revenue": 3154000000, "costOfRevenue": 0, "grossProfit": 3154000000, "grossProfitRatio": 1, "researchAndDevelopmentExpenses": 0, "generalAndAdministrativeExpenses": 1032000000, "sellingAndMarketingExpenses": 18000000, "sellingGeneralAndAdministrativeExpenses": 1032000000, "otherExpenses": -3265000000, "operatingExpenses": -2233000000, "costAndExpenses": -2233000000, "interestIncome": 1898000000, "interestExpense": 236000000, "depreciationAndAmortization": 40000000, "ebitda": 961000000, "ebitdaratio": 0.304692454, "operatingIncome": 921000000, "operatingIncomeRatio": 0.2920101458, "totalOtherIncomeExpensesNet": 12000000, "incomeBeforeTax": 933000000, "incomeBeforeTaxRatio": 0.2958148383, "incomeTaxExpense": 76000000, "netIncome": 845000000, "netIncomeRatio": 0.2679137603, "eps": 1.9, "epsdiluted": 1.89, "weightedAverageShsOut": 432125000, "weightedAverageShsOutDil": 433954000, "link": "https://www.sec.gov/Archives/edgar/data/36966/000003696621000012/0000036966-21-000012-index.htm", "finalLink": "https://www.sec.gov/Archives/edgar/data/36966/000003696621000012/fhn-20201231.htm", "calculatedOtherExpenses": 1201000000, "calculatedOperatingExpenses": 2233000000, "calculatedNetInterest": 1662000000, "calculatedOtherIncome": -1650000000, "calculatedIncomeNonControlling": 12000000, "calculatedEbitda": 961000000}, {"date": "2019-12-31", "symbol": "FHN", "reportedCurrency": "USD", "cik": "0000036966", "fillingDate": "2020-02-28", "acceptedDate": "2020-02-27 19:42:21", "calendarYear": "2019", "period": "FY", "revenue": 1818203000, "costOfRevenue": 0, "grossProfit": 1818203000, "grossProfitRatio": 1, "researchAndDevelopmentExpenses": 0, "generalAndAdministrativeExpenses": 771561000, "sellingAndMarketingExpenses": 34359000, "sellingGeneralAndAdministrativeExpenses": 805920000, "otherExpenses": -2049924000, "operatingExpenses": -1244004000, "costAndExpenses": -1244004000, "interestIncome": 1624340000, "interestExpense": 414153000, "depreciationAndAmortization": 24834000, "ebitda": 599033000, "ebitdaratio": 0.3294643117, "operatingIncome": 574199000, "operatingIncomeRatio": 0.3158057709, "totalOtherIncomeExpensesNet": 11465000, "incomeBeforeTax": 585664000, "incomeBeforeTaxRatio": 0.3221114474, "incomeTaxExpense": 133291000, "netIncome": 440908000, "netIncomeRatio": 0.2424965749, "eps": 1.39, "epsdiluted": 1.38, "weightedAverageShsOut": 313637000, "weightedAverageShsOutDil": 315657000, "link": "https://www.sec.gov/Archives/edgar/data/36966/000093041320000605/0000930413-20-000605-index.htm", "finalLink": "https://www.sec.gov/Archives/edgar/data/36966/000093041320000605/c95148_10k-ixbrl.htm", "calculatedOtherExpenses": 438084000, "calculatedOperatingExpenses": 1244004000, "calculatedNetInterest": 1210187000, "calculatedOtherIncome": -1198722000, "calculatedIncomeNonControlling": 11465000, "calculatedEbitda": 599033000}, {"date": "2018-12-31", "symbol": "FHN", "reportedCurrency": "USD", "cik": "0000036966", "fillingDate": "2019-02-28", "acceptedDate": "2019-02-27 18:24:51", "calendarYear": "2018", "period": "FY", "revenue": 1886840000, "costOfRevenue": 0, "grossProfit": 1886840000, "grossProfitRatio": 1, "researchAndDevelopmentExpenses": 0, "generalAndAdministrativeExpenses": 754231000, "sellingAndMarketingExpenses": 24752000, "sellingGeneralAndAdministrativeExpenses": 778983000, "otherExpenses": -1590243000, "operatingExpenses": -811260000, "costAndExpenses": -811260000, "interestIncome": 1546021000, "interestExpense": 325704000, "depreciationAndAmortization": 25855000, "ebitda": 1101435000, "ebitdaratio": 0.5837458396, "operatingIncome": 1075580000, "operatingIncomeRatio": 0.5700430349, "totalOtherIncomeExpensesNet": -361471000, "incomeBeforeTax": 714109000, "incomeBeforeTaxRatio": 0.3784682326, "incomeTaxExpense": 157602000, "netIncome": 545042000, "netIncomeRatio": 0.2888649806, "eps": 1.68, "epsdiluted": 1.66, "weightedAverageShsOut": 324375000, "weightedAverageShsOutDil": 327445000, "link": "https://www.sec.gov/Archives/edgar/data/36966/000093041319000767/0000930413-19-000767-index.htm", "finalLink": "https://www.sec.gov/Archives/edgar/data/36966/000093041319000767/c92653_10k.htm", "calculatedOtherExpenses": 32277000, "calculatedOperatingExpenses": 811260000, "calculatedNetInterest": 1220317000, "calculatedOtherIncome": -1581788000, "calculatedIncomeNonControlling": 11465000, "calculatedEbitda": 1101435000}, {"date": "2017-12-31", "symbol": "FHN", "reportedCurrency": "USD", "cik": "0000036966", "fillingDate": "2018-02-28", "acceptedDate": "2018-02-28 17:29:27", "calendarYear": "2017", "period": "FY", "revenue": 1303039000, "costOfRevenue": 0, "grossProfit": 1303039000, "grossProfitRatio": 1, "researchAndDevelopmentExpenses": 0, "generalAndAdministrativeExpenses": 667738000, "sellingAndMarketingExpenses": 19214000, "sellingGeneralAndAdministrativeExpenses": 686952000, "otherExpenses": -1510265000, "operatingExpenses": -823313000, "costAndExpenses": -823313000, "interestIncome": 989930000, "interestExpense": 147616000, "depreciationAndAmortization": 8728000, "ebitda": 488454000, "ebitdaratio": 0.3748575446, "operatingIncome": 479726000, "operatingIncomeRatio": 0.3681593567, "totalOtherIncomeExpensesNet": -170854000, "incomeBeforeTax": 308872000, "incomeBeforeTaxRatio": 0.2370397202, "incomeTaxExpense": 131892000, "netIncome": 165515000, "netIncomeRatio": 0.1270222917, "eps": 0.66, "epsdiluted": 0.65, "weightedAverageShsOut": 241436000, "weightedAverageShsOutDil": 244453000, "link": "https://www.sec.gov/Archives/edgar/data/36966/000093041318000694/0000930413-18-000694-index.htm", "finalLink": "https://www.sec.gov/Archives/edgar/data/36966/000093041318000694/c90330_10k.htm", "calculatedOtherExpenses": 136361000, "calculatedOperatingExpenses": 823313000, "calculatedNetInterest": 842314000, "calculatedOtherIncome": -1013168000, "calculatedIncomeNonControlling": 11465000, "calculatedEbitda": 488454000}, {"date": "2016-12-31", "symbol": "FHN", "reportedCurrency": "USD", "cik": "0000036966", "fillingDate": "2017-02-27", "acceptedDate": "2017-02-27 17:18:09", "calendarYear": "2016", "period": "FY", "revenue": 1239673000, "costOfRevenue": 0, "grossProfit": 1239673000, "grossProfitRatio": 1, "researchAndDevelopmentExpenses": 0, "generalAndAdministrativeExpenses": 632140000, "sellingAndMarketingExpenses": 21612000, "sellingGeneralAndAdministrativeExpenses": 653752000, "otherExpenses": -1438357000, "operatingExpenses": -784605000, "costAndExpenses": -784605000, "interestIncome": 817909000, "interestExpense": 88825000, "depreciationAndAmortization": 5198000, "ebitda": 460266000, "ebitdaratio": 0.3712801682, "operatingIncome": 455068000, "operatingIncomeRatio": 0.367087127, "totalOtherIncomeExpensesNet": -109747000, "incomeBeforeTax": 345321000, "incomeBeforeTaxRatio": 0.2785581359, "incomeTaxExpense": 106810000, "netIncome": 227046000, "netIncomeRatio": 0.1831499113, "eps": 0.95, "epsdiluted": 0.94, "weightedAverageShsOut": 232700000, "weightedAverageShsOutDil": 235292000, "link": "https://www.sec.gov/Archives/edgar/data/36966/000093041317000713/0000930413-17-000713-index.htm", "finalLink": "https://www.sec.gov/Archives/edgar/data/36966/000093041317000713/c87141_10k.htm", "calculatedOtherExpenses": 130853000, "calculatedOperatingExpenses": 784605000, "calculatedNetInterest": 729084000, "calculatedOtherIncome": -838831000, "calculatedIncomeNonControlling": 11465000, "calculatedEbitda": 460266000}, {"date": "2015-12-31", "symbol": "FHN", "reportedCurrency": "USD", "cik": "0000036966", "fillingDate": "2016-02-25", "acceptedDate": "2016-02-25 16:50:50", "calendarYear": "2015", "period": "FY", "revenue": 1125991000, "costOfRevenue": 0, "grossProfit": 1125991000, "grossProfitRatio": 1, "researchAndDevelopmentExpenses": 0, "generalAndAdministrativeExpenses": 581284000, "sellingAndMarketingExpenses": 19187000, "sellingGeneralAndAdministrativeExpenses": 600471000, "otherExpenses": -1511177000, "operatingExpenses": -910706000, "costAndExpenses": -910706000, "interestIncome": 736405000, "interestExpense": 82685000, "depreciationAndAmortization": 5253000, "ebitda": 220538000, "ebitdaratio": 0.1958612458, "operatingIncome": 215285000, "operatingIncomeRatio": 0.191196022, "totalOtherIncomeExpensesNet": -107031000, "incomeBeforeTax": 108254000, "incomeBeforeTaxRatio": 0.0961410882, "incomeTaxExpense": 10941000, "netIncome": 85879000, "netIncomeRatio": 0.0762697038, "eps": 0.34, "epsdiluted": 0.34, "weightedAverageShsOut": 234189000, "weightedAverageShsOutDil": 236266000, "link": "https://www.sec.gov/Archives/edgar/data/36966/000093041316005653/0000930413-16-005653-index.htm", "finalLink": "https://www.sec.gov/Archives/edgar/data/36966/000093041316005653/c83791_10k.htm", "calculatedOtherExpenses": 310235000, "calculatedOperatingExpenses": 910706000, "calculatedNetInterest": 653720000, "calculatedOtherIncome": -760751000, "calculatedIncomeNonControlling": 11434000, "calculatedEbitda": 220538000}, {"date": "2014-12-31", "symbol": "FHN", "reportedCurrency": "USD", "cik": "0000036966", "fillingDate": "2015-02-24", "acceptedDate": "2015-02-24 17:32:49", "calendarYear": "2014", "period": "FY", "revenue": 1146681000, "costOfRevenue": 0, "grossProfit": 1146681000, "grossProfitRatio": 1, "researchAndDevelopmentExpenses": 0, "generalAndAdministrativeExpenses": 545027000, "sellingAndMarketingExpenses": 18683000, "sellingGeneralAndAdministrativeExpenses": 563710000, "otherExpenses": -1295121000, "operatingExpenses": -731411000, "costAndExpenses": -731411000, "interestIncome": 709249000, "interestExpense": 81531000, "depreciationAndAmortization": 4170000, "ebitda": 419440000, "ebitdaratio": 0.3657861253, "operatingIncome": 415270000, "operatingIncomeRatio": 0.3621495429, "totalOtherIncomeExpensesNet": -105719000, "incomeBeforeTax": 309551000, "incomeBeforeTaxRatio": 0.269953893, "incomeTaxExpense": 78501000, "netIncome": 219523000, "netIncomeRatio": 0.1914420837, "eps": 0.91, "epsdiluted": 0.9, "weightedAverageShsOut": 234219663, "weightedAverageShsOutDil": 236735000, "link": "https://www.sec.gov/Archives/edgar/data/36966/000093041315000780/0000930413-15-000780-index.htm", "finalLink": "https://www.sec.gov/Archives/edgar/data/36966/000093041315000780/c80076_10k.htm", "calculatedOtherExpenses": 167701000, "calculatedOperatingExpenses": 731411000, "calculatedNetInterest": 627718000, "calculatedOtherIncome": -733437000, "calculatedIncomeNonControlling": 11527000, "calculatedEbitda": 419440000}, {"date": "2013-12-31", "symbol": "FHN", "reportedCurrency": "USD", "cik": "0000036966", "fillingDate": "2014-02-27", "acceptedDate": "2014-02-27 16:55:48", "calendarYear": "2013", "period": "FY", "revenue": 1186625000, "costOfRevenue": 0, "grossProfit": 1186625000, "grossProfitRatio": 1, "researchAndDevelopmentExpenses": 0, "generalAndAdministrativeExpenses": 620444000, "sellingAndMarketingExpenses": 18239000, "sellingGeneralAndAdministrativeExpenses": 638683000, "otherExpenses": -1696682000, "operatingExpenses": -1057999000, "costAndExpenses": -1057999000, "interestIncome": 732053000, "interestExpense": 94679000, "depreciationAndAmortization": 3912000, "ebitda": 132538000, "ebitdaratio": 0.1116932477, "operatingIncome": 128626000, "operatingIncomeRatio": 0.1083965027, "totalOtherIncomeExpensesNet": -123276000, "incomeBeforeTax": 5350000, "incomeBeforeTaxRatio": 0.0045085853, "incomeTaxExpense": -34911000, "netIncome": 29344000, "netIncomeRatio": 0.0247289582, "eps": 0.1, "epsdiluted": 0.1, "weightedAverageShsOut": 235060000, "weightedAverageShsOutDil": 239794000, "link": "https://www.sec.gov/Archives/edgar/data/36966/000093041314000958/0000930413-14-000958-index.htm", "finalLink": "https://www.sec.gov/Archives/edgar/data/36966/000093041314000958/c76348_10k.htm", "calculatedOtherExpenses": 419316000, "calculatedOperatingExpenses": 1057999000, "calculatedNetInterest": 637374000, "calculatedOtherIncome": -760650000, "calculatedIncomeNonControlling": 10917000, "calculatedEbitda": 132538000}, {"date": "2012-12-31", "symbol": "FHN", "reportedCurrency": "USD", "cik": "0000036966", "fillingDate": "2013-02-27", "acceptedDate": "2013-02-27 17:33:07", "calendarYear": "2012", "period": "FY", "revenue": 1323368000, "costOfRevenue": 0, "grossProfit": 1323368000, "grossProfitRatio": 1, "researchAndDevelopmentExpenses": 0, "generalAndAdministrativeExpenses": 747564000, "sellingAndMarketingExpenses": 17439000, "sellingGeneralAndAdministrativeExpenses": 765003000, "otherExpenses": -2056078000, "operatingExpenses": -1291075000, "costAndExpenses": -1291075000, "interestIncome": 798953000, "interestExpense": 110286000, "depreciationAndAmortization": 3910000, "ebitda": 36203000, "ebitdaratio": 0.0273567141, "operatingIncome": 32293000, "operatingIncomeRatio": 0.0244021315, "totalOtherIncomeExpensesNet": -133998000, "incomeBeforeTax": -101705000, "incomeBeforeTaxRatio": -0.0768531504, "incomeTaxExpense": -85262000, "netIncome": -27759000, "netIncomeRatio": -0.0209760248, "eps": -0.11, "epsdiluted": -0.11, "weightedAverageShsOut": 243597780, "weightedAverageShsOutDil": 248349000, "link": "https://www.sec.gov/Archives/edgar/data/36966/000093041313001171/0000930413-13-001171-index.htm", "finalLink": "https://www.sec.gov/Archives/edgar/data/36966/000093041313001171/c72562_10-k.htm", "calculatedOtherExpenses": 526072000, "calculatedOperatingExpenses": 1291075000, "calculatedNetInterest": 688667000, "calculatedOtherIncome": -822665000, "calculatedIncomeNonControlling": 11316000, "calculatedEbitda": 36203000}, {"date": "2011-12-31", "symbol": "FHN", "reportedCurrency": "USD", "cik": "0000036966", "fillingDate": "2012-02-28", "acceptedDate": "2012-02-28 16:17:50", "calendarYear": "2011", "period": "FY", "revenue": 1486843000, "costOfRevenue": 0, "grossProfit": 1486843000, "grossProfitRatio": 1, "researchAndDevelopmentExpenses": 0, "generalAndAdministrativeExpenses": 139645000, "sellingAndMarketingExpenses": 0, "sellingGeneralAndAdministrativeExpenses": 139645000, "otherExpenses": -1262546000, "operatingExpenses": -1122901000, "costAndExpenses": -1122901000, "interestIncome": 832437000, "interestExpense": 131605000, "depreciationAndAmortization": 4016000, "ebitda": 367958000, "ebitdaratio": 0.2474760281, "operatingIncome": 363942000, "operatingIncomeRatio": 0.2447750031, "totalOtherIncomeExpensesNet": -214094000, "incomeBeforeTax": 149848000, "incomeBeforeTaxRatio": 0.100782665, "incomeTaxExpense": 15836000, "netIncome": 131196000, "netIncomeRatio": 0.0882379646, "eps": 0.5, "epsdiluted": 0.5, "weightedAverageShsOut": 262871000, "weightedAverageShsOutDil": 262871000, "link": "https://www.sec.gov/Archives/edgar/data/36966/000093041312001162/0000930413-12-001162-index.htm", "finalLink": "https://www.sec.gov/Archives/edgar/data/36966/000093041312001162/c68390_10k.htm", "calculatedOtherExpenses": 983256000, "calculatedOperatingExpenses": 1122901000, "calculatedNetInterest": 700832000, "calculatedOtherIncome": -914926000, "calculatedIncomeNonControlling": 2816000, "calculatedEbitda": 367958000}, {"date": "2010-12-31", "symbol": "FHN", "reportedCurrency": "USD", "cik": "0000036966", "fillingDate": "2011-02-25", "acceptedDate": "2011-02-25 17:24:28", "calendarYear": "2010", "period": "FY", "revenue": 393186000, "costOfRevenue": 0, "grossProfit": 393186000, "grossProfitRatio": 1, "researchAndDevelopmentExpenses": 0, "generalAndAdministrativeExpenses": 206137000, "sellingAndMarketingExpenses": 0, "sellingGeneralAndAdministrativeExpenses": 206137000, "otherExpenses": -336847000, "operatingExpenses": -130710000, "costAndExpenses": -130710000, "interestIncome": 217260000, "interestExpense": 35024000, "depreciationAndAmortization": 1382000, "ebitda": 263858000, "ebitdaratio": 0.6710767932, "operatingIncome": 262476000, "operatingIncomeRatio": 0.6675619173, "totalOtherIncomeExpensesNet": -249127000, "incomeBeforeTax": 13349000, "incomeBeforeTaxRatio": 0.0339508528, "incomeTaxExpense": -3959000, "netIncome": 14468000, "netIncomeRatio": 0.0367968341, "eps": -0.18, "epsdiluted": -0.2, "weightedAverageShsOut": 263366429, "weightedAverageShsOutDil": 263366429, "link": "https://www.sec.gov/Archives/edgar/data/36966/000093041311001273/0000930413-11-001273-index.htm", "finalLink": "https://www.sec.gov/Archives/edgar/data/36966/000093041311001273/c64260_10-k.htm", "calculatedOtherExpenses": -75427000, "calculatedOperatingExpenses": 130710000, "calculatedNetInterest": 182236000, "calculatedOtherIncome": -431363000, "calculatedIncomeNonControlling": 2840000, "calculatedEbitda": 263858000}, {"date": "2009-12-31", "symbol": "FHN", "reportedCurrency": "USD", "cik": "0000036966", "fillingDate": "2010-02-26", "acceptedDate": "2010-02-26 16:16:50", "calendarYear": "2009", "period": "FY", "revenue": 2009999000, "costOfRevenue": 0, "grossProfit": 2009999000, "grossProfitRatio": 1, "researchAndDevelopmentExpenses": 0, "generalAndAdministrativeExpenses": 969364000, "sellingAndMarketingExpenses": 0, "sellingGeneralAndAdministrativeExpenses": 969364000, "otherExpenses": -3131960000, "operatingExpenses": -2162596000, "costAndExpenses": -2162596000, "interestIncome": 992939000, "interestExpense": 216471000, "depreciationAndAmortization": 6017000, "ebitda": -146580000, "ebitdaratio": -0.0729254094, "operatingIncome": -152597000, "operatingIncomeRatio": -0.0759189432, "totalOtherIncomeExpensesNet": -267937000, "incomeBeforeTax": -420534000, "incomeBeforeTaxRatio": -0.2092209996, "incomeTaxExpense": -174945000, "netIncome": -269837000, "netIncomeRatio": -0.1342473305, "eps": -1.15, "epsdiluted": -1.15, "weightedAverageShsOut": 234421588, "weightedAverageShsOutDil": 234421588, "link": "https://www.sec.gov/Archives/edgar/data/36966/000093041310001073/0000930413-10-001073-index.htm", "finalLink": "https://www.sec.gov/Archives/edgar/data/36966/000093041310001073/c60287_10k.htm", "calculatedOtherExpenses": 1193232000, "calculatedOperatingExpenses": 2162596000, "calculatedNetInterest": 776468000, "calculatedOtherIncome": -1044405000, "calculatedIncomeNonControlling": 24248000, "calculatedEbitda": -146580000}, {"date": "2008-12-31", "symbol": "FHN", "reportedCurrency": "USD", "cik": "0000036966", "fillingDate": "2009-02-26", "acceptedDate": "2009-02-26 17:14:28", "calendarYear": "2008", "period": "FY", "revenue": 2386395000, "costOfRevenue": 0, "grossProfit": 2386395000, "grossProfitRatio": 1, "researchAndDevelopmentExpenses": 0, "generalAndAdministrativeExpenses": 260917000, "sellingAndMarketingExpenses": 33014000, "sellingGeneralAndAdministrativeExpenses": 293931000, "otherExpenses": -2317457000, "operatingExpenses": -2023526000, "costAndExpenses": -2023526000, "interestIncome": 1606725000, "interestExpense": 711643000, "depreciationAndAmortization": 49507000, "ebitda": 412376000, "ebitdaratio": 0.1728029098, "operatingIncome": 362869000, "operatingIncomeRatio": 0.152057392, "totalOtherIncomeExpensesNet": -712526000, "incomeBeforeTax": -349657000, "incomeBeforeTaxRatio": -0.1465210076, "incomeTaxExpense": -156814000, "netIncome": -191960000, "netIncomeRatio": -0.0804393237, "eps": -0.93, "epsdiluted": -0.93, "weightedAverageShsOut": 206681943, "weightedAverageShsOutDil": 206681943, "link": "https://www.sec.gov/Archives/edgar/data/36966/000093041309001040/0000930413-09-001040-index.htm", "finalLink": "https://www.sec.gov/Archives/edgar/data/36966/000093041309001040/c56619_form10-k.htm", "calculatedOtherExpenses": 1729595000, "calculatedOperatingExpenses": 2023526000, "calculatedNetInterest": 895082000, "calculatedOtherIncome": -1607608000, "calculatedIncomeNonControlling": -883000, "calculatedEbitda": 412376000}, {"date": "2007-12-31", "symbol": "FHN", "reportedCurrency": "USD", "cik": "0000036966", "fillingDate": "2008-02-27", "acceptedDate": "2008-02-27 17:28:01", "calendarYear": "2007", "period": "FY", "revenue": 1800591000, "costOfRevenue": 0, "grossProfit": 1800591000, "grossProfitRatio": 1, "researchAndDevelopmentExpenses": 0, "generalAndAdministrativeExpenses": 968122000, "sellingAndMarketingExpenses": 42346000, "sellingGeneralAndAdministrativeExpenses": 1010468000, "otherExpenses": -1756584000, "operatingExpenses": -746116000, "costAndExpenses": -746116000, "interestIncome": 2305959000, "interestExpense": 1365317000, "depreciationAndAmortization": 131634000, "ebitda": 1186109000, "ebitdaratio": 0.6587331604, "operatingIncome": 1054475000, "operatingIncomeRatio": 0.5856271635, "totalOtherIncomeExpensesNet": -1370082000, "incomeBeforeTax": -315607000, "incomeBeforeTaxRatio": -0.1752796721, "incomeTaxExpense": -140731000, "netIncome": -170111000, "netIncomeRatio": -0.0944750918, "eps": -1.13, "epsdiluted": -1.13, "weightedAverageShsOut": 151058188, "weightedAverageShsOutDil": 151058188, "link": "https://www.sec.gov/Archives/edgar/data/36966/000093041308001253/0000930413-08-001253-index.htm", "finalLink": "https://www.sec.gov/Archives/edgar/data/36966/000093041308001253/c52298_10-k.htm", "calculatedOtherExpenses": -264352000, "calculatedOperatingExpenses": 746116000, "calculatedNetInterest": 940642000, "calculatedOtherIncome": -2310724000, "calculatedIncomeNonControlling": -4765000, "calculatedEbitda": 1186109000}, {"date": "2006-12-31", "symbol": "FHN", "reportedCurrency": "USD", "cik": "0000036966", "fillingDate": "2007-02-28", "acceptedDate": "2007-02-28 14:54:39", "calendarYear": "2006", "period": "FY", "revenue": 2163830000, "costOfRevenue": 0, "grossProfit": 2163830000, "grossProfitRatio": 1, "researchAndDevelopmentExpenses": 0, "generalAndAdministrativeExpenses": 1023685000, "sellingAndMarketingExpenses": 47427000, "sellingGeneralAndAdministrativeExpenses": 1071112000, "otherExpenses": -1352576000, "operatingExpenses": -281464000, "costAndExpenses": -281464000, "interestIncome": 2329111000, "interestExpense": 1332174000, "depreciationAndAmortization": 144806000, "ebitda": 2027172000, "ebitdaratio": 0.9368443917, "operatingIncome": 1882366000, "operatingIncomeRatio": 0.869923238, "totalOtherIncomeExpensesNet": -1544286000, "incomeBeforeTax": 338080000, "incomeBeforeTaxRatio": 0.1562414792, "incomeTaxExpense": 87278000, "netIncome": 462914000, "netIncomeRatio": 0.2139327027, "eps": 3.1, "epsdiluted": 3.02, "weightedAverageShsOut": 149389673, "weightedAverageShsOutDil": 153547756, "link": "https://www.sec.gov/Archives/edgar/data/36966/000093041307001767/0000930413-07-001767-index.htm", "finalLink": "https://www.sec.gov/Archives/edgar/data/36966/000093041307001767/c46655_10-k.htm", "calculatedOtherExpenses": -789648000, "calculatedOperatingExpenses": 281464000, "calculatedNetInterest": 996937000, "calculatedOtherIncome": -2541223000, "calculatedIncomeNonControlling": -212112000, "calculatedEbitda": 2027172000}, {"date": "2005-12-31", "symbol": "FHN", "reportedCurrency": "USD", "cik": "0000036966", "fillingDate": "2006-03-08", "acceptedDate": "2006-03-08 17:26:52", "calendarYear": "2005", "period": "FY", "revenue": 2383783000, "costOfRevenue": 0, "grossProfit": 2383783000, "grossProfitRatio": 1, "researchAndDevelopmentExpenses": 0, "generalAndAdministrativeExpenses": 998180000, "sellingAndMarketingExpenses": 46389000, "sellingGeneralAndAdministrativeExpenses": 1044569000, "otherExpenses": -1930130000, "operatingExpenses": -885561000, "costAndExpenses": -885561000, "interestIncome": 1840174000, "interestExpense": 856147000, "depreciationAndAmortization": 386194000, "ebitda": 1884416000, "ebitdaratio": 0.7905149084, "operatingIncome": 1498222000, "operatingIncomeRatio": 0.6285060343, "totalOtherIncomeExpensesNet": -853049000, "incomeBeforeTax": 645173000, "incomeBeforeTaxRatio": 0.270650894, "incomeTaxExpense": 204075000, "netIncome": 438000000, "netIncomeRatio": 0.183741557, "eps": 2.82, "epsdiluted": 2.73, "weightedAverageShsOut": 150616452, "weightedAverageShsOutDil": 155284692, "link": "https://www.sec.gov/Archives/edgar/data/36966/000095011706001090/0000950117-06-001090-index.htm", "finalLink": "https://www.sec.gov/Archives/edgar/data/36966/000095011706001090/a41409.htm", "calculatedOtherExpenses": -159008000, "calculatedOperatingExpenses": 885561000, "calculatedNetInterest": 984027000, "calculatedOtherIncome": -1837076000, "calculatedIncomeNonControlling": 3098000, "calculatedEbitda": 1884416000}, {"date": "2004-12-31", "symbol": "FHN", "reportedCurrency": "USD", "cik": "0000036966", "fillingDate": "2005-03-14", "acceptedDate": "2005-03-14 16:27:51", "calendarYear": "2004", "period": "FY", "revenue": 2219500000, "costOfRevenue": 0, "grossProfit": 2219500000, "grossProfitRatio": 1, "researchAndDevelopmentExpenses": 0, "generalAndAdministrativeExpenses": 914947000, "sellingAndMarketingExpenses": 39961000, "sellingGeneralAndAdministrativeExpenses": 954908000, "otherExpenses": -2197107000, "operatingExpenses": -1242199000, "costAndExpenses": -1242199000, "interestIncome": 1166802000, "interestExpense": 310491000, "depreciationAndAmortization": 249635000, "ebitda": 1226936000, "ebitdaratio": 0.552798378, "operatingIncome": 977301000, "operatingIncomeRatio": 0.4403248479, "totalOtherIncomeExpensesNet": -310491000, "incomeBeforeTax": 666810000, "incomeBeforeTaxRatio": 0.3004325298, "incomeTaxExpense": 212401000, "netIncome": 454409000, "netIncomeRatio": 0.2047348502, "eps": 2.97, "epsdiluted": 2.89, "weightedAverageShsOut": 149722176, "weightedAverageShsOutDil": 154170748, "link": "https://www.sec.gov/Archives/edgar/data/36966/000095011705000949/0000950117-05-000949-index.htm", "finalLink": "https://www.sec.gov/Archives/edgar/data/36966/000095011705000949/a39355.txt", "calculatedOtherExpenses": 287291000, "calculatedOperatingExpenses": 1242199000, "calculatedNetInterest": 856311000, "calculatedOtherIncome": -1166802000, "calculatedIncomeNonControlling": 0, "calculatedEbitda": 1226936000}, {"date": "2003-12-31", "symbol": "FHN", "reportedCurrency": "USD", "cik": "0000036966", "fillingDate": "2004-03-10", "acceptedDate": "2004-03-10 16:20:29", "calendarYear": "2003", "period": "FY", "revenue": 2445798000, "costOfRevenue": 0, "grossProfit": 2445798000, "grossProfitRatio": 1, "researchAndDevelopmentExpenses": 0, "generalAndAdministrativeExpenses": 980306000, "sellingAndMarketingExpenses": 0, "sellingGeneralAndAdministrativeExpenses": 980306000, "otherExpenses": -2459520000, "operatingExpenses": -1479214000, "costAndExpenses": -1479214000, "interestIncome": 1053370000, "interestExpense": 247586000, "depreciationAndAmortization": 425231000, "ebitda": 1391815000, "ebitdaratio": 0.5690637575, "operatingIncome": 966584000, "operatingIncomeRatio": 0.3952018932, "totalOtherIncomeExpensesNet": -247586000, "incomeBeforeTax": 718998000, "incomeBeforeTaxRatio": 0.2939727647, "incomeTaxExpense": 245689000, "netIncome": 473309000, "netIncomeRatio": 0.1935192522, "eps": 3.11, "epsdiluted": 3.02, "weightedAverageShsOut": 152165437, "weightedAverageShsOutDil": 156946416, "link": "https://www.sec.gov/Archives/edgar/data/36966/000095011704000935/0000950117-04-000935-index.htm", "finalLink": "https://www.sec.gov/Archives/edgar/data/36966/000095011704000935/a37190.txt", "calculatedOtherExpenses": 498908000, "calculatedOperatingExpenses": 1479214000, "calculatedNetInterest": 805784000, "calculatedOtherIncome": -1053370000, "calculatedIncomeNonControlling": 0, "calculatedEbitda": 1391815000}, {"date": "2002-12-31", "symbol": "FHN", "reportedCurrency": "USD", "cik": "0000036966", "fillingDate": "2003-03-19", "acceptedDate": "2003-03-19 14:36:29", "calendarYear": "2002", "period": "FY", "revenue": 2293577000, "costOfRevenue": 0, "grossProfit": 2293577000, "grossProfitRatio": 1, "researchAndDevelopmentExpenses": 0, "generalAndAdministrativeExpenses": 998562000, "sellingAndMarketingExpenses": 0, "sellingGeneralAndAdministrativeExpenses": 998562000, "otherExpenses": -2447499000, "operatingExpenses": -1448937000, "costAndExpenses": -1448937000, "interestIncome": 1039093000, "interestExpense": 286581000, "depreciationAndAmortization": 353672000, "ebitda": 1198312000, "ebitdaratio": 0.5224642556, "operatingIncome": 844640000, "operatingIncomeRatio": 0.3682631976, "totalOtherIncomeExpensesNet": -286581000, "incomeBeforeTax": 558059000, "incomeBeforeTaxRatio": 0.2433138281, "incomeTaxExpense": 181608000, "netIncome": 376451000, "netIncomeRatio": 0.1641327062, "eps": 2.38, "epsdiluted": 2.32, "weightedAverageShsOut": 152103711, "weightedAverageShsOutDil": 156313409, "link": "https://www.sec.gov/Archives/edgar/data/36966/000095014403003353/0000950144-03-003353-index.htm", "finalLink": "https://www.sec.gov/Archives/edgar/data/36966/000095014403003353/g81115e10vk.htm", "calculatedOtherExpenses": 450375000, "calculatedOperatingExpenses": 1448937000, "calculatedNetInterest": 752512000, "calculatedOtherIncome": -1039093000, "calculatedIncomeNonControlling": 0, "calculatedEbitda": 1198312000}, {"date": "2001-12-31", "symbol": "FHN", "reportedCurrency": "USD", "cik": "0000036966", "fillingDate": "2001-12-31", "acceptedDate": "2001-12-31 00:00:00", "calendarYear": "2001", "period": "FY", "revenue": 1945911000, "costOfRevenue": 0, "grossProfit": 1945911000, "grossProfitRatio": 1, "researchAndDevelopmentExpenses": 0, "generalAndAdministrativeExpenses": 797841000, "sellingAndMarketingExpenses": 59635000, "sellingGeneralAndAdministrativeExpenses": 857476000, "otherExpenses": -1808514000, "operatingExpenses": -951038000, "costAndExpenses": -951038000, "interestIncome": 1198871000, "interestExpense": 512596000, "depreciationAndAmortization": 306966000, "ebitda": 1301839000, "ebitdaratio": 0.6690126116, "operatingIncome": 994873000, "operatingIncomeRatio": 0.511263362, "totalOtherIncomeExpensesNet": -501203000, "incomeBeforeTax": 493670000, "incomeBeforeTaxRatio": 0.2536960837, "incomeTaxExpense": 164068000, "netIncome": 318209000, "netIncomeRatio": 0.1635270061, "eps": 2.07, "epsdiluted": 2.02, "weightedAverageShsOut": 153380131, "weightedAverageShsOutDil": 157893844, "link": null, "finalLink": null, "calculatedOtherExpenses": 93562000, "calculatedOperatingExpenses": 951038000, "calculatedNetInterest": 686275000, "calculatedOtherIncome": -1187478000, "calculatedIncomeNonControlling": 11393000, "calculatedEbitda": 1301839000}, {"date": "2000-12-31", "symbol": "FHN", "reportedCurrency": "USD", "cik": "0000036966", "fillingDate": "2001-03-28", "acceptedDate": "2001-03-28 00:00:00", "calendarYear": "2000", "period": "FY", "revenue": 1661771000, "costOfRevenue": 0, "grossProfit": 1661771000, "grossProfitRatio": 1, "researchAndDevelopmentExpenses": 0, "generalAndAdministrativeExpenses": 598017000, "sellingAndMarketingExpenses": 26693000, "sellingGeneralAndAdministrativeExpenses": 624710000, "otherExpenses": -1184784000, "operatingExpenses": -560074000, "costAndExpenses": -560074000, "interestIncome": 1363046000, "interestExpense": 764695000, "depreciationAndAmortization": 191530000, "ebitda": 1293227000, "ebitdaratio": 0.7782221497, "operatingIncome": 1101697000, "operatingIncomeRatio": 0.6629655951, "totalOtherIncomeExpensesNet": -764695000, "incomeBeforeTax": 337002000, "incomeBeforeTaxRatio": 0.2027968956, "incomeTaxExpense": 104421000, "netIncome": 232581000, "netIncomeRatio": 0.1399597177, "eps": 1.49, "epsdiluted": 1.47, "weightedAverageShsOut": 155886155, "weightedAverageShsOutDil": 157730680, "link": "https://www.sec.gov/Archives/edgar/data/36966/000095014401004077/0000950144-01-004077-index.htm", "finalLink": "https://www.sec.gov/Archives/edgar/data/36966/000095014401004077/g67684e10-k.txt", "calculatedOtherExpenses": -64636000, "calculatedOperatingExpenses": 560074000, "calculatedNetInterest": 598351000, "calculatedOtherIncome": -1363046000, "calculatedIncomeNonControlling": 0, "calculatedEbitda": 1293227000}, {"date": "1999-12-31", "symbol": "FHN", "reportedCurrency": "USD", "cik": "0000036966", "fillingDate": "2000-03-24", "acceptedDate": "2000-03-24 00:00:00", "calendarYear": "1999", "period": "FY", "revenue": 1712600000, "costOfRevenue": 0, "grossProfit": 1712600000, "grossProfitRatio": 1, "researchAndDevelopmentExpenses": 0, "generalAndAdministrativeExpenses": 633600000, "sellingAndMarketingExpenses": 30200000, "sellingGeneralAndAdministrativeExpenses": 663800000, "otherExpenses": -1379300000, "operatingExpenses": -715500000, "costAndExpenses": -715500000, "interestIncome": 1207200000, "interestExpense": 617700000, "depreciationAndAmortization": 167700000, "ebitda": 1164800000, "ebitdaratio": 0.6801354665, "operatingIncome": 997100000, "operatingIncomeRatio": 0.5822141773, "totalOtherIncomeExpensesNet": -617700000, "incomeBeforeTax": 379400000, "incomeBeforeTaxRatio": 0.2215345089, "incomeTaxExpense": 131900000, "netIncome": 247500000, "netIncomeRatio": 0.1445171085, "eps": 1.58, "epsdiluted": 1.54, "weightedAverageShsOut": 156735655, "weightedAverageShsOutDil": 160590069, "link": "https://www.sec.gov/Archives/edgar/data/36966/000095014400003638/0000950144-00-003638-index.htm", "finalLink": "https://www.sec.gov/Archives/edgar/data/36966/000095014400003638/", "calculatedOtherExpenses": 51700000, "calculatedOperatingExpenses": 715500000, "calculatedNetInterest": 589500000, "calculatedOtherIncome": -1207200000, "calculatedIncomeNonControlling": 0, "calculatedEbitda": 1164800000}, {"date": "1998-12-31", "symbol": "FHN", "reportedCurrency": "USD", "cik": "0000036966", "fillingDate": "1999-03-23", "acceptedDate": "1999-03-23 00:00:00", "calendarYear": "1998", "period": "FY", "revenue": 1526000000, "costOfRevenue": 0, "grossProfit": 1526000000, "grossProfitRatio": 1, "researchAndDevelopmentExpenses": 0, "generalAndAdministrativeExpenses": 563600000, "sellingAndMarketingExpenses": 25200000, "sellingGeneralAndAdministrativeExpenses": 588800000, "otherExpenses": -1168600000, "operatingExpenses": -579800000, "costAndExpenses": -579800000, "interestIncome": 1133800000, "interestExpense": 593300000, "depreciationAndAmortization": 162300000, "ebitda": 1108500000, "ebitdaratio": 0.7264089122, "operatingIncome": 946200000, "operatingIncomeRatio": 0.6200524246, "totalOtherIncomeExpensesNet": -593300000, "incomeBeforeTax": 352900000, "incomeBeforeTaxRatio": 0.2312581913, "incomeTaxExpense": 126500000, "netIncome": 226400000, "netIncomeRatio": 0.14836173, "eps": 1.47, "epsdiluted": 1.43, "weightedAverageShsOut": 153929481, "weightedAverageShsOutDil": 158002219, "link": "https://www.sec.gov/Archives/edgar/data/36966/000095014499003029/0000950144-99-003029-index.htm", "finalLink": "https://www.sec.gov/Archives/edgar/data/36966/0000950144-99-003029.txt", "calculatedOtherExpenses": -9000000, "calculatedOperatingExpenses": 579800000, "calculatedNetInterest": 540500000, "calculatedOtherIncome": -1133800000, "calculatedIncomeNonControlling": 0, "calculatedEbitda": 1108500000}, {"date": "1997-12-31", "symbol": "FHN", "reportedCurrency": "USD", "cik": "0000036966", "fillingDate": "1998-03-23", "acceptedDate": "1998-03-23 00:00:00", "calendarYear": "1997", "period": "FY", "revenue": 1151200000, "costOfRevenue": 0, "grossProfit": 1151200000, "grossProfitRatio": 1, "researchAndDevelopmentExpenses": 0, "generalAndAdministrativeExpenses": 409800000, "sellingAndMarketingExpenses": 18700000, "sellingGeneralAndAdministrativeExpenses": 428500000, "otherExpenses": -806400000, "operatingExpenses": -377900000, "costAndExpenses": -377900000, "interestIncome": 941300000, "interestExpense": 458200000, "depreciationAndAmortization": 85800000, "ebitda": 859100000, "ebitdaratio": 0.7462647672, "operatingIncome": 773300000, "operatingIncomeRatio": 0.6717338429, "totalOtherIncomeExpensesNet": -458200000, "incomeBeforeTax": 315100000, "incomeBeforeTaxRatio": 0.273714385, "incomeTaxExpense": 117600000, "netIncome": 197500000, "netIncomeRatio": 0.1715601112, "eps": 1.28, "epsdiluted": 1.25, "weightedAverageShsOut": 154086043, "weightedAverageShsOutDil": 158048745, "link": "https://www.sec.gov/Archives/edgar/data/36966/000095014498003103/0000950144-98-003103-index.htm", "finalLink": "https://www.sec.gov/Archives/edgar/data/36966/000095014498003103/", "calculatedOtherExpenses": -50600000, "calculatedOperatingExpenses": 377900000, "calculatedNetInterest": 483100000, "calculatedOtherIncome": -941300000, "calculatedIncomeNonControlling": 0, "calculatedEbitda": 859100000}, {"date": "1996-12-31", "symbol": "FHN", "reportedCurrency": "USD", "cik": "0000036966", "fillingDate": "1997-03-27", "acceptedDate": "1997-03-27 00:00:00", "calendarYear": "1996", "period": "FY", "revenue": 1022300000, "costOfRevenue": 0, "grossProfit": 1022300000, "grossProfitRatio": 1, "researchAndDevelopmentExpenses": 0, "generalAndAdministrativeExpenses": 385400000, "sellingAndMarketingExpenses": 17600000, "sellingGeneralAndAdministrativeExpenses": 403000000, "otherExpenses": -697800000, "operatingExpenses": -294800000, "costAndExpenses": -294800000, "interestIncome": 896500000, "interestExpense": 445300000, "depreciationAndAmortization": 75500000, "ebitda": 803000000, "ebitdaratio": 0.7854837132, "operatingIncome": 727500000, "operatingIncomeRatio": 0.7116306368, "totalOtherIncomeExpensesNet": -445300000, "incomeBeforeTax": 282200000, "incomeBeforeTaxRatio": 0.276044214, "incomeTaxExpense": 102300000, "netIncome": 179900000, "netIncomeRatio": 0.175975741, "eps": 1.12, "epsdiluted": 1.12, "weightedAverageShsOut": 161321560, "weightedAverageShsOutDil": 161666882, "link": "https://www.sec.gov/Archives/edgar/data/36966/000095014497003050/0000950144-97-003050-index.htm", "finalLink": "https://www.sec.gov/Archives/edgar/data/36966/0000950144-97-003050.txt", "calculatedOtherExpenses": -108200000, "calculatedOperatingExpenses": 294800000, "calculatedNetInterest": 451200000, "calculatedOtherIncome": -896500000, "calculatedIncomeNonControlling": 0, "calculatedEbitda": 803000000}, {"date": "1995-12-31", "symbol": "FHN", "reportedCurrency": "USD", "cik": "0000036966", "fillingDate": "1996-03-25", "acceptedDate": "1996-03-25 00:00:00", "calendarYear": "1995", "period": "FY", "revenue": 887200000, "costOfRevenue": 0, "grossProfit": 887200000, "grossProfitRatio": 1, "researchAndDevelopmentExpenses": 0, "generalAndAdministrativeExpenses": 340500000, "sellingAndMarketingExpenses": 12900000, "sellingGeneralAndAdministrativeExpenses": 353400000, "otherExpenses": -555700000, "operatingExpenses": -202300000, "costAndExpenses": -202300000, "interestIncome": 822500000, "interestExpense": 431900000, "depreciationAndAmortization": 68900000, "ebitda": 753800000, "ebitdaratio": 0.8496393147, "operatingIncome": 684900000, "operatingIncomeRatio": 0.7719792606, "totalOtherIncomeExpensesNet": -431900000, "incomeBeforeTax": 253000000, "incomeBeforeTaxRatio": 0.285166817, "incomeTaxExpense": 88100000, "netIncome": 164900000, "netIncomeRatio": 0.1858656447, "eps": 1.01, "epsdiluted": 1.01, "weightedAverageShsOut": 163309872, "weightedAverageShsOutDil": 163309872, "link": "https://www.sec.gov/Archives/edgar/data/36966/000095014496001142/0000950144-96-001142-index.htm", "finalLink": "https://www.sec.gov/Archives/edgar/data/36966/0000950144-96-001142.txt", "calculatedOtherExpenses": -151100000, "calculatedOperatingExpenses": 202300000, "calculatedNetInterest": 390600000, "calculatedOtherIncome": -822500000, "calculatedIncomeNonControlling": 0, "calculatedEbitda": 753800000}, {"date": "1994-12-31", "symbol": "FHN", "reportedCurrency": "USD", "cik": "0000036966", "fillingDate": "1995-03-24", "acceptedDate": "1995-03-24 00:00:00", "calendarYear": "1994", "period": "FY", "revenue": 769800000, "costOfRevenue": 0, "grossProfit": 769800000, "grossProfitRatio": 1, "researchAndDevelopmentExpenses": 0, "generalAndAdministrativeExpenses": 294900000, "sellingAndMarketingExpenses": 0, "sellingGeneralAndAdministrativeExpenses": 294900000, "otherExpenses": -569400000, "operatingExpenses": -274500000, "costAndExpenses": -274500000, "interestIncome": 668700000, "interestExpense": 288100000, "depreciationAndAmortization": 53700000, "ebitda": 549000000, "ebitdaratio": 0.7131722525, "operatingIncome": 495300000, "operatingIncomeRatio": 0.6434138737, "totalOtherIncomeExpensesNet": -288100000, "incomeBeforeTax": 207200000, "incomeBeforeTaxRatio": 0.269160821, "incomeTaxExpense": 60900000, "netIncome": 146300000, "netIncomeRatio": 0.1900493635, "eps": 0.95, "epsdiluted": 0.95, "weightedAverageShsOut": 154195120, "weightedAverageShsOutDil": 154212267, "link": "https://www.sec.gov/Archives/edgar/data/36966/000095014495000745/0000950144-95-000745-index.htm", "finalLink": "https://www.sec.gov/Archives/edgar/data/36966/0000950144-95-000745.txt", "calculatedOtherExpenses": -20400000, "calculatedOperatingExpenses": 274500000, "calculatedNetInterest": 380600000, "calculatedOtherIncome": -668700000, "calculatedIncomeNonControlling": 0, "calculatedEbitda": 549000000}, {"date": "1993-12-31", "symbol": "FHN", "reportedCurrency": "USD", "cik": "0000036966", "fillingDate": "1994-03-08", "acceptedDate": "1994-03-08 00:00:00", "calendarYear": "1993", "period": "FY", "revenue": 617100000, "costOfRevenue": 0, "grossProfit": 617100000, "grossProfitRatio": 1, "researchAndDevelopmentExpenses": 0, "generalAndAdministrativeExpenses": 219600000, "sellingAndMarketingExpenses": 0, "sellingGeneralAndAdministrativeExpenses": 219600000, "otherExpenses": -412600000, "operatingExpenses": -193000000, "costAndExpenses": -193000000, "interestIncome": 586500000, "interestExpense": 239900000, "depreciationAndAmortization": 51400000, "ebitda": 475500000, "ebitdaratio": 0.7705396208, "operatingIncome": 424100000, "operatingIncomeRatio": 0.6872467995, "totalOtherIncomeExpensesNet": -239900000, "incomeBeforeTax": 184200000, "incomeBeforeTaxRatio": 0.2984929509, "incomeTaxExpense": 63500000, "netIncome": 120700000, "netIncomeRatio": 0.1955922865, "eps": 0.67, "epsdiluted": 0.67, "weightedAverageShsOut": 178869981, "weightedAverageShsOutDil": 181105856, "link": "https://www.sec.gov/Archives/edgar/data/36966/000095014494000569/0000950144-94-000569-index.htm", "finalLink": "https://www.sec.gov/Archives/edgar/data/36966/0000950144-94-000569.txt", "calculatedOtherExpenses": -26600000, "calculatedOperatingExpenses": 193000000, "calculatedNetInterest": 346600000, "calculatedOtherIncome": -586500000, "calculatedIncomeNonControlling": 0, "calculatedEbitda": 475500000}, {"date": "1992-12-31", "symbol": "FHN", "reportedCurrency": "USD", "cik": "0000036966", "fillingDate": "1992-12-31", "acceptedDate": "1992-12-31 00:00:00", "calendarYear": "1992", "period": "FY", "revenue": 547900000, "costOfRevenue": 0, "grossProfit": 547900000, "grossProfitRatio": 1, "researchAndDevelopmentExpenses": 0, "generalAndAdministrativeExpenses": 187600000, "sellingAndMarketingExpenses": 0, "sellingGeneralAndAdministrativeExpenses": 187600000, "otherExpenses": -314900000, "operatingExpenses": -127300000, "costAndExpenses": -127300000, "interestIncome": 599200000, "interestExpense": 276300000, "depreciationAndAmortization": 40500000, "ebitda": 461100000, "ebitdaratio": 0.8415769301, "operatingIncome": 420600000, "operatingIncomeRatio": 0.7676583318, "totalOtherIncomeExpensesNet": -276300000, "incomeBeforeTax": 144300000, "incomeBeforeTaxRatio": 0.263369228, "incomeTaxExpense": 55100000, "netIncome": 89200000, "netIncomeRatio": 0.1628034313, "eps": 0.67, "epsdiluted": 0.67, "weightedAverageShsOut": 133841279, "weightedAverageShsOutDil": 133841279, "link": null, "finalLink": null, "calculatedOtherExpenses": -60300000, "calculatedOperatingExpenses": 127300000, "calculatedNetInterest": 322900000, "calculatedOtherIncome": -599200000, "calculatedIncomeNonControlling": 0, "calculatedEbitda": 461100000}, {"date": "1991-12-31", "symbol": "FHN", "reportedCurrency": "USD", "cik": "0000036966", "fillingDate": "1991-12-31", "acceptedDate": "1991-12-31 00:00:00", "calendarYear": "1991", "period": "FY", "revenue": 440900000, "costOfRevenue": 0, "grossProfit": 440900000, "grossProfitRatio": 1, "researchAndDevelopmentExpenses": 0, "generalAndAdministrativeExpenses": 156500000, "sellingAndMarketingExpenses": 0, "sellingGeneralAndAdministrativeExpenses": 156500000, "otherExpenses": -197800000, "operatingExpenses": -41300000, "costAndExpenses": -41300000, "interestIncome": 579700000, "interestExpense": 314900000, "depreciationAndAmortization": 11700000, "ebitda": 411300000, "ebitdaratio": 0.9328645951, "operatingIncome": 399600000, "operatingIncomeRatio": 0.9063279655, "totalOtherIncomeExpensesNet": -314900000, "incomeBeforeTax": 84700000, "incomeBeforeTaxRatio": 0.1921070538, "incomeTaxExpense": 20900000, "netIncome": 63800000, "netIncomeRatio": 0.1447040145, "eps": 0.57, "epsdiluted": 0.57, "weightedAverageShsOut": 112622970, "weightedAverageShsOutDil": 112622970, "link": null, "finalLink": null, "calculatedOtherExpenses": -115200000, "calculatedOperatingExpenses": 41300000, "calculatedNetInterest": 264800000, "calculatedOtherIncome": -579700000, "calculatedIncomeNonControlling": 0, "calculatedEbitda": 411300000}, {"date": "1990-12-31", "symbol": "FHN", "reportedCurrency": "USD", "cik": "0000036966", "fillingDate": "1990-12-31", "acceptedDate": "1990-12-31 00:00:00", "calendarYear": "1990", "period": "FY", "revenue": 382200000, "costOfRevenue": 0, "grossProfit": 382200000, "grossProfitRatio": 1, "researchAndDevelopmentExpenses": 0, "generalAndAdministrativeExpenses": 133300000, "sellingAndMarketingExpenses": 0, "sellingGeneralAndAdministrativeExpenses": 133300000, "otherExpenses": -94600000, "operatingExpenses": 38700000, "costAndExpenses": 38700000, "interestIncome": 600200000, "interestExpense": 357600000, "depreciationAndAmortization": 21200000, "ebitda": 442100000, "ebitdaratio": 1.1567242282, "operatingIncome": 420900000, "operatingIncomeRatio": 1.101255887, "totalOtherIncomeExpensesNet": -357600000, "incomeBeforeTax": 63300000, "incomeBeforeTaxRatio": 0.1656200942, "incomeTaxExpense": 15400000, "netIncome": 47900000, "netIncomeRatio": 0.1253270539, "eps": 0.42, "epsdiluted": 0.42, "weightedAverageShsOut": 112740653, "weightedAverageShsOutDil": 112740653, "link": null, "finalLink": null, "calculatedOtherExpenses": -172000000, "calculatedOperatingExpenses": -38700000, "calculatedNetInterest": 242600000, "calculatedOtherIncome": -600200000, "calculatedIncomeNonControlling": 0, "calculatedEbitda": 442100000}, {"date": "1989-12-31", "symbol": "FHN", "reportedCurrency": "USD", "cik": "0000036966", "fillingDate": "1989-12-31", "acceptedDate": "1989-12-31 00:00:00", "calendarYear": "1989", "period": "FY", "revenue": 351600000, "costOfRevenue": 0, "grossProfit": 351600000, "grossProfitRatio": 1, "researchAndDevelopmentExpenses": 0, "generalAndAdministrativeExpenses": 133600000, "sellingAndMarketingExpenses": 0, "sellingGeneralAndAdministrativeExpenses": 133600000, "otherExpenses": -91600000, "operatingExpenses": 42000000, "costAndExpenses": 42000000, "interestIncome": 582500000, "interestExpense": 357300000, "depreciationAndAmortization": 24200000, "ebitda": 417800000, "ebitdaratio": 1.1882821388, "operatingIncome": 393600000, "operatingIncomeRatio": 1.1194539249, "totalOtherIncomeExpensesNet": -357300000, "incomeBeforeTax": 36300000, "incomeBeforeTaxRatio": 0.1032423208, "incomeTaxExpense": 7500000, "netIncome": 28800000, "netIncomeRatio": 0.0819112628, "eps": 0.26, "epsdiluted": 0.26, "weightedAverageShsOut": 111518265, "weightedAverageShsOutDil": 111518265, "link": null, "finalLink": null, "calculatedOtherExpenses": -175600000, "calculatedOperatingExpenses": -42000000, "calculatedNetInterest": 225200000, "calculatedOtherIncome": -582500000, "calculatedIncomeNonControlling": 0, "calculatedEbitda": 417800000}, {"date": "1988-12-31", "symbol": "FHN", "reportedCurrency": "USD", "cik": "0000036966", "fillingDate": "1988-12-31", "acceptedDate": "1988-12-31 00:00:00", "calendarYear": "1988", "period": "FY", "revenue": 0, "costOfRevenue": 0, "grossProfit": 0, "grossProfitRatio": 0, "researchAndDevelopmentExpenses": 0, "generalAndAdministrativeExpenses": 0, "sellingAndMarketingExpenses": 0, "sellingGeneralAndAdministrativeExpenses": 0, "otherExpenses": 52300000, "operatingExpenses": 52300000, "costAndExpenses": 52300000, "interestIncome": 0, "interestExpense": 52300000, "depreciationAndAmortization": 0, "ebitda": 52300000, "ebitdaratio": 0, "operatingIncome": 52300000, "operatingIncomeRatio": 0, "totalOtherIncomeExpensesNet": 0, "incomeBeforeTax": 0, "incomeBeforeTaxRatio": 0, "incomeTaxExpense": -52300000, "netIncome": 52300000, "netIncomeRatio": 0, "eps": 0.47, "epsdiluted": 0.47, "weightedAverageShsOut": 112106004, "weightedAverageShsOutDil": 112106004, "link": null, "finalLink": null, "calculatedOtherExpenses": -52300000, "calculatedOperatingExpenses": -52300000, "calculatedNetInterest": -52300000, "calculatedOtherIncome": 0, "calculatedIncomeNonControlling": 0, "calculatedEbitda": 52300000}, {"date": "1987-12-31", "symbol": "FHN", "reportedCurrency": "USD", "cik": "0000036966", "fillingDate": "1987-12-31", "acceptedDate": "1987-12-31 00:00:00", "calendarYear": "1987", "period": "FY", "revenue": 0, "costOfRevenue": 0, "grossProfit": 0, "grossProfitRatio": 0, "researchAndDevelopmentExpenses": 0, "generalAndAdministrativeExpenses": 0, "sellingAndMarketingExpenses": 0, "sellingGeneralAndAdministrativeExpenses": 0, "otherExpenses": 32900000, "operatingExpenses": 32900000, "costAndExpenses": 32900000, "interestIncome": 0, "interestExpense": 32900000, "depreciationAndAmortization": 0, "ebitda": 32900000, "ebitdaratio": 0, "operatingIncome": 32900000, "operatingIncomeRatio": 0, "totalOtherIncomeExpensesNet": 0, "incomeBeforeTax": 0, "incomeBeforeTaxRatio": 0, "incomeTaxExpense": -32900000, "netIncome": 32900000, "netIncomeRatio": 0, "eps": 0.31, "epsdiluted": 0.31, "weightedAverageShsOut": 106735622, "weightedAverageShsOutDil": 106735622, "link": null, "finalLink": null, "calculatedOtherExpenses": -32900000, "calculatedOperatingExpenses": -32900000, "calculatedNetInterest": -32900000, "calculatedOtherIncome": 0, "calculatedIncomeNonControlling": 0, "calculatedEbitda": 32900000}, {"date": "1986-12-31", "symbol": "FHN", "reportedCurrency": "USD", "cik": "0000036966", "fillingDate": "1986-12-31", "acceptedDate": "1986-12-31 00:00:00", "calendarYear": "1986", "period": "FY", "revenue": 0, "costOfRevenue": 0, "grossProfit": 0, "grossProfitRatio": 0, "researchAndDevelopmentExpenses": 0, "generalAndAdministrativeExpenses": 0, "sellingAndMarketingExpenses": 0, "sellingGeneralAndAdministrativeExpenses": 0, "otherExpenses": 47400000, "operatingExpenses": 47400000, "costAndExpenses": 47400000, "interestIncome": 0, "interestExpense": 47400000, "depreciationAndAmortization": 0, "ebitda": 47400000, "ebitdaratio": 0, "operatingIncome": 47400000, "operatingIncomeRatio": 0, "totalOtherIncomeExpensesNet": 0, "incomeBeforeTax": 0, "incomeBeforeTaxRatio": 0, "incomeTaxExpense": -47400000, "netIncome": 47400000, "netIncomeRatio": 0, "eps": 0.47, "epsdiluted": 0.47, "weightedAverageShsOut": 99820260, "weightedAverageShsOutDil": 99820260, "link": null, "finalLink": null, "calculatedOtherExpenses": -47400000, "calculatedOperatingExpenses": -47400000, "calculatedNetInterest": -47400000, "calculatedOtherIncome": 0, "calculatedIncomeNonControlling": 0, "calculatedEbitda": 47400000}, {"date": "1985-12-31", "symbol": "FHN", "reportedCurrency": "USD", "cik": "0000036966", "fillingDate": "1985-12-31", "acceptedDate": "1985-12-31 00:00:00", "calendarYear": "1985", "period": "FY", "revenue": 0, "costOfRevenue": 0, "grossProfit": 0, "grossProfitRatio": 0, "researchAndDevelopmentExpenses": 0, "generalAndAdministrativeExpenses": 0, "sellingAndMarketingExpenses": 0, "sellingGeneralAndAdministrativeExpenses": 0, "otherExpenses": 37800000, "operatingExpenses": 37800000, "costAndExpenses": 37800000, "interestIncome": 0, "interestExpense": 37800000, "depreciationAndAmortization": 0, "ebitda": 37800000, "ebitdaratio": 0, "operatingIncome": 37800000, "operatingIncomeRatio": 0, "totalOtherIncomeExpensesNet": 0, "incomeBeforeTax": 0, "incomeBeforeTaxRatio": 0, "incomeTaxExpense": -37800000, "netIncome": 37800000, "netIncomeRatio": 0, "eps": 0.38, "epsdiluted": 0.38, "weightedAverageShsOut": 98639117, "weightedAverageShsOutDil": 98639117, "link": null, "finalLink": null, "calculatedOtherExpenses": -37800000, "calculatedOperatingExpenses": -37800000, "calculatedNetInterest": -37800000, "calculatedOtherIncome": 0, "calculatedIncomeNonControlling": 0, "calculatedEbitda": 37800000}]}