{"originalCurrency": "USD", "convertedCurrency": "USD", "report": [{"date": "2023-12-31", "symbol": "FI", "reportedCurrency": "USD", "cik": "0000798354", "fillingDate": "2023-12-31", "acceptedDate": "2023-12-29 19:00:00", "calendarYear": "2023", "period": "FY", "revenue": 19093000000, "costOfRevenue": 7666000000, "grossProfit": 11427000000, "grossProfitRatio": 0.5984915938, "researchAndDevelopmentExpenses": 0, "generalAndAdministrativeExpenses": 0, "sellingAndMarketingExpenses": 0, "sellingGeneralAndAdministrativeExpenses": 6576000000, "otherExpenses": -140000000, "operatingExpenses": 6576000000, "costAndExpenses": 14242000000, "interestIncome": 28000000, "interestExpense": 989000000, "depreciationAndAmortization": 2926000000, "ebitda": 7777000000, "ebitdaratio": 0.4073220552, "operatingIncome": 4851000000, "operatingIncomeRatio": 0.254072173, "totalOtherIncomeExpensesNet": -953000000, "incomeBeforeTax": 3898000000, "incomeBeforeTaxRatio": 0.2041585922, "incomeTaxExpense": 754000000, "netIncome": 3068000000, "netIncomeRatio": 0.1606871628, "eps": 5.02, "epsdiluted": 4.98, "weightedAverageShsOut": 611700000, "weightedAverageShsOutDil": 615900000, "link": null, "finalLink": null, "calculatedOtherExpenses": 0, "calculatedOperatingExpenses": 6576000000, "calculatedNetInterest": -961000000, "calculatedOtherIncome": 8000000, "calculatedIncomeNonControlling": 76000000, "calculatedEbitda": 7777000000}, {"date": "2022-12-31", "symbol": "FI", "reportedCurrency": "USD", "cik": "0000798354", "fillingDate": "2022-12-31", "acceptedDate": "2022-12-31 00:00:00", "calendarYear": "2022", "period": "FY", "revenue": 17737000000, "costOfRevenue": 7992000000, "grossProfit": 9745000000, "grossProfitRatio": 0.549416474, "researchAndDevelopmentExpenses": 0, "generalAndAdministrativeExpenses": 0, "sellingAndMarketingExpenses": 0, "sellingGeneralAndAdministrativeExpenses": 6059000000, "otherExpenses": -94000000, "operatingExpenses": 6059000000, "costAndExpenses": 14051000000, "interestIncome": 13000000, "interestExpense": 733000000, "depreciationAndAmortization": 3021000000, "ebitda": 6761000000, "ebitdaratio": 0.381180583, "operatingIncome": 3740000000, "operatingIncomeRatio": 0.210858657, "totalOtherIncomeExpensesNet": -827000000, "incomeBeforeTax": 2913000000, "incomeBeforeTaxRatio": 0.1642329594, "incomeTaxExpense": 551000000, "netIncome": 2530000000, "netIncomeRatio": 0.1426396798, "eps": 3.94, "epsdiluted": 3.9, "weightedAverageShsOut": 642300000, "weightedAverageShsOutDil": 647900000, "link": null, "finalLink": null, "calculatedOtherExpenses": -54000000, "calculatedOperatingExpenses": 6005000000, "calculatedNetInterest": -720000000, "calculatedOtherIncome": -107000000, "calculatedIncomeNonControlling": -168000000, "calculatedEbitda": 6761000000}, {"date": "2021-12-31", "symbol": "FI", "reportedCurrency": "USD", "cik": "0000798354", "fillingDate": "2021-12-31", "acceptedDate": "2021-12-31 00:00:00", "calendarYear": "2021", "period": "FY", "revenue": 16226000000, "costOfRevenue": 8128000000, "grossProfit": 8098000000, "grossProfitRatio": 0.4990755577, "researchAndDevelopmentExpenses": 0, "generalAndAdministrativeExpenses": 0, "sellingAndMarketingExpenses": 0, "sellingGeneralAndAdministrativeExpenses": 5810000000, "otherExpenses": 71000000, "operatingExpenses": 5810000000, "costAndExpenses": 13938000000, "interestIncome": 3000000, "interestExpense": 693000000, "depreciationAndAmortization": 3267000000, "ebitda": 5555000000, "ebitdaratio": 0.3423517811, "operatingIncome": 2288000000, "operatingIncomeRatio": 0.1410082584, "totalOtherIncomeExpensesNet": -622000000, "incomeBeforeTax": 1666000000, "incomeBeforeTaxRatio": 0.1026747196, "incomeTaxExpense": 363000000, "netIncome": 1334000000, "netIncomeRatio": 0.082213731, "eps": 2.01, "epsdiluted": 1.99, "weightedAverageShsOut": 662600000, "weightedAverageShsOutDil": 671600000, "link": null, "finalLink": null, "calculatedOtherExpenses": 0, "calculatedOperatingExpenses": 5810000000, "calculatedNetInterest": -690000000, "calculatedOtherIncome": 68000000, "calculatedIncomeNonControlling": -31000000, "calculatedEbitda": 5555000000}, {"date": "2020-12-31", "symbol": "FI", "reportedCurrency": "USD", "cik": "0000798354", "fillingDate": "2020-12-31", "acceptedDate": "2020-12-31 00:00:00", "calendarYear": "2020", "period": "FY", "revenue": 14852000000, "costOfRevenue": 7812000000, "grossProfit": 7040000000, "grossProfitRatio": 0.4740102343, "researchAndDevelopmentExpenses": 0, "generalAndAdministrativeExpenses": 0, "sellingAndMarketingExpenses": 0, "sellingGeneralAndAdministrativeExpenses": 5652000000, "otherExpenses": 28000000, "operatingExpenses": 5652000000, "costAndExpenses": 13464000000, "interestIncome": 7000000, "interestExpense": 709000000, "depreciationAndAmortization": 3210000000, "ebitda": 4626000000, "ebitdaratio": 0.3114732023, "operatingIncome": 1416000000, "operatingIncomeRatio": 0.0953406949, "totalOtherIncomeExpensesNet": -245000000, "incomeBeforeTax": 1171000000, "incomeBeforeTaxRatio": 0.0788446001, "incomeTaxExpense": 196000000, "netIncome": 958000000, "netIncomeRatio": 0.0645030972, "eps": 1.43, "epsdiluted": 1.4, "weightedAverageShsOut": 672100000, "weightedAverageShsOutDil": 683400000, "link": null, "finalLink": null, "calculatedOtherExpenses": -28000000, "calculatedOperatingExpenses": 5624000000, "calculatedNetInterest": -702000000, "calculatedOtherIncome": 457000000, "calculatedIncomeNonControlling": 17000000, "calculatedEbitda": 4626000000}, {"date": "2019-12-31", "symbol": "FI", "reportedCurrency": "USD", "cik": "0000798354", "fillingDate": "2019-12-31", "acceptedDate": "2019-12-31 00:00:00", "calendarYear": "2019", "period": "FY", "revenue": 10187000000, "costOfRevenue": 5309000000, "grossProfit": 4878000000, "grossProfitRatio": 0.4788455875, "researchAndDevelopmentExpenses": 0, "generalAndAdministrativeExpenses": 0, "sellingAndMarketingExpenses": 0, "sellingGeneralAndAdministrativeExpenses": 3284000000, "otherExpenses": -6000000, "operatingExpenses": 3284000000, "costAndExpenses": 8593000000, "interestIncome": 34000000, "interestExpense": 473000000, "depreciationAndAmortization": 1583000000, "ebitda": 3192000000, "ebitdaratio": 0.3133405321, "operatingIncome": 1609000000, "operatingIncomeRatio": 0.1579464023, "totalOtherIncomeExpensesNet": -526000000, "incomeBeforeTax": 1083000000, "incomeBeforeTaxRatio": 0.1063119662, "incomeTaxExpense": 198000000, "netIncome": 893000000, "netIncomeRatio": 0.0876607441, "eps": 1.74, "epsdiluted": 1.71, "weightedAverageShsOut": 512299999, "weightedAverageShsOutDil": 522600000, "link": null, "finalLink": null, "calculatedOtherExpenses": -15000000, "calculatedOperatingExpenses": 3269000000, "calculatedNetInterest": -439000000, "calculatedOtherIncome": -87000000, "calculatedIncomeNonControlling": -8000000, "calculatedEbitda": 3192000000}, {"date": "2018-12-31", "symbol": "FI", "reportedCurrency": "USD", "cik": "0000798354", "fillingDate": "2019-02-25", "acceptedDate": "2019-02-25 17:19:53", "calendarYear": "2018", "period": "FY", "revenue": 5823000000, "costOfRevenue": 3069000000, "grossProfit": 2754000000, "grossProfitRatio": 0.4729520866, "researchAndDevelopmentExpenses": 0, "generalAndAdministrativeExpenses": 155584000, "sellingAndMarketingExpenses": 1072416000, "sellingGeneralAndAdministrativeExpenses": 1228000000, "otherExpenses": 9000000, "operatingExpenses": 1228000000, "costAndExpenses": 4297000000, "interestIncome": 0, "interestExpense": 193000000, "depreciationAndAmortization": 556000000, "ebitda": 2091000000, "ebitdaratio": 0.3590932509, "operatingIncome": 1753000000, "operatingIncomeRatio": 0.30104757, "totalOtherIncomeExpensesNet": 222000000, "incomeBeforeTax": 1555000000, "incomeBeforeTaxRatio": 0.2670444788, "incomeTaxExpense": 378000000, "netIncome": 1187000000, "netIncomeRatio": 0.2038468144, "eps": 2.93, "epsdiluted": 2.87, "weightedAverageShsOut": 405500000, "weightedAverageShsOutDil": 413700000, "link": "https://www.sec.gov/Archives/edgar/data/1575828/000157582819000007/0001575828-19-000007-index.html", "finalLink": "https://www.sec.gov/Archives/edgar/data/1575828/000157582819000007/a12312018-documentfy1810xk.htm", "calculatedOtherExpenses": -227000000, "calculatedOperatingExpenses": 1001000000, "calculatedNetInterest": -193000000, "calculatedOtherIncome": -5000000, "calculatedIncomeNonControlling": -10000000, "calculatedEbitda": 2309000000}, {"date": "2017-12-31", "symbol": "FI", "reportedCurrency": "USD", "cik": "0000798354", "fillingDate": "2018-02-27", "acceptedDate": "2018-02-27 16:54:32", "calendarYear": "2017", "period": "FY", "revenue": 5696000000, "costOfRevenue": 3024000000, "grossProfit": 2672000000, "grossProfitRatio": 0.4691011236, "researchAndDevelopmentExpenses": 0, "generalAndAdministrativeExpenses": 163704000, "sellingAndMarketingExpenses": 986296000, "sellingGeneralAndAdministrativeExpenses": 1150000000, "otherExpenses": 122102000, "operatingExpenses": 1150000000, "costAndExpenses": 4174000000, "interestIncome": 2000000, "interestExpense": 176000000, "depreciationAndAmortization": 433000000, "ebitda": 1957000000, "ebitdaratio": 0.3435744382, "operatingIncome": 1532000000, "operatingIncomeRatio": 0.2689606742, "totalOtherIncomeExpensesNet": 10000000, "incomeBeforeTax": 1358000000, "incomeBeforeTaxRatio": 0.2384129213, "incomeTaxExpense": 158000000, "netIncome": 1246000000, "netIncomeRatio": 0.21875, "eps": 3, "epsdiluted": 2.89, "weightedAverageShsOut": 415200000, "weightedAverageShsOutDil": 431200000, "link": "https://www.sec.gov/Archives/edgar/data/1575828/000157582818000007/0001575828-18-000007-index.html", "finalLink": "https://www.sec.gov/Archives/edgar/data/1575828/000157582818000007/a12312017-documentfy1710xk.htm", "calculatedOtherExpenses": -10000000, "calculatedOperatingExpenses": 1140000000, "calculatedNetInterest": -174000000, "calculatedOtherIncome": 0, "calculatedIncomeNonControlling": -46000000, "calculatedEbitda": 1965000000}, {"date": "2016-12-31", "symbol": "FI", "reportedCurrency": "USD", "cik": "0000798354", "fillingDate": "2017-02-24", "acceptedDate": "2017-02-24 16:02:08", "calendarYear": "2016", "period": "FY", "revenue": 5505000000, "costOfRevenue": 2959000000, "grossProfit": 2546000000, "grossProfitRatio": 0.4624886467, "researchAndDevelopmentExpenses": 106000000, "generalAndAdministrativeExpenses": 228802000, "sellingAndMarketingExpenses": 872198000, "sellingGeneralAndAdministrativeExpenses": 1101000000, "otherExpenses": 114215000, "operatingExpenses": 1101000000, "costAndExpenses": 4060000000, "interestIncome": -7000000, "interestExpense": 170000000, "depreciationAndAmortization": 411000000, "ebitda": 1856000000, "ebitdaratio": 0.3371480472, "operatingIncome": 1445000000, "operatingIncomeRatio": 0.2624886467, "totalOtherIncomeExpensesNet": -4576000, "incomeBeforeTax": 1275000000, "incomeBeforeTaxRatio": 0.2316076294, "incomeTaxExpense": 492000000, "netIncome": 930000000, "netIncomeRatio": 0.1689373297, "eps": 2.16, "epsdiluted": 2.08, "weightedAverageShsOut": 431000000, "weightedAverageShsOutDil": 447800000, "link": "https://www.sec.gov/Archives/edgar/data/1575828/000157582817000007/0001575828-17-000007-index.html", "finalLink": "https://www.sec.gov/Archives/edgar/data/1575828/000157582817000007/a12312016-documentfy1610xk.htm", "calculatedOtherExpenses": -106000000, "calculatedOperatingExpenses": 1101000000, "calculatedNetInterest": -177000000, "calculatedOtherIncome": 7000000, "calculatedIncomeNonControlling": -147000000, "calculatedEbitda": 1856000000}, {"date": "2015-12-31", "symbol": "FI", "reportedCurrency": "USD", "cik": "0000798354", "fillingDate": "2016-02-29", "acceptedDate": "2016-02-29 17:45:44", "calendarYear": "2015", "period": "FY", "revenue": 5254000000, "costOfRevenue": 2909000000, "grossProfit": 2345000000, "grossProfitRatio": 0.4463266083, "researchAndDevelopmentExpenses": 92000000, "generalAndAdministrativeExpenses": 270678000, "sellingAndMarketingExpenses": 763322000, "sellingGeneralAndAdministrativeExpenses": 1034000000, "otherExpenses": 108962000, "operatingExpenses": 1034000000, "costAndExpenses": 3943000000, "interestIncome": 0, "interestExpense": 169000000, "depreciationAndAmortization": 417000000, "ebitda": 1728000000, "ebitdaratio": 0.3288922726, "operatingIncome": 1311000000, "operatingIncomeRatio": 0.2495241721, "totalOtherIncomeExpensesNet": -85000000, "incomeBeforeTax": 1057000000, "incomeBeforeTaxRatio": 0.2011800533, "incomeTaxExpense": 377000000, "netIncome": 712000000, "netIncomeRatio": 0.1355157975, "eps": 1.58, "epsdiluted": 1.5, "weightedAverageShsOut": 450600000, "weightedAverageShsOutDil": 476000000, "link": "https://www.sec.gov/Archives/edgar/data/1575828/000157582816000041/0001575828-16-000041-index.html", "finalLink": "https://www.sec.gov/Archives/edgar/data/1575828/000157582816000041/a12312015-documentfy1510xk.htm", "calculatedOtherExpenses": -92000000, "calculatedOperatingExpenses": 1034000000, "calculatedNetInterest": -169000000, "calculatedOtherIncome": -85000000, "calculatedIncomeNonControlling": -32000000, "calculatedEbitda": 1728000000}, {"date": "2014-12-31", "symbol": "FI", "reportedCurrency": "USD", "cik": "0000798354", "fillingDate": "2015-03-06", "acceptedDate": "2015-03-06 17:16:23", "calendarYear": "2014", "period": "FY", "revenue": 5066000000, "costOfRevenue": 2881000000, "grossProfit": 2185000000, "grossProfitRatio": 0.4313067509, "researchAndDevelopmentExpenses": 82000000, "generalAndAdministrativeExpenses": 267378000, "sellingAndMarketingExpenses": 707622000, "sellingGeneralAndAdministrativeExpenses": 975000000, "otherExpenses": 90041000, "operatingExpenses": 975000000, "costAndExpenses": 3856000000, "interestIncome": 1000000, "interestExpense": 163000000, "depreciationAndAmortization": 404000000, "ebitda": 1614000000, "ebitdaratio": 0.3185945519, "operatingIncome": 1210000000, "operatingIncomeRatio": 0.2388472167, "totalOtherIncomeExpensesNet": -10219000, "incomeBeforeTax": 1047000000, "incomeBeforeTaxRatio": 0.2066719305, "incomeTaxExpense": 384000000, "netIncome": 754000000, "netIncomeRatio": 0.1488353731, "eps": 1.57, "epsdiluted": 1.49, "weightedAverageShsOut": 480600000, "weightedAverageShsOutDil": 505400000, "link": "https://www.sec.gov/Archives/edgar/data/1575828/000157582815000013/a12312014-documentfy1410xk.htm", "finalLink": "https://www.sec.gov/Archives/edgar/data/1575828/000157582815000013/a12312014-documentfy1410xk.htm", "calculatedOtherExpenses": -82000000, "calculatedOperatingExpenses": 975000000, "calculatedNetInterest": -162000000, "calculatedOtherIncome": -1000000, "calculatedIncomeNonControlling": -91000000, "calculatedEbitda": 1614000000}, {"date": "2013-12-31", "symbol": "FI", "reportedCurrency": "USD", "cik": "0000798354", "fillingDate": "2014-03-04", "acceptedDate": "2014-03-04 13:08:22", "calendarYear": "2013", "period": "FY", "revenue": 4814000000, "costOfRevenue": 2776000000, "grossProfit": 2038000000, "grossProfitRatio": 0.4233485667, "researchAndDevelopmentExpenses": 102000000, "generalAndAdministrativeExpenses": 224800000, "sellingAndMarketingExpenses": 752200000, "sellingGeneralAndAdministrativeExpenses": 977000000, "otherExpenses": 78037000, "operatingExpenses": 977000000, "costAndExpenses": 3753000000, "interestIncome": 1000000, "interestExpense": 163000000, "depreciationAndAmortization": 403000000, "ebitda": 1464000000, "ebitdaratio": 0.3041130037, "operatingIncome": 1061000000, "operatingIncomeRatio": 0.2203988367, "totalOtherIncomeExpensesNet": 6200000, "incomeBeforeTax": 898000000, "incomeBeforeTaxRatio": 0.1865392605, "incomeTaxExpense": 328000000, "netIncome": 648000000, "netIncomeRatio": 0.1346073951, "eps": 1.26, "epsdiluted": 1.26, "weightedAverageShsOut": 513400000, "weightedAverageShsOutDil": 513400000, "link": "https://www.sec.gov/Archives/edgar/data/1575828/000157582814000007/a12312013-documentfy1310xk.htm", "finalLink": "https://www.sec.gov/Archives/edgar/data/1575828/000157582814000007/a12312013-documentfy1310xk.htm", "calculatedOtherExpenses": -102000000, "calculatedOperatingExpenses": 977000000, "calculatedNetInterest": -162000000, "calculatedOtherIncome": -1000000, "calculatedIncomeNonControlling": -78000000, "calculatedEbitda": 1464000000}, {"date": "2012-12-31", "symbol": "FI", "reportedCurrency": "USD", "cik": "0000798354", "fillingDate": "2012-12-31", "acceptedDate": "2012-12-30 19:00:00", "calendarYear": "2012", "period": "FY", "revenue": 4482000000, "costOfRevenue": 2597000000, "grossProfit": 1885000000, "grossProfitRatio": 0.4205711736, "researchAndDevelopmentExpenses": 73000000, "generalAndAdministrativeExpenses": 187033000, "sellingAndMarketingExpenses": 641967000, "sellingGeneralAndAdministrativeExpenses": 829000000, "otherExpenses": 0, "operatingExpenses": 829000000, "costAndExpenses": 3426000000, "interestIncome": 7000000, "interestExpense": 167000000, "depreciationAndAmortization": 354000000, "ebitda": 1410000000, "ebitdaratio": 0.3145917001, "operatingIncome": 1056000000, "operatingIncomeRatio": 0.2356091031, "totalOtherIncomeExpensesNet": 14611000, "incomeBeforeTax": 889000000, "incomeBeforeTaxRatio": 0.1983489514, "incomeTaxExpense": 303000000, "netIncome": 611000000, "netIncomeRatio": 0.1363230701, "eps": 1.15, "epsdiluted": 1.11, "weightedAverageShsOut": 533600000, "weightedAverageShsOutDil": 550000000, "link": "", "finalLink": "", "calculatedOtherExpenses": -73000000, "calculatedOperatingExpenses": 829000000, "calculatedNetInterest": -160000000, "calculatedOtherIncome": -7000000, "calculatedIncomeNonControlling": -25000000, "calculatedEbitda": 1410000000}, {"date": "2011-12-31", "symbol": "FI", "reportedCurrency": "USD", "cik": "0000798354", "fillingDate": "2011-12-31", "acceptedDate": "2011-12-30 19:00:00", "calendarYear": "2011", "period": "FY", "revenue": 4337000000, "costOfRevenue": 2542000000, "grossProfit": 1795000000, "grossProfitRatio": 0.4138805626, "researchAndDevelopmentExpenses": 0, "generalAndAdministrativeExpenses": 159602000, "sellingAndMarketingExpenses": 639398000, "sellingGeneralAndAdministrativeExpenses": 799000000, "otherExpenses": 0, "operatingExpenses": 799000000, "costAndExpenses": 3341000000, "interestIncome": 6000000, "interestExpense": 182000000, "depreciationAndAmortization": 349000000, "ebitda": 1345000000, "ebitdaratio": 0.3101222043, "operatingIncome": 996000000, "operatingIncomeRatio": 0.2296518331, "totalOtherIncomeExpensesNet": -85000000, "incomeBeforeTax": 729000000, "incomeBeforeTaxRatio": 0.1680885405, "incomeTaxExpense": 256000000, "netIncome": 472000000, "netIncomeRatio": 0.1088309892, "eps": 0.84, "epsdiluted": 0.82, "weightedAverageShsOut": 560400000, "weightedAverageShsOutDil": 576800000, "link": "", "finalLink": "", "calculatedOtherExpenses": 0, "calculatedOperatingExpenses": 799000000, "calculatedNetInterest": -176000000, "calculatedOtherIncome": -91000000, "calculatedIncomeNonControlling": 1000000, "calculatedEbitda": 1345000000}, {"date": "2010-12-31", "symbol": "FI", "reportedCurrency": "USD", "cik": "0000798354", "fillingDate": "2010-12-31", "acceptedDate": "2010-12-30 19:00:00", "calendarYear": "2010", "period": "FY", "revenue": 4133000000, "costOfRevenue": 2386000000, "grossProfit": 1747000000, "grossProfitRatio": 0.4226953787, "researchAndDevelopmentExpenses": 0, "generalAndAdministrativeExpenses": 134449000, "sellingAndMarketingExpenses": 605551000, "sellingGeneralAndAdministrativeExpenses": 740000000, "otherExpenses": 0, "operatingExpenses": 740000000, "costAndExpenses": 3126000000, "interestIncome": 10000000, "interestExpense": 198000000, "depreciationAndAmortization": 339000000, "ebitda": 1356000000, "ebitdaratio": 0.3280909751, "operatingIncome": 1007000000, "operatingIncomeRatio": 0.2436486813, "totalOtherIncomeExpensesNet": -26000000, "incomeBeforeTax": 793000000, "incomeBeforeTaxRatio": 0.1918703121, "incomeTaxExpense": 301000000, "netIncome": 496000000, "netIncomeRatio": 0.1200096782, "eps": 0.83, "epsdiluted": 0.82, "weightedAverageShsOut": 601600000, "weightedAverageShsOutDil": 606800000, "link": "", "finalLink": "", "calculatedOtherExpenses": 0, "calculatedOperatingExpenses": 740000000, "calculatedNetInterest": -188000000, "calculatedOtherIncome": -26000000, "calculatedIncomeNonControlling": -4000000, "calculatedEbitda": 1346000000}, {"date": "2009-12-31", "symbol": "FI", "reportedCurrency": "USD", "cik": "0000798354", "fillingDate": "2009-12-31", "acceptedDate": "2009-12-31 00:00:00", "calendarYear": "2009", "period": "FY", "revenue": 4077000000, "costOfRevenue": 2380000000, "grossProfit": 1697000000, "grossProfitRatio": 0.4162374295, "researchAndDevelopmentExpenses": 0, "generalAndAdministrativeExpenses": 0, "sellingAndMarketingExpenses": 0, "sellingGeneralAndAdministrativeExpenses": 751000000, "otherExpenses": 0, "operatingExpenses": 751000000, "costAndExpenses": 3131000000, "interestIncome": 8000000, "interestExpense": 212000000, "depreciationAndAmortization": 333000000, "ebitda": 1279000000, "ebitdaratio": 0.3137110621, "operatingIncome": 946000000, "operatingIncomeRatio": 0.2320333579, "totalOtherIncomeExpensesNet": -212000000, "incomeBeforeTax": 734000000, "incomeBeforeTaxRatio": 0.180034339, "incomeTaxExpense": 273000000, "netIncome": 476000000, "netIncomeRatio": 0.1167525141, "eps": 0.78, "epsdiluted": 0.77, "weightedAverageShsOut": 619200000, "weightedAverageShsOutDil": 621600000, "link": null, "finalLink": null, "calculatedOtherExpenses": 0, "calculatedOperatingExpenses": 751000000, "calculatedNetInterest": -204000000, "calculatedOtherIncome": -8000000, "calculatedIncomeNonControlling": -15000000, "calculatedEbitda": 1279000000}, {"date": "2008-12-31", "symbol": "FI", "reportedCurrency": "USD", "cik": "0000798354", "fillingDate": "2008-12-31", "acceptedDate": "2008-12-31 00:00:00", "calendarYear": "2008", "period": "FY", "revenue": 4739000000, "costOfRevenue": 3016000000, "grossProfit": 1723000000, "grossProfitRatio": 0.3635788141, "researchAndDevelopmentExpenses": 0, "generalAndAdministrativeExpenses": 0, "sellingAndMarketingExpenses": 0, "sellingGeneralAndAdministrativeExpenses": 833000000, "otherExpenses": 0, "operatingExpenses": 3849000000, "costAndExpenses": 3849000000, "interestIncome": 13000000, "interestExpense": 260000000, "depreciationAndAmortization": 204000000, "ebitda": 1094000000, "ebitdaratio": 0.2308503904, "operatingIncome": 890000000, "operatingIncomeRatio": 0.187803334, "totalOtherIncomeExpensesNet": -24000000, "incomeBeforeTax": 619000000, "incomeBeforeTaxRatio": 0.1306182739, "incomeTaxExpense": 279000000, "netIncome": 569000000, "netIncomeRatio": 0.1200675248, "eps": 0.87, "epsdiluted": 0.87, "weightedAverageShsOut": 652400000, "weightedAverageShsOutDil": 652400000, "link": null, "finalLink": null, "calculatedOtherExpenses": 0, "calculatedOperatingExpenses": 833000000, "calculatedNetInterest": -247000000, "calculatedOtherIncome": -24000000, "calculatedIncomeNonControlling": -229000000, "calculatedEbitda": 1094000000}, {"date": "2007-12-31", "symbol": "FI", "reportedCurrency": "USD", "cik": "0000798354", "fillingDate": "2007-12-31", "acceptedDate": "2007-12-31 00:00:00", "calendarYear": "2007", "period": "FY", "revenue": 3922000000, "costOfRevenue": 2637000000, "grossProfit": 1285000000, "grossProfitRatio": 0.3276389597, "researchAndDevelopmentExpenses": 0, "generalAndAdministrativeExpenses": 0, "sellingAndMarketingExpenses": 0, "sellingGeneralAndAdministrativeExpenses": 555000000, "otherExpenses": 0, "operatingExpenses": 555000000, "costAndExpenses": 3192000000, "interestIncome": 0, "interestExpense": 0, "depreciationAndAmortization": 193000000, "ebitda": 923000000, "ebitdaratio": 0.2353391127, "operatingIncome": 730000000, "operatingIncomeRatio": 0.1861295258, "totalOtherIncomeExpensesNet": -69000000, "incomeBeforeTax": 661000000, "incomeBeforeTaxRatio": 0.168536461, "incomeTaxExpense": 253000000, "netIncome": 439000000, "netIncomeRatio": 0.1119326874, "eps": 0.66, "epsdiluted": 0.65, "weightedAverageShsOut": 666400000, "weightedAverageShsOutDil": 675200000, "link": null, "finalLink": null, "calculatedOtherExpenses": 0, "calculatedOperatingExpenses": 555000000, "calculatedNetInterest": 0, "calculatedOtherIncome": -69000000, "calculatedIncomeNonControlling": -31000000, "calculatedEbitda": 923000000}, {"date": "2006-12-31", "symbol": "FI", "reportedCurrency": "USD", "cik": "0000798354", "fillingDate": "2006-12-31", "acceptedDate": "2006-12-31 00:00:00", "calendarYear": "2006", "period": "FY", "revenue": 4544151000, "costOfRevenue": 3210516000, "grossProfit": 1333635000, "grossProfitRatio": 0.2934838653, "researchAndDevelopmentExpenses": 0, "generalAndAdministrativeExpenses": 0, "sellingAndMarketingExpenses": 0, "sellingGeneralAndAdministrativeExpenses": 589354000, "otherExpenses": 0, "operatingExpenses": 589354000, "costAndExpenses": 3799870000, "interestIncome": 0, "interestExpense": 0, "depreciationAndAmortization": 199106000, "ebitda": 943387000, "ebitdaratio": 0.2076046769, "operatingIncome": 744281000, "operatingIncomeRatio": 0.1637887913, "totalOtherIncomeExpensesNet": -33996000, "incomeBeforeTax": 710285000, "incomeBeforeTaxRatio": 0.1563075259, "incomeTaxExpense": 267060000, "netIncome": 449914000, "netIncomeRatio": 0.0990094739, "eps": 0.64, "epsdiluted": 0.64, "weightedAverageShsOut": 700000000, "weightedAverageShsOutDil": 710000000, "link": null, "finalLink": null, "calculatedOtherExpenses": 0, "calculatedOperatingExpenses": 589354000, "calculatedNetInterest": 0, "calculatedOtherIncome": -33996000, "calculatedIncomeNonControlling": -6689000, "calculatedEbitda": 943387000}, {"date": "2005-12-31", "symbol": "FI", "reportedCurrency": "USD", "cik": "0000798354", "fillingDate": "2005-12-31", "acceptedDate": "2005-12-31 00:00:00", "calendarYear": "2005", "period": "FY", "revenue": 4059478000, "costOfRevenue": 2797955000, "grossProfit": 1261523000, "grossProfitRatio": 0.3107599056, "researchAndDevelopmentExpenses": 0, "generalAndAdministrativeExpenses": 0, "sellingAndMarketingExpenses": 0, "sellingGeneralAndAdministrativeExpenses": 516127000, "otherExpenses": 0, "operatingExpenses": 516127000, "costAndExpenses": 3314082000, "interestIncome": 0, "interestExpense": 0, "depreciationAndAmortization": 179179000, "ebitda": 837753000, "ebitdaratio": 0.2063696367, "operatingIncome": 745396000, "operatingIncomeRatio": 0.183618682, "totalOtherIncomeExpensesNet": 86822000, "incomeBeforeTax": 817951000, "incomeBeforeTaxRatio": 0.2014916696, "incomeTaxExpense": 306594000, "netIncome": 516438000, "netIncomeRatio": 0.1272178344, "eps": 0.69, "epsdiluted": 0.68, "weightedAverageShsOut": 755200000, "weightedAverageShsOutDil": 764000000, "link": null, "finalLink": null, "calculatedOtherExpenses": 0, "calculatedOperatingExpenses": 516127000, "calculatedNetInterest": 0, "calculatedOtherIncome": 72555000, "calculatedIncomeNonControlling": -5081000, "calculatedEbitda": 924575000}, {"date": "2004-12-31", "symbol": "FI", "reportedCurrency": "USD", "cik": "0000798354", "fillingDate": "2004-12-31", "acceptedDate": "2004-12-31 00:00:00", "calendarYear": "2004", "period": "FY", "revenue": 3729746000, "costOfRevenue": 1184912000, "grossProfit": 2544834000, "grossProfitRatio": 0.6823075888, "researchAndDevelopmentExpenses": 0, "generalAndAdministrativeExpenses": 0, "sellingAndMarketingExpenses": 0, "sellingGeneralAndAdministrativeExpenses": 1699911000, "otherExpenses": 0, "operatingExpenses": 1885274000, "costAndExpenses": 3070186000, "interestIncome": 0, "interestExpense": 0, "depreciationAndAmortization": 185363000, "ebitda": 844923000, "ebitdaratio": 0.2265363379, "operatingIncome": 659560000, "operatingIncomeRatio": 0.1768377793, "totalOtherIncomeExpensesNet": -18194000, "incomeBeforeTax": 641366000, "incomeBeforeTaxRatio": 0.1719596991, "incomeTaxExpense": 246468000, "netIncome": 377642000, "netIncomeRatio": 0.1012513989, "eps": 0.49, "epsdiluted": 0.48, "weightedAverageShsOut": 779924000, "weightedAverageShsOutDil": 789148000, "link": null, "finalLink": null, "calculatedOtherExpenses": 185363000, "calculatedOperatingExpenses": 1885274000, "calculatedNetInterest": 0, "calculatedOtherIncome": -18194000, "calculatedIncomeNonControlling": 17256000, "calculatedEbitda": 844923000}, {"date": "2003-12-31", "symbol": "FI", "reportedCurrency": "USD", "cik": "0000798354", "fillingDate": "2003-12-31", "acceptedDate": "2003-12-31 00:00:00", "calendarYear": "2003", "period": "FY", "revenue": 3033670000, "costOfRevenue": 1262209000, "grossProfit": 1771461000, "grossProfitRatio": 0.5839333217, "researchAndDevelopmentExpenses": 0, "generalAndAdministrativeExpenses": 0, "sellingAndMarketingExpenses": 0, "sellingGeneralAndAdministrativeExpenses": 1067702000, "otherExpenses": 0, "operatingExpenses": 1239493000, "costAndExpenses": 2501702000, "interestIncome": 0, "interestExpense": 0, "depreciationAndAmortization": 171791000, "ebitda": 703759000, "ebitdaratio": 0.231982714, "operatingIncome": 531968000, "operatingIncomeRatio": 0.1753546035, "totalOtherIncomeExpensesNet": -15555000, "incomeBeforeTax": 516413000, "incomeBeforeTaxRatio": 0.1702271506, "incomeTaxExpense": 201401000, "netIncome": 315012000, "netIncomeRatio": 0.1038385849, "eps": 0.41, "epsdiluted": 0.4, "weightedAverageShsOut": 773035583, "weightedAverageShsOutDil": 782638509, "link": null, "finalLink": null, "calculatedOtherExpenses": 171791000, "calculatedOperatingExpenses": 1239493000, "calculatedNetInterest": 0, "calculatedOtherIncome": -15555000, "calculatedIncomeNonControlling": 0, "calculatedEbitda": 703759000}, {"date": "2002-12-31", "symbol": "FI", "reportedCurrency": "USD", "cik": "0000798354", "fillingDate": "2002-12-31", "acceptedDate": "2002-12-31 00:00:00", "calendarYear": "2002", "period": "FY", "revenue": 2568887000, "costOfRevenue": 603174000, "grossProfit": 1965713000, "grossProfitRatio": 0.7652002599, "researchAndDevelopmentExpenses": 0, "generalAndAdministrativeExpenses": 0, "sellingAndMarketingExpenses": 0, "sellingGeneralAndAdministrativeExpenses": 1381560000, "otherExpenses": 0, "operatingExpenses": 1522674000, "costAndExpenses": 2125848000, "interestIncome": 0, "interestExpense": 0, "depreciationAndAmortization": 141114000, "ebitda": 581733000, "ebitdaratio": 0.2264533239, "operatingIncome": 443039000, "operatingIncomeRatio": 0.1724634054, "totalOtherIncomeExpensesNet": 2420000, "incomeBeforeTax": 436290000, "incomeBeforeTaxRatio": 0.1698361975, "incomeTaxExpense": 170153000, "netIncome": 266137000, "netIncomeRatio": 0.1036001194, "eps": 0.35, "epsdiluted": 0.34, "weightedAverageShsOut": 765861871, "weightedAverageShsOutDil": 777042336, "link": null, "finalLink": null, "calculatedOtherExpenses": 141114000, "calculatedOperatingExpenses": 1522674000, "calculatedNetInterest": 0, "calculatedOtherIncome": -6749000, "calculatedIncomeNonControlling": 0, "calculatedEbitda": 584153000}, {"date": "2001-12-31", "symbol": "FI", "reportedCurrency": "USD", "cik": "0000798354", "fillingDate": "2001-12-31", "acceptedDate": "2001-12-31 00:00:00", "calendarYear": "2001", "period": "FY", "revenue": 1890467000, "costOfRevenue": 503930000, "grossProfit": 1386537000, "grossProfitRatio": 0.7334362356, "researchAndDevelopmentExpenses": 0, "generalAndAdministrativeExpenses": 0, "sellingAndMarketingExpenses": 0, "sellingGeneralAndAdministrativeExpenses": 921779000, "otherExpenses": 0, "operatingExpenses": 1032840000, "costAndExpenses": 1536770000, "interestIncome": 0, "interestExpense": 0, "depreciationAndAmortization": 147696000, "ebitda": 495989000, "ebitdaratio": 0.262363215, "operatingIncome": 353697000, "operatingIncomeRatio": 0.1870950405, "totalOtherIncomeExpensesNet": 5404000, "incomeBeforeTax": 347028000, "incomeBeforeTaxRatio": 0.1835673408, "incomeTaxExpense": 138811000, "netIncome": 208217000, "netIncomeRatio": 0.1101405103, "eps": 0.28, "epsdiluted": 0.27, "weightedAverageShsOut": 750331532, "weightedAverageShsOutDil": 764099083, "link": null, "finalLink": null, "calculatedOtherExpenses": 111061000, "calculatedOperatingExpenses": 1032840000, "calculatedNetInterest": 0, "calculatedOtherIncome": -6669000, "calculatedIncomeNonControlling": 0, "calculatedEbitda": 501393000}, {"date": "2000-12-31", "symbol": "FI", "reportedCurrency": "USD", "cik": "0000798354", "fillingDate": "2000-12-31", "acceptedDate": "2000-12-31 00:00:00", "calendarYear": "2000", "period": "FY", "revenue": 1653606000, "costOfRevenue": 397659000, "grossProfit": 1255947000, "grossProfitRatio": 0.7595201033, "researchAndDevelopmentExpenses": 0, "generalAndAdministrativeExpenses": 0, "sellingAndMarketingExpenses": 0, "sellingGeneralAndAdministrativeExpenses": 792799000, "otherExpenses": 0, "operatingExpenses": 941641000, "costAndExpenses": 1339300000, "interestIncome": 0, "interestExpense": 0, "depreciationAndAmortization": 148842000, "ebitda": 455330000, "ebitdaratio": 0.2753557982, "operatingIncome": 314306000, "operatingIncomeRatio": 0.1900730888, "totalOtherIncomeExpensesNet": 7818000, "incomeBeforeTax": 300035000, "incomeBeforeTaxRatio": 0.1814428588, "incomeTaxExpense": 123014000, "netIncome": 177021000, "netIncomeRatio": 0.1070514984, "eps": 0.24, "epsdiluted": 0.23, "weightedAverageShsOut": 739152000, "weightedAverageShsOutDil": 759216000, "link": null, "finalLink": null, "calculatedOtherExpenses": 148842000, "calculatedOperatingExpenses": 941641000, "calculatedNetInterest": 0, "calculatedOtherIncome": -14271000, "calculatedIncomeNonControlling": 0, "calculatedEbitda": 463148000}, {"date": "1999-12-31", "symbol": "FI", "reportedCurrency": "USD", "cik": "0000798354", "fillingDate": "1999-12-31", "acceptedDate": "1999-12-31 00:00:00", "calendarYear": "1999", "period": "FY", "revenue": 1407545000, "costOfRevenue": 357727000, "grossProfit": 1049818000, "grossProfitRatio": 0.7458503991, "researchAndDevelopmentExpenses": 0, "generalAndAdministrativeExpenses": 0, "sellingAndMarketingExpenses": 0, "sellingGeneralAndAdministrativeExpenses": 677226000, "otherExpenses": 0, "operatingExpenses": 796733000, "costAndExpenses": 1154460000, "interestIncome": 0, "interestExpense": 0, "depreciationAndAmortization": 119507000, "ebitda": 372592000, "ebitdaratio": 0.2647105421, "operatingIncome": 253085000, "operatingIncomeRatio": 0.1798059742, "totalOtherIncomeExpensesNet": -19410000, "incomeBeforeTax": 233675000, "incomeBeforeTaxRatio": 0.1660160066, "incomeTaxExpense": 95807000, "netIncome": 137868000, "netIncomeRatio": 0.0979492663, "eps": 0.19, "epsdiluted": 0.18, "weightedAverageShsOut": 738858000, "weightedAverageShsOutDil": 760074000, "link": null, "finalLink": null, "calculatedOtherExpenses": 119507000, "calculatedOperatingExpenses": 796733000, "calculatedNetInterest": 0, "calculatedOtherIncome": -19410000, "calculatedIncomeNonControlling": 0, "calculatedEbitda": 372592000}, {"date": "1998-12-31", "symbol": "FI", "reportedCurrency": "USD", "cik": "0000798354", "fillingDate": "1998-12-31", "acceptedDate": "1998-12-31 00:00:00", "calendarYear": "1998", "period": "FY", "revenue": 1233700000, "costOfRevenue": 378300000, "grossProfit": 855400000, "grossProfitRatio": 0.6933614331, "researchAndDevelopmentExpenses": 0, "generalAndAdministrativeExpenses": 0, "sellingAndMarketingExpenses": 0, "sellingGeneralAndAdministrativeExpenses": 573200000, "otherExpenses": 0, "operatingExpenses": 645700000, "costAndExpenses": 1024000000, "interestIncome": 0, "interestExpense": 0, "depreciationAndAmortization": 72500000, "ebitda": 282200000, "ebitdaratio": 0.2287428062, "operatingIncome": 209700000, "operatingIncomeRatio": 0.1699764935, "totalOtherIncomeExpensesNet": -16000000, "incomeBeforeTax": 193700000, "incomeBeforeTaxRatio": 0.1570073762, "incomeTaxExpense": 79400000, "netIncome": 114300000, "netIncomeRatio": 0.0926481316, "eps": 0.16, "epsdiluted": 0.15, "weightedAverageShsOut": 737238000, "weightedAverageShsOutDil": 762924000, "link": null, "finalLink": null, "calculatedOtherExpenses": 72500000, "calculatedOperatingExpenses": 645700000, "calculatedNetInterest": 0, "calculatedOtherIncome": -16000000, "calculatedIncomeNonControlling": 0, "calculatedEbitda": 282200000}, {"date": "1997-12-31", "symbol": "FI", "reportedCurrency": "USD", "cik": "0000798354", "fillingDate": "1997-12-31", "acceptedDate": "1997-12-31 00:00:00", "calendarYear": "1997", "period": "FY", "revenue": 974400000, "costOfRevenue": 290600000, "grossProfit": 683800000, "grossProfitRatio": 0.7017651888, "researchAndDevelopmentExpenses": 0, "generalAndAdministrativeExpenses": 0, "sellingAndMarketingExpenses": 0, "sellingGeneralAndAdministrativeExpenses": 454900000, "otherExpenses": 0, "operatingExpenses": 518100000, "costAndExpenses": 808700000, "interestIncome": 0, "interestExpense": 0, "depreciationAndAmortization": 63200000, "ebitda": 228900000, "ebitdaratio": 0.2349137931, "operatingIncome": 165700000, "operatingIncomeRatio": 0.1700533662, "totalOtherIncomeExpensesNet": -11800000, "incomeBeforeTax": 153900000, "incomeBeforeTaxRatio": 0.1579433498, "incomeTaxExpense": 63100000, "netIncome": 90800000, "netIncomeRatio": 0.0931855501, "eps": 0.13, "epsdiluted": 0.13, "weightedAverageShsOut": 702121500, "weightedAverageShsOutDil": 722628000, "link": null, "finalLink": null, "calculatedOtherExpenses": 63200000, "calculatedOperatingExpenses": 518100000, "calculatedNetInterest": 0, "calculatedOtherIncome": -11800000, "calculatedIncomeNonControlling": 0, "calculatedEbitda": 228900000}, {"date": "1996-12-31", "symbol": "FI", "reportedCurrency": "USD", "cik": "0000798354", "fillingDate": "1996-12-31", "acceptedDate": "1996-12-31 00:00:00", "calendarYear": "1996", "period": "FY", "revenue": 798300000, "costOfRevenue": 236100000, "grossProfit": 562200000, "grossProfitRatio": 0.7042465239, "researchAndDevelopmentExpenses": 0, "generalAndAdministrativeExpenses": 0, "sellingAndMarketingExpenses": 0, "sellingGeneralAndAdministrativeExpenses": 371500000, "otherExpenses": 0, "operatingExpenses": 438500000, "costAndExpenses": 674600000, "interestIncome": 0, "interestExpense": 0, "depreciationAndAmortization": 67000000, "ebitda": 190700000, "ebitdaratio": 0.2388826256, "operatingIncome": 123700000, "operatingIncomeRatio": 0.1549542778, "totalOtherIncomeExpensesNet": -19100000, "incomeBeforeTax": 104600000, "incomeBeforeTaxRatio": 0.1310284354, "incomeTaxExpense": 42900000, "netIncome": 61700000, "netIncomeRatio": 0.0772892396, "eps": 0.12, "epsdiluted": 0.11, "weightedAverageShsOut": 692697130, "weightedAverageShsOutDil": 702883852, "link": null, "finalLink": null, "calculatedOtherExpenses": 67000000, "calculatedOperatingExpenses": 438500000, "calculatedNetInterest": 0, "calculatedOtherIncome": -19100000, "calculatedIncomeNonControlling": 0, "calculatedEbitda": 190700000}, {"date": "1995-12-31", "symbol": "FI", "reportedCurrency": "USD", "cik": "0000798354", "fillingDate": "1995-12-31", "acceptedDate": "1995-12-31 00:00:00", "calendarYear": "1995", "period": "FY", "revenue": 703400000, "costOfRevenue": 394300000, "grossProfit": 309100000, "grossProfitRatio": 0.4394370202, "researchAndDevelopmentExpenses": 0, "generalAndAdministrativeExpenses": 0, "sellingAndMarketingExpenses": 0, "sellingGeneralAndAdministrativeExpenses": 330800000, "otherExpenses": 0, "operatingExpenses": 395200000, "costAndExpenses": 789500000, "interestIncome": 0, "interestExpense": 0, "depreciationAndAmortization": 64400000, "ebitda": -28100000, "ebitdaratio": -0.03994882, "operatingIncome": -86100000, "operatingIncomeRatio": -0.1224054592, "totalOtherIncomeExpensesNet": 6400000, "incomeBeforeTax": -98600000, "incomeBeforeTaxRatio": -0.1401762866, "incomeTaxExpense": -38700000, "netIncome": -59900000, "netIncomeRatio": -0.0851578049, "eps": -0.1, "epsdiluted": -0.1, "weightedAverageShsOut": 594108000, "weightedAverageShsOutDil": 594108000, "link": null, "finalLink": null, "calculatedOtherExpenses": 64400000, "calculatedOperatingExpenses": 395200000, "calculatedNetInterest": 0, "calculatedOtherIncome": -12500000, "calculatedIncomeNonControlling": 0, "calculatedEbitda": -21700000}, {"date": "1994-12-31", "symbol": "FI", "reportedCurrency": "USD", "cik": "0000798354", "fillingDate": "1994-12-31", "acceptedDate": "1994-12-31 00:00:00", "calendarYear": "1994", "period": "FY", "revenue": 563600000, "costOfRevenue": 0, "grossProfit": 563600000, "grossProfitRatio": 1, "researchAndDevelopmentExpenses": 0, "generalAndAdministrativeExpenses": 0, "sellingAndMarketingExpenses": 0, "sellingGeneralAndAdministrativeExpenses": 463100000, "otherExpenses": 0, "operatingExpenses": 503900000, "costAndExpenses": 503900000, "interestIncome": 0, "interestExpense": 0, "depreciationAndAmortization": 40800000, "ebitda": 90900000, "ebitdaratio": 0.161284599, "operatingIncome": 59700000, "operatingIncomeRatio": 0.1059261888, "totalOtherIncomeExpensesNet": 9600000, "incomeBeforeTax": 62800000, "incomeBeforeTaxRatio": 0.1114265436, "incomeTaxExpense": 25100000, "netIncome": 37700000, "netIncomeRatio": 0.0668914123, "eps": 0.0704, "epsdiluted": 0.0704, "weightedAverageShsOut": 538029000, "weightedAverageShsOutDil": 538029000, "link": null, "finalLink": null, "calculatedOtherExpenses": 40800000, "calculatedOperatingExpenses": 503900000, "calculatedNetInterest": 0, "calculatedOtherIncome": 3100000, "calculatedIncomeNonControlling": 0, "calculatedEbitda": 100500000}, {"date": "1993-12-31", "symbol": "FI", "reportedCurrency": "USD", "cik": "0000798354", "fillingDate": "1993-12-31", "acceptedDate": "1993-12-31 00:00:00", "calendarYear": "1993", "period": "FY", "revenue": 454700000, "costOfRevenue": 159700000, "grossProfit": 295000000, "grossProfitRatio": 0.648779415, "researchAndDevelopmentExpenses": 0, "generalAndAdministrativeExpenses": 0, "sellingAndMarketingExpenses": 0, "sellingGeneralAndAdministrativeExpenses": 217800000, "otherExpenses": 0, "operatingExpenses": 248400000, "costAndExpenses": 408100000, "interestIncome": 0, "interestExpense": 0, "depreciationAndAmortization": 30600000, "ebitda": 70000000, "ebitdaratio": 0.1539476578, "operatingIncome": 46600000, "operatingIncomeRatio": 0.102485155, "totalOtherIncomeExpensesNet": 7200000, "incomeBeforeTax": 50000000, "incomeBeforeTaxRatio": 0.1099626127, "incomeTaxExpense": 19300000, "netIncome": 30700000, "netIncomeRatio": 0.0675170442, "eps": 0.0717, "epsdiluted": 0.0717, "weightedAverageShsOut": 428158014, "weightedAverageShsOutDil": 428158014, "link": null, "finalLink": null, "calculatedOtherExpenses": 30600000, "calculatedOperatingExpenses": 248400000, "calculatedNetInterest": 0, "calculatedOtherIncome": 3400000, "calculatedIncomeNonControlling": 0, "calculatedEbitda": 77200000}, {"date": "1992-12-31", "symbol": "FI", "reportedCurrency": "USD", "cik": "0000798354", "fillingDate": "1992-12-31", "acceptedDate": "1992-12-31 00:00:00", "calendarYear": "1992", "period": "FY", "revenue": 332100000, "costOfRevenue": 110700000, "grossProfit": 221400000, "grossProfitRatio": 0.6666666667, "researchAndDevelopmentExpenses": 0, "generalAndAdministrativeExpenses": 0, "sellingAndMarketingExpenses": 0, "sellingGeneralAndAdministrativeExpenses": 166300000, "otherExpenses": 0, "operatingExpenses": 189000000, "costAndExpenses": 299700000, "interestIncome": 0, "interestExpense": 0, "depreciationAndAmortization": 22700000, "ebitda": 48300000, "ebitdaratio": 0.145438121, "operatingIncome": 32400000, "operatingIncomeRatio": 0.0975609756, "totalOtherIncomeExpensesNet": 6800000, "incomeBeforeTax": 37100000, "incomeBeforeTaxRatio": 0.1117133394, "incomeTaxExpense": 14100000, "netIncome": 23000000, "netIncomeRatio": 0.0692562481, "eps": 0.05, "epsdiluted": 0.05, "weightedAverageShsOut": 459770115, "weightedAverageShsOutDil": 459770115, "link": null, "finalLink": null, "calculatedOtherExpenses": 22700000, "calculatedOperatingExpenses": 189000000, "calculatedNetInterest": 0, "calculatedOtherIncome": 4700000, "calculatedIncomeNonControlling": 0, "calculatedEbitda": 55100000}, {"date": "1991-12-31", "symbol": "FI", "reportedCurrency": "USD", "cik": "0000798354", "fillingDate": "1991-12-31", "acceptedDate": "1991-12-31 00:00:00", "calendarYear": "1991", "period": "FY", "revenue": 281300000, "costOfRevenue": 100200000, "grossProfit": 181100000, "grossProfitRatio": 0.6437966584, "researchAndDevelopmentExpenses": 0, "generalAndAdministrativeExpenses": 0, "sellingAndMarketingExpenses": 0, "sellingGeneralAndAdministrativeExpenses": 135300000, "otherExpenses": 0, "operatingExpenses": 155800000, "costAndExpenses": 256000000, "interestIncome": 0, "interestExpense": 0, "depreciationAndAmortization": 20500000, "ebitda": 39500000, "ebitdaratio": 0.140419481, "operatingIncome": 25300000, "operatingIncomeRatio": 0.0899395663, "totalOtherIncomeExpensesNet": 6300000, "incomeBeforeTax": 28600000, "incomeBeforeTaxRatio": 0.1016708141, "incomeTaxExpense": 10300000, "netIncome": 18300000, "netIncomeRatio": 0.0650551013, "eps": 0.0417, "epsdiluted": 0.0417, "weightedAverageShsOut": 438980510, "weightedAverageShsOutDil": 438980510, "link": null, "finalLink": null, "calculatedOtherExpenses": 20500000, "calculatedOperatingExpenses": 155800000, "calculatedNetInterest": 0, "calculatedOtherIncome": 3300000, "calculatedIncomeNonControlling": 0, "calculatedEbitda": 45800000}, {"date": "1990-12-31", "symbol": "FI", "reportedCurrency": "USD", "cik": "0000798354", "fillingDate": "1990-12-31", "acceptedDate": "1990-12-31 00:00:00", "calendarYear": "1990", "period": "FY", "revenue": 183200000, "costOfRevenue": 58000000, "grossProfit": 125200000, "grossProfitRatio": 0.6834061135, "researchAndDevelopmentExpenses": 0, "generalAndAdministrativeExpenses": 0, "sellingAndMarketingExpenses": 0, "sellingGeneralAndAdministrativeExpenses": 90500000, "otherExpenses": 0, "operatingExpenses": 105100000, "costAndExpenses": 163100000, "interestIncome": 0, "interestExpense": 0, "depreciationAndAmortization": 14600000, "ebitda": 31300000, "ebitdaratio": 0.1708515284, "operatingIncome": 20100000, "operatingIncomeRatio": 0.1097161572, "totalOtherIncomeExpensesNet": 3400000, "incomeBeforeTax": 21500000, "incomeBeforeTaxRatio": 0.1173580786, "incomeTaxExpense": 7700000, "netIncome": 13800000, "netIncomeRatio": 0.0753275109, "eps": 0.035, "epsdiluted": 0.035, "weightedAverageShsOut": 394088670, "weightedAverageShsOutDil": 394088670, "link": null, "finalLink": null, "calculatedOtherExpenses": 14600000, "calculatedOperatingExpenses": 105100000, "calculatedNetInterest": 0, "calculatedOtherIncome": 1400000, "calculatedIncomeNonControlling": 0, "calculatedEbitda": 34700000}, {"date": "1989-12-31", "symbol": "FI", "reportedCurrency": "USD", "cik": "0000798354", "fillingDate": "1989-12-31", "acceptedDate": "1989-12-31 00:00:00", "calendarYear": "1989", "period": "FY", "revenue": 164000000, "costOfRevenue": 51500000, "grossProfit": 112500000, "grossProfitRatio": 0.6859756098, "researchAndDevelopmentExpenses": 0, "generalAndAdministrativeExpenses": 0, "sellingAndMarketingExpenses": 0, "sellingGeneralAndAdministrativeExpenses": 81500000, "otherExpenses": 0, "operatingExpenses": 96100000, "costAndExpenses": 147600000, "interestIncome": 0, "interestExpense": 0, "depreciationAndAmortization": 14600000, "ebitda": 26600000, "ebitdaratio": 0.162195122, "operatingIncome": 16400000, "operatingIncomeRatio": 0.1, "totalOtherIncomeExpensesNet": 4400000, "incomeBeforeTax": 18500000, "incomeBeforeTaxRatio": 0.112804878, "incomeTaxExpense": 7100000, "netIncome": 11400000, "netIncomeRatio": 0.0695121951, "eps": 0.03, "epsdiluted": 0.03, "weightedAverageShsOut": 379810095, "weightedAverageShsOutDil": 379810095, "link": null, "finalLink": null, "calculatedOtherExpenses": 14600000, "calculatedOperatingExpenses": 96100000, "calculatedNetInterest": 0, "calculatedOtherIncome": 2100000, "calculatedIncomeNonControlling": 0, "calculatedEbitda": 31000000}, {"date": "1988-12-31", "symbol": "FI", "reportedCurrency": "USD", "cik": "0000798354", "fillingDate": "1988-12-31", "acceptedDate": "1988-12-31 00:00:00", "calendarYear": "1988", "period": "FY", "revenue": 125000000, "costOfRevenue": 60300000, "grossProfit": 64700000, "grossProfitRatio": 0.5176, "researchAndDevelopmentExpenses": 0, "generalAndAdministrativeExpenses": 0, "sellingAndMarketingExpenses": 0, "sellingGeneralAndAdministrativeExpenses": 40000000, "otherExpenses": 0, "operatingExpenses": 53900000, "costAndExpenses": 114200000, "interestIncome": 0, "interestExpense": 0, "depreciationAndAmortization": 13900000, "ebitda": 20400000, "ebitdaratio": 0.1632, "operatingIncome": 10800000, "operatingIncomeRatio": 0.0864, "totalOtherIncomeExpensesNet": 4300000, "incomeBeforeTax": 15100000, "incomeBeforeTaxRatio": 0.1208, "incomeTaxExpense": 5900000, "netIncome": 9200000, "netIncomeRatio": 0.0736, "eps": 0.025, "epsdiluted": 0.025, "weightedAverageShsOut": 367816092, "weightedAverageShsOutDil": 367816092, "link": null, "finalLink": null, "calculatedOtherExpenses": 13900000, "calculatedOperatingExpenses": 53900000, "calculatedNetInterest": 0, "calculatedOtherIncome": 4300000, "calculatedIncomeNonControlling": 0, "calculatedEbitda": 24700000}, {"date": "1987-12-31", "symbol": "FI", "reportedCurrency": "USD", "cik": "0000798354", "fillingDate": "1987-12-31", "acceptedDate": "1987-12-31 00:00:00", "calendarYear": "1987", "period": "FY", "revenue": 85500000, "costOfRevenue": 25700000, "grossProfit": 59800000, "grossProfitRatio": 0.6994152047, "researchAndDevelopmentExpenses": 0, "generalAndAdministrativeExpenses": 0, "sellingAndMarketingExpenses": 0, "sellingGeneralAndAdministrativeExpenses": 39800000, "otherExpenses": 0, "operatingExpenses": 51000000, "costAndExpenses": 76700000, "interestIncome": 0, "interestExpense": 0, "depreciationAndAmortization": 11200000, "ebitda": 16400000, "ebitdaratio": 0.1918128655, "operatingIncome": 8800000, "operatingIncomeRatio": 0.1029239766, "totalOtherIncomeExpensesNet": 3600000, "incomeBeforeTax": 12500000, "incomeBeforeTaxRatio": 0.1461988304, "incomeTaxExpense": 5300000, "netIncome": 7200000, "netIncomeRatio": 0.0842105263, "eps": 0.02, "epsdiluted": 0.02, "weightedAverageShsOut": 359820090, "weightedAverageShsOutDil": 359820090, "link": null, "finalLink": null, "calculatedOtherExpenses": 11200000, "calculatedOperatingExpenses": 51000000, "calculatedNetInterest": 0, "calculatedOtherIncome": 3700000, "calculatedIncomeNonControlling": 0, "calculatedEbitda": 20000000}, {"date": "1986-12-31", "symbol": "FI", "reportedCurrency": "USD", "cik": "0000798354", "fillingDate": "1986-12-31", "acceptedDate": "1986-12-31 00:00:00", "calendarYear": "1986", "period": "FY", "revenue": 70400000, "costOfRevenue": 30800000, "grossProfit": 39600000, "grossProfitRatio": 0.5625, "researchAndDevelopmentExpenses": 0, "generalAndAdministrativeExpenses": 0, "sellingAndMarketingExpenses": 0, "sellingGeneralAndAdministrativeExpenses": 23400000, "otherExpenses": 0, "operatingExpenses": 33800000, "costAndExpenses": 64600000, "interestIncome": 0, "interestExpense": 0, "depreciationAndAmortization": 10400000, "ebitda": 12600000, "ebitdaratio": 0.1789772727, "operatingIncome": 5800000, "operatingIncomeRatio": 0.0823863636, "totalOtherIncomeExpensesNet": 3600000, "incomeBeforeTax": 8100000, "incomeBeforeTaxRatio": 0.1150568182, "incomeTaxExpense": 3300000, "netIncome": 4800000, "netIncomeRatio": 0.0681818182, "eps": 0.0167, "epsdiluted": 0.0167, "weightedAverageShsOut": 287856072, "weightedAverageShsOutDil": 287856072, "link": null, "finalLink": null, "calculatedOtherExpenses": 10400000, "calculatedOperatingExpenses": 33800000, "calculatedNetInterest": 0, "calculatedOtherIncome": 2300000, "calculatedIncomeNonControlling": 0, "calculatedEbitda": 16200000}, {"date": "1985-12-31", "symbol": "FI", "reportedCurrency": "USD", "cik": "0000798354", "fillingDate": "1985-12-31", "acceptedDate": "1985-12-31 00:00:00", "calendarYear": "1985", "period": "FY", "revenue": 32900000, "costOfRevenue": 13400000, "grossProfit": 19500000, "grossProfitRatio": 0.5927051672, "researchAndDevelopmentExpenses": 0, "generalAndAdministrativeExpenses": 0, "sellingAndMarketingExpenses": 0, "sellingGeneralAndAdministrativeExpenses": 10600000, "otherExpenses": 0, "operatingExpenses": 13300000, "costAndExpenses": 26700000, "interestIncome": 0, "interestExpense": 0, "depreciationAndAmortization": 2700000, "ebitda": 13300000, "ebitdaratio": 0.4042553191, "operatingIncome": 6200000, "operatingIncomeRatio": 0.188449848, "totalOtherIncomeExpensesNet": -4400000, "incomeBeforeTax": 500000, "incomeBeforeTaxRatio": 0.0151975684, "incomeTaxExpense": 200000, "netIncome": 300000, "netIncomeRatio": 0.009118541, "eps": 0.0017, "epsdiluted": 0.0017, "weightedAverageShsOut": 265055472, "weightedAverageShsOutDil": 265055472, "link": null, "finalLink": null, "calculatedOtherExpenses": 2700000, "calculatedOperatingExpenses": 13300000, "calculatedNetInterest": 0, "calculatedOtherIncome": -5700000, "calculatedIncomeNonControlling": 0, "calculatedEbitda": 8900000}]}