{"originalCurrency": "USD", "convertedCurrency": "USD", "report": [{"date": "2023-12-31", "symbol": "FIBK", "reportedCurrency": "USD", "cik": "0000860413", "fillingDate": "2024-02-29", "acceptedDate": "2024-02-29 14:46:18", "calendarYear": "2023", "period": "FY", "revenue": 147000000, "costOfRevenue": 71600000, "grossProfit": 75400000, "grossProfitRatio": 0.5129251701, "researchAndDevelopmentExpenses": 0, "generalAndAdministrativeExpenses": 369900000, "sellingAndMarketingExpenses": 900000, "sellingGeneralAndAdministrativeExpenses": 369900000, "otherExpenses": 261400000, "operatingExpenses": 261400000, "costAndExpenses": 71600000, "interestIncome": 1280100000, "interestExpense": 656800000, "depreciationAndAmortization": 15700000, "ebitda": 336800000, "ebitdaratio": 2.2911564626, "operatingIncome": 336800000, "operatingIncomeRatio": 2.2911564626, "totalOtherIncomeExpensesNet": 336800000, "incomeBeforeTax": 336800000, "incomeBeforeTaxRatio": 2.2911564626, "incomeTaxExpense": 79300000, "netIncome": 257500000, "netIncomeRatio": 1.7517006803, "eps": 2.48, "epsdiluted": 2.48, "weightedAverageShsOut": 103752206, "weightedAverageShsOutDil": 103780103, "link": "https://www.sec.gov/Archives/edgar/data/860413/000086041324000016/0000860413-24-000016-index.htm", "finalLink": "https://www.sec.gov/Archives/edgar/data/860413/000086041324000016/fibk-20231231.htm", "calculatedOtherExpenses": -631300000, "calculatedOperatingExpenses": -261400000, "calculatedNetInterest": 623300000, "calculatedOtherIncome": -623300000, "calculatedIncomeNonControlling": 0, "calculatedEbitda": 352500000}, {"date": "2022-12-31", "symbol": "FIBK", "reportedCurrency": "USD", "cik": "0000860413", "fillingDate": "2023-02-24", "acceptedDate": "2023-02-24 17:25:12", "calendarYear": "2022", "period": "FY", "revenue": 1105800000, "costOfRevenue": 69700000, "grossProfit": 1036100000, "grossProfitRatio": 0.9369687104, "researchAndDevelopmentExpenses": 0, "generalAndAdministrativeExpenses": 359600000, "sellingAndMarketingExpenses": 3800000, "sellingGeneralAndAdministrativeExpenses": 359600000, "otherExpenses": -1020100000, "operatingExpenses": -660500000, "costAndExpenses": 69700000, "interestIncome": 942600000, "interestExpense": 78900000, "depreciationAndAmortization": 15900000, "ebitda": 391500000, "ebitdaratio": 0.3540423223, "operatingIncome": 375600000, "operatingIncomeRatio": 0.339663592, "totalOtherIncomeExpensesNet": -118500000, "incomeBeforeTax": 257100000, "incomeBeforeTaxRatio": 0.2325013565, "incomeTaxExpense": 54900000, "netIncome": 202200000, "netIncomeRatio": 0.1828540423, "eps": 1.96, "epsdiluted": 1.96, "weightedAverageShsOut": 103274070, "weightedAverageShsOutDil": 103340999, "link": "https://www.sec.gov/Archives/edgar/data/860413/000086041323000045/0000860413-23-000045-index.htm", "finalLink": "https://www.sec.gov/Archives/edgar/data/860413/000086041323000045/fibk-20221231.htm", "calculatedOtherExpenses": 300900000, "calculatedOperatingExpenses": 660500000, "calculatedNetInterest": 863700000, "calculatedOtherIncome": -982200000, "calculatedIncomeNonControlling": 0, "calculatedEbitda": 391500000}, {"date": "2021-12-31", "symbol": "FIBK", "reportedCurrency": "USD", "cik": "0000860413", "fillingDate": "2022-02-25", "acceptedDate": "2022-02-25 16:51:49", "calendarYear": "2021", "period": "FY", "revenue": 638700000, "costOfRevenue": 0, "grossProfit": 638700000, "grossProfitRatio": 1, "researchAndDevelopmentExpenses": 0, "generalAndAdministrativeExpenses": 220700000, "sellingAndMarketingExpenses": 2600000, "sellingGeneralAndAdministrativeExpenses": 220700000, "otherExpenses": -611600000, "operatingExpenses": -390900000, "costAndExpenses": -390900000, "interestIncome": 488200000, "interestExpense": 17300000, "depreciationAndAmortization": 9900000, "ebitda": 257700000, "ebitdaratio": 0.4034758102, "operatingIncome": 247800000, "operatingIncomeRatio": 0.3879755754, "totalOtherIncomeExpensesNet": 247800000, "incomeBeforeTax": 247800000, "incomeBeforeTaxRatio": 0.3879755754, "incomeTaxExpense": 55700000, "netIncome": 192100000, "netIncomeRatio": 0.3007671833, "eps": 3.12, "epsdiluted": 3.11, "weightedAverageShsOut": 61650312, "weightedAverageShsOutDil": 61741828, "link": "https://www.sec.gov/Archives/edgar/data/860413/000086041322000065/0000860413-22-000065-index.htm", "finalLink": "https://www.sec.gov/Archives/edgar/data/860413/000086041322000065/fibk-20211231.htm", "calculatedOtherExpenses": 170200000, "calculatedOperatingExpenses": 390900000, "calculatedNetInterest": 470900000, "calculatedOtherIncome": -470900000, "calculatedIncomeNonControlling": 0, "calculatedEbitda": 257700000}, {"date": "2020-12-31", "symbol": "FIBK", "reportedCurrency": "USD", "cik": "0000860413", "fillingDate": "2021-03-01", "acceptedDate": "2021-02-26 18:15:28", "calendarYear": "2020", "period": "FY", "revenue": 653700000, "costOfRevenue": 0, "grossProfit": 653700000, "grossProfitRatio": 1, "researchAndDevelopmentExpenses": 0, "generalAndAdministrativeExpenses": 223100000, "sellingAndMarketingExpenses": 2800000, "sellingGeneralAndAdministrativeExpenses": 223100000, "otherExpenses": -667500000, "operatingExpenses": -444400000, "costAndExpenses": -444400000, "interestIncome": 497000000, "interestExpense": 26600000, "depreciationAndAmortization": 10900000, "ebitda": 220200000, "ebitdaratio": 0.3368517669, "operatingIncome": 209300000, "operatingIncomeRatio": 0.3201774514, "totalOtherIncomeExpensesNet": 209300000, "incomeBeforeTax": 209300000, "incomeBeforeTaxRatio": 0.3201774514, "incomeTaxExpense": 48100000, "netIncome": 161200000, "netIncomeRatio": 0.246596298, "eps": 2.53, "epsdiluted": 2.53, "weightedAverageShsOut": 63611891, "weightedAverageShsOutDil": 63729470, "link": "https://www.sec.gov/Archives/edgar/data/860413/000086041321000102/0000860413-21-000102-index.htm", "finalLink": "https://www.sec.gov/Archives/edgar/data/860413/000086041321000102/fibk-20201231.htm", "calculatedOtherExpenses": 221300000, "calculatedOperatingExpenses": 444400000, "calculatedNetInterest": 470400000, "calculatedOtherIncome": -470400000, "calculatedIncomeNonControlling": 0, "calculatedEbitda": 220200000}, {"date": "2019-12-31", "symbol": "FIBK", "reportedCurrency": "USD", "cik": "0000860413", "fillingDate": "2020-02-27", "acceptedDate": "2020-02-26 17:41:49", "calendarYear": "2019", "period": "FY", "revenue": 644900000, "costOfRevenue": 0, "grossProfit": 644900000, "grossProfitRatio": 1, "researchAndDevelopmentExpenses": 0, "generalAndAdministrativeExpenses": 206800000, "sellingAndMarketingExpenses": 4200000, "sellingGeneralAndAdministrativeExpenses": 206800000, "otherExpenses": -616600000, "operatingExpenses": -409800000, "costAndExpenses": -409800000, "interestIncome": 495000000, "interestExpense": 59000000, "depreciationAndAmortization": 11200000, "ebitda": 246300000, "ebitdaratio": 0.3819196775, "operatingIncome": 235100000, "operatingIncomeRatio": 0.3645526438, "totalOtherIncomeExpensesNet": 235100000, "incomeBeforeTax": 235100000, "incomeBeforeTaxRatio": 0.3645526438, "incomeTaxExpense": 54100000, "netIncome": 181000000, "netIncomeRatio": 0.2806636688, "eps": 2.84, "epsdiluted": 2.83, "weightedAverageShsOut": 63645029, "weightedAverageShsOutDil": 63884868, "link": "https://www.sec.gov/Archives/edgar/data/860413/000086041320000054/0000860413-20-000054-index.htm", "finalLink": "https://www.sec.gov/Archives/edgar/data/860413/000086041320000054/fibk-20191231x10k.htm", "calculatedOtherExpenses": 203000000, "calculatedOperatingExpenses": 409800000, "calculatedNetInterest": 436000000, "calculatedOtherIncome": -436000000, "calculatedIncomeNonControlling": 0, "calculatedEbitda": 246300000}, {"date": "2018-12-31", "symbol": "FIBK", "reportedCurrency": "USD", "cik": "0000860413", "fillingDate": "2019-02-27", "acceptedDate": "2019-02-27 15:11:48", "calendarYear": "2018", "period": "FY", "revenue": 575800000, "costOfRevenue": 0, "grossProfit": 575800000, "grossProfitRatio": 1, "researchAndDevelopmentExpenses": 0, "generalAndAdministrativeExpenses": 194300000, "sellingAndMarketingExpenses": 3200000, "sellingGeneralAndAdministrativeExpenses": 194300000, "otherExpenses": -557200000, "operatingExpenses": -328600000, "costAndExpenses": -328600000, "interestIncome": 432500000, "interestExpense": 40900000, "depreciationAndAmortization": 7900000, "ebitda": 274800000, "ebitdaratio": 0.4772490448, "operatingIncome": 247200000, "operatingIncomeRatio": 0.4293157346, "totalOtherIncomeExpensesNet": -40900000, "incomeBeforeTax": 206300000, "incomeBeforeTaxRatio": 0.3582841264, "incomeTaxExpense": 46100000, "netIncome": 160200000, "netIncomeRatio": 0.2782216047, "eps": 2.77, "epsdiluted": 2.75, "weightedAverageShsOut": 57778857, "weightedAverageShsOutDil": 58217123, "link": "https://www.sec.gov/Archives/edgar/data/860413/000086041319000026/0000860413-19-000026-index.htm", "finalLink": "https://www.sec.gov/Archives/edgar/data/860413/000086041319000026/fibk-20181231x10k.htm", "calculatedOtherExpenses": 134300000, "calculatedOperatingExpenses": 328600000, "calculatedNetInterest": 391600000, "calculatedOtherIncome": -432500000, "calculatedIncomeNonControlling": 0, "calculatedEbitda": 255100000}, {"date": "2017-12-31", "symbol": "FIBK", "reportedCurrency": "USD", "cik": "0000860413", "fillingDate": "2018-02-28", "acceptedDate": "2018-02-28 17:19:16", "calendarYear": "2017", "period": "FY", "revenue": 491596000, "costOfRevenue": 0, "grossProfit": 491596000, "grossProfitRatio": 1, "researchAndDevelopmentExpenses": 0, "generalAndAdministrativeExpenses": 160312000, "sellingAndMarketingExpenses": 3500000, "sellingGeneralAndAdministrativeExpenses": 160312000, "otherExpenses": -454258000, "operatingExpenses": -293946000, "costAndExpenses": -293946000, "interestIncome": 349843000, "interestExpense": 27934000, "depreciationAndAmortization": 5438000, "ebitda": 203088000, "ebitdaratio": 0.4131197162, "operatingIncome": 197650000, "operatingIncomeRatio": 0.4020577873, "totalOtherIncomeExpensesNet": -40928000, "incomeBeforeTax": 156722000, "incomeBeforeTaxRatio": 0.3188024313, "incomeTaxExpense": 50201000, "netIncome": 106500000, "netIncomeRatio": 0.2166413071, "eps": 2.07, "epsdiluted": 2.05, "weightedAverageShsOut": 51429366, "weightedAverageShsOutDil": 51903209, "link": "https://www.sec.gov/Archives/edgar/data/860413/000086041318000029/0000860413-18-000029-index.htm", "finalLink": "https://www.sec.gov/Archives/edgar/data/860413/000086041318000029/fibk-20171231x10k.htm", "calculatedOtherExpenses": 133634000, "calculatedOperatingExpenses": 293946000, "calculatedNetInterest": 321909000, "calculatedOtherIncome": -362837000, "calculatedIncomeNonControlling": 21000, "calculatedEbitda": 203088000}, {"date": "2016-12-31", "symbol": "FIBK", "reportedCurrency": "USD", "cik": "0000860413", "fillingDate": "2017-03-02", "acceptedDate": "2017-03-01 20:09:14", "calendarYear": "2016", "period": "FY", "revenue": 412155000, "costOfRevenue": 44000, "grossProfit": 412111000, "grossProfitRatio": 0.999893244, "researchAndDevelopmentExpenses": 0, "generalAndAdministrativeExpenses": 143877000, "sellingAndMarketingExpenses": 2800000, "sellingGeneralAndAdministrativeExpenses": 143877000, "otherExpenses": -377015000, "operatingExpenses": -233138000, "costAndExpenses": 44000, "interestIncome": 279765000, "interestExpense": 17661000, "depreciationAndAmortization": 3427000, "ebitda": 182400000, "ebitdaratio": 0.4425519525, "operatingIncome": 178973000, "operatingIncomeRatio": 0.4342371195, "totalOtherIncomeExpensesNet": -33714000, "incomeBeforeTax": 145259000, "incomeBeforeTaxRatio": 0.3524377965, "incomeTaxExpense": 49623000, "netIncome": 95700000, "netIncomeRatio": 0.2321941988, "eps": 2.15, "epsdiluted": 2.13, "weightedAverageShsOut": 44512000, "weightedAverageShsOutDil": 44910000, "link": "https://www.sec.gov/Archives/edgar/data/860413/000086041317000009/0000860413-17-000009-index.htm", "finalLink": "https://www.sec.gov/Archives/edgar/data/860413/000086041317000009/fibk-20161231x10k.htm", "calculatedOtherExpenses": 89261000, "calculatedOperatingExpenses": 233138000, "calculatedNetInterest": 262104000, "calculatedOtherIncome": -295818000, "calculatedIncomeNonControlling": -64000, "calculatedEbitda": 182400000}, {"date": "2015-12-31", "symbol": "FIBK", "reportedCurrency": "USD", "cik": "0000860413", "fillingDate": "2016-03-01", "acceptedDate": "2016-02-29 19:06:39", "calendarYear": "2015", "period": "FY", "revenue": 386767000, "costOfRevenue": 1475000, "grossProfit": 385292000, "grossProfitRatio": 0.9961863344, "researchAndDevelopmentExpenses": 0, "generalAndAdministrativeExpenses": 132189000, "sellingAndMarketingExpenses": 3500000, "sellingGeneralAndAdministrativeExpenses": 132189000, "otherExpenses": -354039000, "operatingExpenses": -221850000, "costAndExpenses": 1475000, "interestIncome": 264363000, "interestExpense": 18060000, "depreciationAndAmortization": 3388000, "ebitda": 166830000, "ebitdaratio": 0.43134497, "operatingIncome": 163442000, "operatingIncomeRatio": 0.422585174, "totalOtherIncomeExpensesNet": -32985000, "incomeBeforeTax": 130457000, "incomeBeforeTaxRatio": 0.3373012692, "incomeTaxExpense": 43662000, "netIncome": 86795000, "netIncomeRatio": 0.2244115966, "eps": 1.92, "epsdiluted": 1.9, "weightedAverageShsOut": 45184091, "weightedAverageShsOutDil": 45646418, "link": "https://www.sec.gov/Archives/edgar/data/860413/000086041316000032/0000860413-16-000032-index.htm", "finalLink": "https://www.sec.gov/Archives/edgar/data/860413/000086041316000032/fibk-20151231x10k.htm", "calculatedOtherExpenses": 89661000, "calculatedOperatingExpenses": 221850000, "calculatedNetInterest": 246303000, "calculatedOtherIncome": -279288000, "calculatedIncomeNonControlling": 0, "calculatedEbitda": 166830000}, {"date": "2014-12-31", "symbol": "FIBK", "reportedCurrency": "USD", "cik": "0000860413", "fillingDate": "2015-03-02", "acceptedDate": "2015-02-27 18:13:43", "calendarYear": "2014", "period": "FY", "revenue": 359862000, "costOfRevenue": 0, "grossProfit": 359862000, "grossProfitRatio": 1, "researchAndDevelopmentExpenses": 0, "generalAndAdministrativeExpenses": 126643000, "sellingAndMarketingExpenses": 3734000, "sellingGeneralAndAdministrativeExpenses": 126643000, "otherExpenses": -323680000, "operatingExpenses": -197037000, "costAndExpenses": -197037000, "interestIncome": 248461000, "interestExpense": 18606000, "depreciationAndAmortization": 2251000, "ebitda": 165076000, "ebitdaratio": 0.4587202872, "operatingIncome": 162825000, "operatingIncomeRatio": 0.4524651116, "totalOtherIncomeExpensesNet": -33210000, "incomeBeforeTax": 129615000, "incomeBeforeTaxRatio": 0.3601797356, "incomeTaxExpense": 45214000, "netIncome": 84401000, "netIncomeRatio": 0.2345371281, "eps": 1.89, "epsdiluted": 1.87, "weightedAverageShsOut": 44615060, "weightedAverageShsOutDil": 45210561, "link": "https://www.sec.gov/Archives/edgar/data/860413/000086041315000007/0000860413-15-000007-index.htm", "finalLink": "https://www.sec.gov/Archives/edgar/data/860413/000086041315000007/fibk-20141231x10k.htm", "calculatedOtherExpenses": 70394000, "calculatedOperatingExpenses": 197037000, "calculatedNetInterest": 229855000, "calculatedOtherIncome": -263065000, "calculatedIncomeNonControlling": 0, "calculatedEbitda": 165076000}, {"date": "2013-12-31", "symbol": "FIBK", "reportedCurrency": "USD", "cik": "0000860413", "fillingDate": "2014-02-28", "acceptedDate": "2014-02-28 17:17:51", "calendarYear": "2013", "period": "FY", "revenue": 348646000, "costOfRevenue": 0, "grossProfit": 348646000, "grossProfitRatio": 1, "researchAndDevelopmentExpenses": 0, "generalAndAdministrativeExpenses": 124340000, "sellingAndMarketingExpenses": 3532000, "sellingGeneralAndAdministrativeExpenses": 124340000, "otherExpenses": -319589000, "operatingExpenses": -195249000, "costAndExpenses": -195249000, "interestIncome": 236967000, "interestExpense": 20695000, "depreciationAndAmortization": 16245000, "ebitda": 169642000, "ebitdaratio": 0.486573774, "operatingIncome": 153397000, "operatingIncomeRatio": 0.439979234, "totalOtherIncomeExpensesNet": -20695000, "incomeBeforeTax": 132702000, "incomeBeforeTaxRatio": 0.3806210311, "incomeTaxExpense": 46566000, "netIncome": 86136000, "netIncomeRatio": 0.2470586211, "eps": 1.98, "epsdiluted": 1.96, "weightedAverageShsOut": 43566681, "weightedAverageShsOutDil": 44044602, "link": "https://www.sec.gov/Archives/edgar/data/860413/000086041314000004/0000860413-14-000004-index.htm", "finalLink": "https://www.sec.gov/Archives/edgar/data/860413/000086041314000004/fibk-20131231x10k.htm", "calculatedOtherExpenses": 70909000, "calculatedOperatingExpenses": 195249000, "calculatedNetInterest": 216272000, "calculatedOtherIncome": -236967000, "calculatedIncomeNonControlling": 0, "calculatedEbitda": 169642000}, {"date": "2012-12-31", "symbol": "FIBK", "reportedCurrency": "USD", "cik": "0000860413", "fillingDate": "2013-03-01", "acceptedDate": "2013-02-28 19:06:05", "calendarYear": "2012", "period": "FY", "revenue": 358647000, "costOfRevenue": 0, "grossProfit": 358647000, "grossProfitRatio": 1, "researchAndDevelopmentExpenses": 0, "generalAndAdministrativeExpenses": 125648000, "sellingAndMarketingExpenses": 3555000, "sellingGeneralAndAdministrativeExpenses": 125648000, "otherExpenses": -353728000, "operatingExpenses": -228080000, "costAndExpenses": -228080000, "interestIncome": 273900000, "interestExpense": 30114000, "depreciationAndAmortization": 4921000, "ebitda": 135488000, "ebitdaratio": 0.3777753613, "operatingIncome": 130567000, "operatingIncomeRatio": 0.3640543487, "totalOtherIncomeExpensesNet": -42305000, "incomeBeforeTax": 88262000, "incomeBeforeTaxRatio": 0.2460971373, "incomeTaxExpense": 30038000, "netIncome": 58224000, "netIncomeRatio": 0.1623434742, "eps": 1.28, "epsdiluted": 1.27, "weightedAverageShsOut": 43247278, "weightedAverageShsOutDil": 43290323, "link": "https://www.sec.gov/Archives/edgar/data/860413/000086041313000003/0000860413-13-000003-index.htm", "finalLink": "https://www.sec.gov/Archives/edgar/data/860413/000086041313000003/fibk-20121231x10k.htm", "calculatedOtherExpenses": 102432000, "calculatedOperatingExpenses": 228080000, "calculatedNetInterest": 243786000, "calculatedOtherIncome": -286091000, "calculatedIncomeNonControlling": 0, "calculatedEbitda": 135488000}, {"date": "2011-12-31", "symbol": "FIBK", "reportedCurrency": "USD", "cik": "0000860413", "fillingDate": "2012-02-28", "acceptedDate": "2012-02-27 19:07:15", "calendarYear": "2011", "period": "FY", "revenue": 342724000, "costOfRevenue": 0, "grossProfit": 342724000, "grossProfitRatio": 1, "researchAndDevelopmentExpenses": 0, "generalAndAdministrativeExpenses": 118685000, "sellingAndMarketingExpenses": 0, "sellingGeneralAndAdministrativeExpenses": 118685000, "otherExpenses": -353217000, "operatingExpenses": -234532000, "costAndExpenses": -234532000, "interestIncome": 292883000, "interestExpense": 42031000, "depreciationAndAmortization": 17368000, "ebitda": 125560000, "ebitdaratio": 0.3663589361, "operatingIncome": 108192000, "operatingIncomeRatio": 0.3156825901, "totalOtherIncomeExpensesNet": -42031000, "incomeBeforeTax": 66161000, "incomeBeforeTaxRatio": 0.193044549, "incomeTaxExpense": 21615000, "netIncome": 44546000, "netIncomeRatio": 0.1299763075, "eps": 0.96, "epsdiluted": 0.96, "weightedAverageShsOut": 42749526, "weightedAverageShsOutDil": 42847196, "link": "https://www.sec.gov/Archives/edgar/data/860413/000086041312000009/0000860413-12-000009-index.htm", "finalLink": "https://www.sec.gov/Archives/edgar/data/860413/000086041312000009/fibk-20111231x10k.htm", "calculatedOtherExpenses": 115847000, "calculatedOperatingExpenses": 234532000, "calculatedNetInterest": 250852000, "calculatedOtherIncome": -292883000, "calculatedIncomeNonControlling": 0, "calculatedEbitda": 125560000}, {"date": "2010-12-31", "symbol": "FIBK", "reportedCurrency": "USD", "cik": "0000860413", "fillingDate": "2011-02-28", "acceptedDate": "2011-02-28 15:46:32", "calendarYear": "2010", "period": "FY", "revenue": 342350000, "costOfRevenue": 0, "grossProfit": 342350000, "grossProfitRatio": 1, "researchAndDevelopmentExpenses": 0, "generalAndAdministrativeExpenses": 122711000, "sellingAndMarketingExpenses": 0, "sellingGeneralAndAdministrativeExpenses": 122711000, "otherExpenses": -347508000, "operatingExpenses": -224797000, "costAndExpenses": -224797000, "interestIncome": 314546000, "interestExpense": 63107000, "depreciationAndAmortization": 20136000, "ebitda": 137689000, "ebitdaratio": 0.4021878195, "operatingIncome": 117553000, "operatingIncomeRatio": 0.3433708193, "totalOtherIncomeExpensesNet": -63107000, "incomeBeforeTax": 54446000, "incomeBeforeTaxRatio": 0.1590360742, "incomeTaxExpense": 17090000, "netIncome": 37356000, "netIncomeRatio": 0.1091164013, "eps": 0.85, "epsdiluted": 0.85, "weightedAverageShsOut": 39907640, "weightedAverageShsOutDil": 40127365, "link": "https://www.sec.gov/Archives/edgar/data/860413/000095012311019722/0000950123-11-019722-index.htm", "finalLink": "https://www.sec.gov/Archives/edgar/data/860413/000095012311019722/c63294e10vk.htm", "calculatedOtherExpenses": 102086000, "calculatedOperatingExpenses": 224797000, "calculatedNetInterest": 251439000, "calculatedOtherIncome": -314546000, "calculatedIncomeNonControlling": 0, "calculatedEbitda": 137689000}, {"date": "2009-12-31", "symbol": "FIBK", "reportedCurrency": "USD", "cik": "0000860413", "fillingDate": "2010-02-19", "acceptedDate": "2010-02-19 16:49:19", "calendarYear": "2009", "period": "FY", "revenue": 343826000, "costOfRevenue": 0, "grossProfit": 343826000, "grossProfitRatio": 1, "researchAndDevelopmentExpenses": 0, "generalAndAdministrativeExpenses": 113569000, "sellingAndMarketingExpenses": 0, "sellingGeneralAndAdministrativeExpenses": 113569000, "otherExpenses": -291681000, "operatingExpenses": -178112000, "costAndExpenses": -178112000, "interestIncome": 328034000, "interestExpense": 84898000, "depreciationAndAmortization": 23579000, "ebitda": 189293000, "ebitdaratio": 0.5505488241, "operatingIncome": 165714000, "operatingIncomeRatio": 0.4819705316, "totalOtherIncomeExpensesNet": -84898000, "incomeBeforeTax": 80816000, "incomeBeforeTaxRatio": 0.2350491237, "incomeTaxExpense": 26953000, "netIncome": 53863000, "netIncomeRatio": 0.156657728, "eps": 1.61, "epsdiluted": 1.59, "weightedAverageShsOut": 31335668, "weightedAverageShsOutDil": 31678500, "link": "https://www.sec.gov/Archives/edgar/data/860413/000095012310014586/0000950123-10-014586-index.htm", "finalLink": "https://www.sec.gov/Archives/edgar/data/860413/000095012310014586/c56446e10vk.htm", "calculatedOtherExpenses": 64543000, "calculatedOperatingExpenses": 178112000, "calculatedNetInterest": 243136000, "calculatedOtherIncome": -328034000, "calculatedIncomeNonControlling": 0, "calculatedEbitda": 189293000}, {"date": "2008-12-31", "symbol": "FIBK", "reportedCurrency": "USD", "cik": "0000860413", "fillingDate": "2009-03-23", "acceptedDate": "2009-03-23 13:44:02", "calendarYear": "2008", "period": "FY", "revenue": 336663000, "costOfRevenue": 0, "grossProfit": 336663000, "grossProfitRatio": 1, "researchAndDevelopmentExpenses": 0, "generalAndAdministrativeExpenses": 114024000, "sellingAndMarketingExpenses": 0, "sellingGeneralAndAdministrativeExpenses": 114024000, "otherExpenses": -27096000, "operatingExpenses": 86928000, "costAndExpenses": 86928000, "interestIncome": 355919000, "interestExpense": 120542000, "depreciationAndAmortization": 24238000, "ebitda": 252857000, "ebitdaratio": 0.751068576, "operatingIncome": 228619000, "operatingIncomeRatio": 0.6790737325, "totalOtherIncomeExpensesNet": -120542000, "incomeBeforeTax": 108077000, "incomeBeforeTaxRatio": 0.3210242884, "incomeTaxExpense": 37429000, "netIncome": 70648000, "netIncomeRatio": 0.20984783, "eps": 2.14, "epsdiluted": 2.1, "weightedAverageShsOut": 31484136, "weightedAverageShsOutDil": 32112672, "link": "https://www.sec.gov/Archives/edgar/data/860413/000095013709002118/0000950137-09-002118-index.htm", "finalLink": "https://www.sec.gov/Archives/edgar/data/860413/000095013709002118/c50120e10vk.htm", "calculatedOtherExpenses": -5980000, "calculatedOperatingExpenses": 108044000, "calculatedNetInterest": 235377000, "calculatedOtherIncome": -355919000, "calculatedIncomeNonControlling": 0, "calculatedEbitda": 252857000}, {"date": "2007-12-31", "symbol": "FIBK", "reportedCurrency": "USD", "cik": "0000860413", "fillingDate": "2008-03-17", "acceptedDate": "2008-03-17 17:28:48", "calendarYear": "2007", "period": "FY", "revenue": 292051000, "costOfRevenue": 0, "grossProfit": 292051000, "grossProfitRatio": 1, "researchAndDevelopmentExpenses": 0, "generalAndAdministrativeExpenses": 98134000, "sellingAndMarketingExpenses": 0, "sellingGeneralAndAdministrativeExpenses": 98134000, "otherExpenses": -158797000, "operatingExpenses": -60663000, "costAndExpenses": -60663000, "interestIncome": 325557000, "interestExpense": 125954000, "depreciationAndAmortization": 16367000, "ebitda": 247755000, "ebitdaratio": 0.8483278605, "operatingIncome": 231388000, "operatingIncomeRatio": 0.7922862788, "totalOtherIncomeExpensesNet": -125954000, "incomeBeforeTax": 105434000, "incomeBeforeTaxRatio": 0.3610122889, "incomeTaxExpense": 36793000, "netIncome": 68641000, "netIncomeRatio": 0.2350308679, "eps": 2.19, "epsdiluted": 2.17, "weightedAverageShsOut": 31335668, "weightedAverageShsOutDil": 31678500, "link": "https://www.sec.gov/Archives/edgar/data/860413/000095013708003802/0000950137-08-003802-index.htm", "finalLink": "https://www.sec.gov/Archives/edgar/data/860413/000095013708003802/c24893e10vk.htm", "calculatedOtherExpenses": -37471000, "calculatedOperatingExpenses": 60663000, "calculatedNetInterest": 199603000, "calculatedOtherIncome": -325557000, "calculatedIncomeNonControlling": 0, "calculatedEbitda": 247755000}, {"date": "2006-12-31", "symbol": "FIBK", "reportedCurrency": "USD", "cik": "0000860413", "fillingDate": "2007-03-14", "acceptedDate": "2007-03-14 16:48:18", "calendarYear": "2006", "period": "FY", "revenue": 269210000, "costOfRevenue": 0, "grossProfit": 269210000, "grossProfitRatio": 1, "researchAndDevelopmentExpenses": 0, "generalAndAdministrativeExpenses": 88889000, "sellingAndMarketingExpenses": 0, "sellingGeneralAndAdministrativeExpenses": 88889000, "otherExpenses": -135031000, "operatingExpenses": -46142000, "costAndExpenses": -46142000, "interestIncome": 293423000, "interestExpense": 105960000, "depreciationAndAmortization": 10298000, "ebitda": 233366000, "ebitdaratio": 0.8668548717, "operatingIncome": 223068000, "operatingIncomeRatio": 0.8286022065, "totalOtherIncomeExpensesNet": -105960000, "incomeBeforeTax": 117108000, "incomeBeforeTaxRatio": 0.435006129, "incomeTaxExpense": 41499000, "netIncome": 75609000, "netIncomeRatio": 0.2808550945, "eps": 2.41, "epsdiluted": 2.39, "weightedAverageShsOut": 31335668, "weightedAverageShsOutDil": 31678500, "link": "https://www.sec.gov/Archives/edgar/data/860413/000095013707003774/0000950137-07-003774-index.htm", "finalLink": "https://www.sec.gov/Archives/edgar/data/860413/000095013707003774/c13289e10vk.htm", "calculatedOtherExpenses": -42747000, "calculatedOperatingExpenses": 46142000, "calculatedNetInterest": 187463000, "calculatedOtherIncome": -293423000, "calculatedIncomeNonControlling": 0, "calculatedEbitda": 233366000}, {"date": "2005-12-31", "symbol": "FIBK", "reportedCurrency": "USD", "cik": "0000860413", "fillingDate": "2006-03-14", "acceptedDate": "2006-03-14 12:47:13", "calendarYear": "2005", "period": "FY", "revenue": 240598000, "costOfRevenue": 0, "grossProfit": 240598000, "grossProfitRatio": 1, "researchAndDevelopmentExpenses": 0, "generalAndAdministrativeExpenses": 80029000, "sellingAndMarketingExpenses": 0, "sellingGeneralAndAdministrativeExpenses": 80029000, "otherExpenses": -173053000, "operatingExpenses": -93024000, "costAndExpenses": -93024000, "interestIncome": 233857000, "interestExpense": 63549000, "depreciationAndAmortization": 19044000, "ebitda": 166618000, "ebitdaratio": 0.6925161473, "operatingIncome": 147574000, "operatingIncomeRatio": 0.6133633696, "totalOtherIncomeExpensesNet": -63549000, "incomeBeforeTax": 84025000, "incomeBeforeTaxRatio": 0.349233992, "incomeTaxExpense": 29310000, "netIncome": 54715000, "netIncomeRatio": 0.2274125304, "eps": 1.75, "epsdiluted": 1.73, "weightedAverageShsOut": 31335668, "weightedAverageShsOutDil": 31678500, "link": "https://www.sec.gov/Archives/edgar/data/860413/000095013406004992/0000950134-06-004992-index.htm", "finalLink": "https://www.sec.gov/Archives/edgar/data/860413/000095013406004992/c03268e10vk.htm", "calculatedOtherExpenses": 12995000, "calculatedOperatingExpenses": 93024000, "calculatedNetInterest": 170308000, "calculatedOtherIncome": -233857000, "calculatedIncomeNonControlling": 0, "calculatedEbitda": 166618000}, {"date": "2004-12-31", "symbol": "FIBK", "reportedCurrency": "USD", "cik": "0000860413", "fillingDate": "2005-02-24", "acceptedDate": "2005-02-24 17:22:45", "calendarYear": "2004", "period": "FY", "revenue": 221675000, "costOfRevenue": 0, "grossProfit": 221675000, "grossProfitRatio": 1, "researchAndDevelopmentExpenses": 0, "generalAndAdministrativeExpenses": 73972000, "sellingAndMarketingExpenses": 0, "sellingGeneralAndAdministrativeExpenses": 73972000, "otherExpenses": -183876000, "operatingExpenses": -109904000, "costAndExpenses": -109904000, "interestIncome": 192840000, "interestExpense": 42421000, "depreciationAndAmortization": 17835000, "ebitda": 129606000, "ebitdaratio": 0.5846667419, "operatingIncome": 111771000, "operatingIncomeRatio": 0.5042111199, "totalOtherIncomeExpensesNet": -42421000, "incomeBeforeTax": 69350000, "incomeBeforeTaxRatio": 0.3128453818, "incomeTaxExpense": 23929000, "netIncome": 45421000, "netIncomeRatio": 0.2048990639, "eps": 1.45, "epsdiluted": 1.43, "weightedAverageShsOut": 31335668, "weightedAverageShsOutDil": 31678500, "link": "https://www.sec.gov/Archives/edgar/data/860413/000095013405003721/0000950134-05-003721-index.htm", "finalLink": "https://www.sec.gov/Archives/edgar/data/860413/000095013405003721/c92506e10vk.htm", "calculatedOtherExpenses": 35932000, "calculatedOperatingExpenses": 109904000, "calculatedNetInterest": 150419000, "calculatedOtherIncome": -192840000, "calculatedIncomeNonControlling": 0, "calculatedEbitda": 129606000}, {"date": "2003-12-31", "symbol": "FIBK", "reportedCurrency": "USD", "cik": "0000860413", "fillingDate": "2004-02-19", "acceptedDate": "2004-02-19 14:11:51", "calendarYear": "2003", "period": "FY", "revenue": 210796000, "costOfRevenue": 0, "grossProfit": 210796000, "grossProfitRatio": 1, "researchAndDevelopmentExpenses": 0, "generalAndAdministrativeExpenses": 69999000, "sellingAndMarketingExpenses": 0, "sellingGeneralAndAdministrativeExpenses": 69999000, "otherExpenses": -169162000, "operatingExpenses": -99163000, "costAndExpenses": -99163000, "interestIncome": 189258000, "interestExpense": 48614000, "depreciationAndAmortization": 12005000, "ebitda": 123638000, "ebitdaratio": 0.5865291562, "operatingIncome": 111633000, "operatingIncomeRatio": 0.5295783601, "totalOtherIncomeExpensesNet": -48614000, "incomeBeforeTax": 63019000, "incomeBeforeTaxRatio": 0.2989572857, "incomeTaxExpense": 22267000, "netIncome": 40752000, "netIncomeRatio": 0.1933243515, "eps": 1.3, "epsdiluted": 1.29, "weightedAverageShsOut": 31335668, "weightedAverageShsOutDil": 31678500, "link": "https://www.sec.gov/Archives/edgar/data/860413/000095013404002284/0000950134-04-002284-index.htm", "finalLink": "https://www.sec.gov/Archives/edgar/data/860413/000095013404002284/c83081e10vk.htm", "calculatedOtherExpenses": 29164000, "calculatedOperatingExpenses": 99163000, "calculatedNetInterest": 140644000, "calculatedOtherIncome": -189258000, "calculatedIncomeNonControlling": 0, "calculatedEbitda": 123638000}, {"date": "2002-12-31", "symbol": "FIBK", "reportedCurrency": "USD", "cik": "0000860413", "fillingDate": "2003-03-19", "acceptedDate": "2003-03-19 17:24:32", "calendarYear": "2002", "period": "FY", "revenue": 196748000, "costOfRevenue": 0, "grossProfit": 196748000, "grossProfitRatio": 1, "researchAndDevelopmentExpenses": 0, "generalAndAdministrativeExpenses": 68379000, "sellingAndMarketingExpenses": 0, "sellingGeneralAndAdministrativeExpenses": 68379000, "otherExpenses": -145927000, "operatingExpenses": -77548000, "costAndExpenses": -77548000, "interestIncome": 201306000, "interestExpense": 65459000, "depreciationAndAmortization": 11647000, "ebitda": 130847000, "ebitdaratio": 0.6650486917, "operatingIncome": 119200000, "operatingIncomeRatio": 0.6058511395, "totalOtherIncomeExpensesNet": -65459000, "incomeBeforeTax": 53741000, "incomeBeforeTaxRatio": 0.2731463598, "incomeTaxExpense": 19247000, "netIncome": 34494000, "netIncomeRatio": 0.1753207148, "eps": 1.1, "epsdiluted": 1.09, "weightedAverageShsOut": 31335668, "weightedAverageShsOutDil": 31678500, "link": "https://www.sec.gov/Archives/edgar/data/860413/000095013403004184/0000950134-03-004184-index.htm", "finalLink": "https://www.sec.gov/Archives/edgar/data/860413/000095013403004184/c75527e10vk.htm", "calculatedOtherExpenses": 9169000, "calculatedOperatingExpenses": 77548000, "calculatedNetInterest": 135847000, "calculatedOtherIncome": -201306000, "calculatedIncomeNonControlling": 0, "calculatedEbitda": 130847000}, {"date": "1999-12-31", "symbol": "FIBK", "reportedCurrency": "USD", "cik": "0000860413", "fillingDate": "2000-03-13", "acceptedDate": "2000-03-13 00:00:00", "calendarYear": "1999", "period": "FY", "revenue": 0, "costOfRevenue": 0, "grossProfit": 0, "grossProfitRatio": 0, "researchAndDevelopmentExpenses": 0, "generalAndAdministrativeExpenses": 0, "sellingAndMarketingExpenses": 0, "sellingGeneralAndAdministrativeExpenses": 0, "otherExpenses": 0, "operatingExpenses": 0, "costAndExpenses": 0, "interestIncome": 0, "interestExpense": 0, "depreciationAndAmortization": 0, "ebitda": 0, "ebitdaratio": 0, "operatingIncome": 0, "operatingIncomeRatio": 0, "totalOtherIncomeExpensesNet": 0, "incomeBeforeTax": 0, "incomeBeforeTaxRatio": 0, "incomeTaxExpense": 0, "netIncome": 0, "netIncomeRatio": 0, "eps": 0, "epsdiluted": 0, "weightedAverageShsOut": 0, "weightedAverageShsOutDil": 0, "link": "https://www.sec.gov/Archives/edgar/data/860413/000095012400001191/0000950124-00-001191-index.htm", "finalLink": "https://www.sec.gov/Archives/edgar/data/860413/000095012400001191/0000950124-00-001191-d1.html", "calculatedOtherExpenses": 0, "calculatedOperatingExpenses": 0, "calculatedNetInterest": 0, "calculatedOtherIncome": 0, "calculatedIncomeNonControlling": 0, "calculatedEbitda": 0}]}