{"originalCurrency": "USD", "convertedCurrency": "USD", "report": [{"date": "2023-12-31", "symbol": "FIS", "reportedCurrency": "USD", "cik": "0001136893", "fillingDate": "2024-02-26", "acceptedDate": "2024-02-26 16:16:54", "calendarYear": "2023", "period": "FY", "revenue": 9821000000, "costOfRevenue": 6145000000, "grossProfit": 3676000000, "grossProfitRatio": 0.3742999695, "researchAndDevelopmentExpenses": 0, "generalAndAdministrativeExpenses": 0, "sellingAndMarketingExpenses": 0, "sellingGeneralAndAdministrativeExpenses": 2096000000, "otherExpenses": -183000000, "operatingExpenses": 2096000000, "costAndExpenses": 8241000000, "interestIncome": 92000000, "interestExpense": 621000000, "depreciationAndAmortization": 1743000000, "ebitda": 3323000000, "ebitdaratio": 0.3383565828, "operatingIncome": 1580000000, "operatingIncomeRatio": 0.1608797475, "totalOtherIncomeExpensesNet": -917000000, "incomeBeforeTax": 663000000, "incomeBeforeTaxRatio": 0.0675084004, "incomeTaxExpense": 157000000, "netIncome": -6654000000, "netIncomeRatio": -0.6775277467, "eps": -11.26, "epsdiluted": -11.26, "weightedAverageShsOut": 591000000, "weightedAverageShsOutDil": 591000000, "link": "https://www.sec.gov/Archives/edgar/data/1136893/000113689324000015/0001136893-24-000015-index.htm", "finalLink": "https://www.sec.gov/Archives/edgar/data/1136893/000113689324000015/fis-20231231.htm", "calculatedOtherExpenses": 0, "calculatedOperatingExpenses": 2096000000, "calculatedNetInterest": -529000000, "calculatedOtherIncome": -388000000, "calculatedIncomeNonControlling": 7160000000, "calculatedEbitda": 3323000000}, {"date": "2022-12-31", "symbol": "FIS", "reportedCurrency": "USD", "cik": "0001136893", "fillingDate": "2023-02-27", "acceptedDate": "2023-02-27 16:38:25", "calendarYear": "2022", "period": "FY", "revenue": 14528000000, "costOfRevenue": 8820000000, "grossProfit": 5708000000, "grossProfitRatio": 0.3928964758, "researchAndDevelopmentExpenses": 0, "generalAndAdministrativeExpenses": 0, "sellingAndMarketingExpenses": 0, "sellingGeneralAndAdministrativeExpenses": 4118000000, "otherExpenses": 63000000, "operatingExpenses": 4118000000, "costAndExpenses": 12938000000, "interestIncome": 25000000, "interestExpense": 275000000, "depreciationAndAmortization": 3846000000, "ebitda": 5499000000, "ebitdaratio": 0.3785104626, "operatingIncome": 1653000000, "operatingIncomeRatio": 0.1137802863, "totalOtherIncomeExpensesNet": -17984000000, "incomeBeforeTax": -16331000000, "incomeBeforeTaxRatio": -1.1241051762, "incomeTaxExpense": 377000000, "netIncome": -16708000000, "netIncomeRatio": -1.1500550661, "eps": -27.66, "epsdiluted": -27.66, "weightedAverageShsOut": 604000000, "weightedAverageShsOutDil": 604000000, "link": "https://www.sec.gov/Archives/edgar/data/1136893/000113689323000028/0001136893-23-000028-index.htm", "finalLink": "https://www.sec.gov/Archives/edgar/data/1136893/000113689323000028/fis-20221231.htm", "calculatedOtherExpenses": -63000000, "calculatedOperatingExpenses": 4055000000, "calculatedNetInterest": -250000000, "calculatedOtherIncome": -17734000000, "calculatedIncomeNonControlling": 0, "calculatedEbitda": 5499000000}, {"date": "2021-12-31", "symbol": "FIS", "reportedCurrency": "USD", "cik": "0001136893", "fillingDate": "2022-02-23", "acceptedDate": "2022-02-23 16:16:51", "calendarYear": "2021", "period": "FY", "revenue": 13877000000, "costOfRevenue": 8682000000, "grossProfit": 5195000000, "grossProfitRatio": 0.3743604525, "researchAndDevelopmentExpenses": 0, "generalAndAdministrativeExpenses": 0, "sellingAndMarketingExpenses": 0, "sellingGeneralAndAdministrativeExpenses": 3938000000, "otherExpenses": -52000000, "operatingExpenses": 3938000000, "costAndExpenses": 12620000000, "interestIncome": 2000000, "interestExpense": 214000000, "depreciationAndAmortization": 4165000000, "ebitda": 5220000000, "ebitdaratio": 0.3761619947, "operatingIncome": 1055000000, "operatingIncomeRatio": 0.0760250775, "totalOtherIncomeExpensesNet": -266000000, "incomeBeforeTax": 789000000, "incomeBeforeTaxRatio": 0.0568566693, "incomeTaxExpense": 371000000, "netIncome": 417000000, "netIncomeRatio": 0.0300497226, "eps": 0.68, "epsdiluted": 0.67, "weightedAverageShsOut": 616000000, "weightedAverageShsOutDil": 621000000, "link": "https://www.sec.gov/Archives/edgar/data/1136893/000113689322000038/0001136893-22-000038-index.htm", "finalLink": "https://www.sec.gov/Archives/edgar/data/1136893/000113689322000038/fis-20211231.htm", "calculatedOtherExpenses": 202000000, "calculatedOperatingExpenses": 4140000000, "calculatedNetInterest": -212000000, "calculatedOtherIncome": -54000000, "calculatedIncomeNonControlling": 1000000, "calculatedEbitda": 5220000000}, {"date": "2020-12-31", "symbol": "FIS", "reportedCurrency": "USD", "cik": "0001136893", "fillingDate": "2021-02-18", "acceptedDate": "2021-02-18 16:16:21", "calendarYear": "2020", "period": "FY", "revenue": 12552000000, "costOfRevenue": 8348000000, "grossProfit": 4204000000, "grossProfitRatio": 0.3349267049, "researchAndDevelopmentExpenses": 0, "generalAndAdministrativeExpenses": 0, "sellingAndMarketingExpenses": 0, "sellingGeneralAndAdministrativeExpenses": 3516000000, "otherExpenses": 48000000, "operatingExpenses": 3516000000, "costAndExpenses": 11864000000, "interestIncome": 5000000, "interestExpense": 334000000, "depreciationAndAmortization": 3714000000, "ebitda": 4450000000, "ebitdaratio": 0.3545251753, "operatingIncome": 736000000, "operatingIncomeRatio": 0.0586360739, "totalOtherIncomeExpensesNet": -470000000, "incomeBeforeTax": 266000000, "incomeBeforeTaxRatio": 0.0211918419, "incomeTaxExpense": 96000000, "netIncome": 158000000, "netIncomeRatio": 0.0125876354, "eps": 0.26, "epsdiluted": 0.25, "weightedAverageShsOut": 619000000, "weightedAverageShsOutDil": 627000000, "link": "https://www.sec.gov/Archives/edgar/data/1136893/000113689321000025/0001136893-21-000025-index.htm", "finalLink": "https://www.sec.gov/Archives/edgar/data/1136893/000113689321000025/fis-20201231.htm", "calculatedOtherExpenses": -48000000, "calculatedOperatingExpenses": 3468000000, "calculatedNetInterest": -329000000, "calculatedOtherIncome": -141000000, "calculatedIncomeNonControlling": 12000000, "calculatedEbitda": 4450000000}, {"date": "2019-12-31", "symbol": "FIS", "reportedCurrency": "USD", "cik": "0001136893", "fillingDate": "2020-02-20", "acceptedDate": "2020-02-20 17:16:58", "calendarYear": "2019", "period": "FY", "revenue": 10333000000, "costOfRevenue": 6610000000, "grossProfit": 3723000000, "grossProfitRatio": 0.3603019452, "researchAndDevelopmentExpenses": 0, "generalAndAdministrativeExpenses": 0, "sellingAndMarketingExpenses": 0, "sellingGeneralAndAdministrativeExpenses": 2667000000, "otherExpenses": -219000000, "operatingExpenses": 2667000000, "costAndExpenses": 9277000000, "interestIncome": 52000000, "interestExpense": 337000000, "depreciationAndAmortization": 2312000000, "ebitda": 3281000000, "ebitdaratio": 0.3175263718, "operatingIncome": 969000000, "operatingIncomeRatio": 0.0937772186, "totalOtherIncomeExpensesNet": -556000000, "incomeBeforeTax": 413000000, "incomeBeforeTaxRatio": 0.0399690313, "incomeTaxExpense": 100000000, "netIncome": 298000000, "netIncomeRatio": 0.02883964, "eps": 0.67, "epsdiluted": 0.66, "weightedAverageShsOut": 445000000, "weightedAverageShsOutDil": 451000000, "link": "https://www.sec.gov/Archives/edgar/data/1136893/000113689320000032/0001136893-20-000032-index.html", "finalLink": "https://www.sec.gov/Archives/edgar/data/1136893/000113689320000032/a10-k2019.htm", "calculatedOtherExpenses": 87000000, "calculatedOperatingExpenses": 2754000000, "calculatedNetInterest": -285000000, "calculatedOtherIncome": -271000000, "calculatedIncomeNonControlling": 15000000, "calculatedEbitda": 3281000000}, {"date": "2018-12-31", "symbol": "FIS", "reportedCurrency": "USD", "cik": "0001136893", "fillingDate": "2019-02-21", "acceptedDate": "2019-02-21 15:19:29", "calendarYear": "2018", "period": "FY", "revenue": 8423000000, "costOfRevenue": 5569000000, "grossProfit": 2854000000, "grossProfitRatio": 0.3388341446, "researchAndDevelopmentExpenses": 0, "generalAndAdministrativeExpenses": 1301000000, "sellingAndMarketingExpenses": 0, "sellingGeneralAndAdministrativeExpenses": 1301000000, "otherExpenses": -57000000, "operatingExpenses": 1301000000, "costAndExpenses": 6870000000, "interestIncome": 17000000, "interestExpense": 297000000, "depreciationAndAmortization": 1420000000, "ebitda": 2916000000, "ebitdaratio": 0.3461949424, "operatingIncome": 1458000000, "operatingIncomeRatio": 0.1730974712, "totalOtherIncomeExpensesNet": -152000000, "incomeBeforeTax": 1104000000, "incomeBeforeTaxRatio": 0.1310696901, "incomeTaxExpense": 208000000, "netIncome": 846000000, "netIncomeRatio": 0.1004392734, "eps": 2.58, "epsdiluted": 2.55, "weightedAverageShsOut": 328000000, "weightedAverageShsOutDil": 332000000, "link": "https://www.sec.gov/Archives/edgar/data/1136893/000113689319000008/0001136893-19-000008-index.html", "finalLink": "https://www.sec.gov/Archives/edgar/data/1136893/000113689319000008/a10-k2018.htm", "calculatedOtherExpenses": 95000000, "calculatedOperatingExpenses": 1396000000, "calculatedNetInterest": -280000000, "calculatedOtherIncome": -74000000, "calculatedIncomeNonControlling": 50000000, "calculatedEbitda": 2878000000}, {"date": "2017-12-31", "symbol": "FIS", "reportedCurrency": "USD", "cik": "0001136893", "fillingDate": "2018-02-22", "acceptedDate": "2018-02-22 15:40:21", "calendarYear": "2017", "period": "FY", "revenue": 8668000000, "costOfRevenue": 5794000000, "grossProfit": 2874000000, "grossProfitRatio": 0.3315643747, "researchAndDevelopmentExpenses": 0, "generalAndAdministrativeExpenses": 1450000000, "sellingAndMarketingExpenses": -8000000, "sellingGeneralAndAdministrativeExpenses": 1442000000, "otherExpenses": -119000000, "operatingExpenses": 1442000000, "costAndExpenses": 7236000000, "interestIncome": 22000000, "interestExpense": 359000000, "depreciationAndAmortization": 1366000000, "ebitda": 2701000000, "ebitdaratio": 0.3116059068, "operatingIncome": 1432000000, "operatingIncomeRatio": 0.165205353, "totalOtherIncomeExpensesNet": -119000000, "incomeBeforeTax": 976000000, "incomeBeforeTaxRatio": 0.1125980618, "incomeTaxExpense": -321000000, "netIncome": 1261000000, "netIncomeRatio": 0.1454776188, "eps": 3.82, "epsdiluted": 3.75, "weightedAverageShsOut": 330000000, "weightedAverageShsOutDil": 336000000, "link": "https://www.sec.gov/Archives/edgar/data/1136893/000113689318000011/0001136893-18-000011-index.html", "finalLink": "https://www.sec.gov/Archives/edgar/data/1136893/000113689318000011/a10-k2017.htm", "calculatedOtherExpenses": 0, "calculatedOperatingExpenses": 1442000000, "calculatedNetInterest": -337000000, "calculatedOtherIncome": -119000000, "calculatedIncomeNonControlling": 36000000, "calculatedEbitda": 2798000000}, {"date": "2016-12-31", "symbol": "FIS", "reportedCurrency": "USD", "cik": "0001136893", "fillingDate": "2017-02-23", "acceptedDate": "2017-02-23 16:10:11", "calendarYear": "2016", "period": "FY", "revenue": 9241000000, "costOfRevenue": 6233000000, "grossProfit": 3008000000, "grossProfitRatio": 0.3255058976, "researchAndDevelopmentExpenses": 0, "generalAndAdministrativeExpenses": 1710000000, "sellingAndMarketingExpenses": 0, "sellingGeneralAndAdministrativeExpenses": 1710000000, "otherExpenses": -9000000, "operatingExpenses": 1710000000, "costAndExpenses": 7943000000, "interestIncome": 20000000, "interestExpense": 383000000, "depreciationAndAmortization": 1174000000, "ebitda": 2463000000, "ebitdaratio": 0.2665295964, "operatingIncome": 1298000000, "operatingIncomeRatio": 0.1404609891, "totalOtherIncomeExpensesNet": -9000000, "incomeBeforeTax": 906000000, "incomeBeforeTaxRatio": 0.0980413375, "incomeTaxExpense": 317000000, "netIncome": 568000000, "netIncomeRatio": 0.0614652094, "eps": 1.61, "epsdiluted": 1.59, "weightedAverageShsOut": 326000000, "weightedAverageShsOutDil": 330000000, "link": "https://www.sec.gov/Archives/edgar/data/1136893/000113689317000008/0001136893-17-000008-index.html", "finalLink": "https://www.sec.gov/Archives/edgar/data/1136893/000113689317000008/a10-k2016.htm", "calculatedOtherExpenses": 0, "calculatedOperatingExpenses": 1710000000, "calculatedNetInterest": -363000000, "calculatedOtherIncome": -29000000, "calculatedIncomeNonControlling": 21000000, "calculatedEbitda": 2472000000}, {"date": "2015-12-31", "symbol": "FIS", "reportedCurrency": "USD", "cik": "0001136893", "fillingDate": "2016-02-26", "acceptedDate": "2016-02-26 16:51:03", "calendarYear": "2015", "period": "FY", "revenue": 6595200000, "costOfRevenue": 4393200000, "grossProfit": 2202000000, "grossProfitRatio": 0.3338791849, "researchAndDevelopmentExpenses": 0, "generalAndAdministrativeExpenses": 1102800000, "sellingAndMarketingExpenses": 0, "sellingGeneralAndAdministrativeExpenses": 1102800000, "otherExpenses": 121100000, "operatingExpenses": 1102800000, "costAndExpenses": 5496000000, "interestIncome": 15700000, "interestExpense": 183400000, "depreciationAndAmortization": 669500000, "ebitda": 1889800000, "ebitdaratio": 0.2865417273, "operatingIncome": 1099200000, "operatingIncomeRatio": 0.1666666667, "totalOtherIncomeExpensesNet": 121100000, "incomeBeforeTax": 1036900000, "incomeBeforeTaxRatio": 0.1572204027, "incomeTaxExpense": 378800000, "netIncome": 631500000, "netIncomeRatio": 0.0957514556, "eps": 2.22, "epsdiluted": 2.19, "weightedAverageShsOut": 285000000, "weightedAverageShsOutDil": 289000000, "link": "https://www.sec.gov/Archives/edgar/data/1136893/000113689316000061/0001136893-16-000061-index.html", "finalLink": "https://www.sec.gov/Archives/edgar/data/1136893/000113689316000061/a10-k2015.htm", "calculatedOtherExpenses": 0, "calculatedOperatingExpenses": 1102800000, "calculatedNetInterest": -167700000, "calculatedOtherIncome": 105400000, "calculatedIncomeNonControlling": 26600000, "calculatedEbitda": 1768700000}, {"date": "2014-12-31", "symbol": "FIS", "reportedCurrency": "USD", "cik": "0001136893", "fillingDate": "2015-02-27", "acceptedDate": "2015-02-27 14:44:38", "calendarYear": "2014", "period": "FY", "revenue": 6413800000, "costOfRevenue": 4332700000, "grossProfit": 2081100000, "grossProfitRatio": 0.3244722318, "researchAndDevelopmentExpenses": 0, "generalAndAdministrativeExpenses": 810500000, "sellingAndMarketingExpenses": 0, "sellingGeneralAndAdministrativeExpenses": 810500000, "otherExpenses": -59700000, "operatingExpenses": 810500000, "costAndExpenses": 5143200000, "interestIncome": 15300000, "interestExpense": 157500000, "depreciationAndAmortization": 626300000, "ebitda": 1837200000, "ebitdaratio": 0.2864448533, "operatingIncome": 1270600000, "operatingIncomeRatio": 0.1981040881, "totalOtherIncomeExpensesNet": -59700000, "incomeBeforeTax": 1053400000, "incomeBeforeTaxRatio": 0.1642396083, "incomeTaxExpense": 335100000, "netIncome": 679100000, "netIncomeRatio": 0.1058810689, "eps": 2.38, "epsdiluted": 2.35, "weightedAverageShsOut": 285000000, "weightedAverageShsOutDil": 289000000, "link": "https://www.sec.gov/Archives/edgar/data/1136893/000113689315000006/0001136893-15-000006-index.htm", "finalLink": "https://www.sec.gov/Archives/edgar/data/1136893/000113689315000006/a10-k2014.htm", "calculatedOtherExpenses": 0, "calculatedOperatingExpenses": 810500000, "calculatedNetInterest": -142200000, "calculatedOtherIncome": -75000000, "calculatedIncomeNonControlling": 39200000, "calculatedEbitda": 1896900000}, {"date": "2013-12-31", "symbol": "FIS", "reportedCurrency": "USD", "cik": "0001136893", "fillingDate": "2014-02-28", "acceptedDate": "2014-02-28 15:32:02", "calendarYear": "2013", "period": "FY", "revenue": 6070700000, "costOfRevenue": 4085600000, "grossProfit": 1985100000, "grossProfitRatio": 0.3269968867, "researchAndDevelopmentExpenses": 0, "generalAndAdministrativeExpenses": 920700000, "sellingAndMarketingExpenses": 0, "sellingGeneralAndAdministrativeExpenses": 920700000, "otherExpenses": -51200000, "operatingExpenses": 920700000, "costAndExpenses": 5006300000, "interestIncome": 10400000, "interestExpense": 188200000, "depreciationAndAmortization": 614600000, "ebitda": 1627800000, "ebitdaratio": 0.2681404121, "operatingIncome": 1064400000, "operatingIncomeRatio": 0.1753339813, "totalOtherIncomeExpensesNet": -51200000, "incomeBeforeTax": 825000000, "incomeBeforeTaxRatio": 0.1358986608, "incomeTaxExpense": 309200000, "netIncome": 493100000, "netIncomeRatio": 0.0812262177, "eps": 1.7, "epsdiluted": 1.68, "weightedAverageShsOut": 289700000, "weightedAverageShsOutDil": 294200000, "link": "https://www.sec.gov/Archives/edgar/data/1136893/000113689314000009/0001136893-14-000009-index.htm", "finalLink": "https://www.sec.gov/Archives/edgar/data/1136893/000113689314000009/fis-10k12312013.htm", "calculatedOtherExpenses": 0, "calculatedOperatingExpenses": 920700000, "calculatedNetInterest": -177800000, "calculatedOtherIncome": -61600000, "calculatedIncomeNonControlling": 22700000, "calculatedEbitda": 1679000000}, {"date": "2012-12-31", "symbol": "FIS", "reportedCurrency": "USD", "cik": "0001136893", "fillingDate": "2013-02-26", "acceptedDate": "2013-02-26 16:32:09", "calendarYear": "2012", "period": "FY", "revenue": 5807600000, "costOfRevenue": 3946900000, "grossProfit": 1860700000, "grossProfitRatio": 0.3203905228, "researchAndDevelopmentExpenses": 0, "generalAndAdministrativeExpenses": 781500000, "sellingAndMarketingExpenses": 0, "sellingGeneralAndAdministrativeExpenses": 781500000, "otherExpenses": -25300000, "operatingExpenses": 781500000, "costAndExpenses": 4728400000, "interestIncome": 8600000, "interestExpense": 222700000, "depreciationAndAmortization": 632800000, "ebitda": 1686700000, "ebitdaratio": 0.2904297817, "operatingIncome": 1079200000, "operatingIncomeRatio": 0.1858254701, "totalOtherIncomeExpensesNet": -25300000, "incomeBeforeTax": 831200000, "incomeBeforeTaxRatio": 0.1431228046, "incomeTaxExpense": 270900000, "netIncome": 461200000, "netIncomeRatio": 0.0794131827, "eps": 1.58, "epsdiluted": 1.55, "weightedAverageShsOut": 291800000, "weightedAverageShsOutDil": 297500000, "link": "https://www.sec.gov/Archives/edgar/data/1136893/000113689313000011/0001136893-13-000011-index.html", "finalLink": "https://www.sec.gov/Archives/edgar/data/1136893/000113689313000011/fis-201212x31x2012.htm", "calculatedOtherExpenses": 0, "calculatedOperatingExpenses": 781500000, "calculatedNetInterest": -214100000, "calculatedOtherIncome": -33900000, "calculatedIncomeNonControlling": 99100000, "calculatedEbitda": 1712000000}, {"date": "2011-12-31", "symbol": "FIS", "reportedCurrency": "USD", "cik": "0001136893", "fillingDate": "2012-02-24", "acceptedDate": "2012-02-24 09:30:48", "calendarYear": "2011", "period": "FY", "revenue": 5745700000, "costOfRevenue": 3998000000, "grossProfit": 1747700000, "grossProfitRatio": 0.3041752963, "researchAndDevelopmentExpenses": 0, "generalAndAdministrativeExpenses": 671800000, "sellingAndMarketingExpenses": 0, "sellingGeneralAndAdministrativeExpenses": 671800000, "otherExpenses": 0, "operatingExpenses": 671800000, "costAndExpenses": 4669800000, "interestIncome": 6000000, "interestExpense": 258800000, "depreciationAndAmortization": 637200000, "ebitda": 1713100000, "ebitdaratio": 0.2981534017, "operatingIncome": 1066800000, "operatingIncomeRatio": 0.1856692831, "totalOtherIncomeExpensesNet": -72800000, "incomeBeforeTax": 744300000, "incomeBeforeTaxRatio": 0.1295403519, "incomeTaxExpense": 239000000, "netIncome": 469600000, "netIncomeRatio": 0.0817306856, "eps": 1.56, "epsdiluted": 1.53, "weightedAverageShsOut": 300600000, "weightedAverageShsOutDil": 307000000, "link": "https://www.sec.gov/Archives/edgar/data/1136893/000113689312000017/0001136893-12-000017-index.html", "finalLink": "https://www.sec.gov/Archives/edgar/data/1136893/000113689312000017/fis-201112312011.htm", "calculatedOtherExpenses": 9100000, "calculatedOperatingExpenses": 680900000, "calculatedNetInterest": -252800000, "calculatedOtherIncome": -69700000, "calculatedIncomeNonControlling": 35700000, "calculatedEbitda": 1704000000}, {"date": "2010-12-31", "symbol": "FIS", "reportedCurrency": "USD", "cik": "0001136893", "fillingDate": "2011-02-25", "acceptedDate": "2011-02-25 14:22:40", "calendarYear": "2010", "period": "FY", "revenue": 5269500000, "costOfRevenue": 3637700000, "grossProfit": 1631800000, "grossProfitRatio": 0.309668849, "researchAndDevelopmentExpenses": 0, "generalAndAdministrativeExpenses": 675800000, "sellingAndMarketingExpenses": 0, "sellingGeneralAndAdministrativeExpenses": 675800000, "otherExpenses": 0, "operatingExpenses": 675800000, "costAndExpenses": 4313500000, "interestIncome": 6400000, "interestExpense": 179700000, "depreciationAndAmortization": 619500000, "ebitda": 1741900000, "ebitdaratio": 0.330562672, "operatingIncome": 801100000, "operatingIncomeRatio": 0.1520258089, "totalOtherIncomeExpensesNet": -166400000, "incomeBeforeTax": 616300000, "incomeBeforeTaxRatio": 0.1169560679, "incomeTaxExpense": 215300000, "netIncome": 404500000, "netIncomeRatio": 0.0767625012, "eps": 1.17, "epsdiluted": 1.15, "weightedAverageShsOut": 345100000, "weightedAverageShsOutDil": 352000000, "link": "https://www.sec.gov/Archives/edgar/data/1136893/000095012311018522/0000950123-11-018522-index.htm", "finalLink": "https://www.sec.gov/Archives/edgar/data/1136893/000095012311018522/fis12311010k.htm", "calculatedOtherExpenses": 154900000, "calculatedOperatingExpenses": 830700000, "calculatedNetInterest": -173300000, "calculatedOtherIncome": -11500000, "calculatedIncomeNonControlling": -3500000, "calculatedEbitda": 1420600000}, {"date": "2009-12-31", "symbol": "FIS", "reportedCurrency": "USD", "cik": "0001136893", "fillingDate": "2010-02-26", "acceptedDate": "2010-02-26 10:07:18", "calendarYear": "2009", "period": "FY", "revenue": 3769500000, "costOfRevenue": 2800600000, "grossProfit": 968900000, "grossProfitRatio": 0.2570367423, "researchAndDevelopmentExpenses": 0, "generalAndAdministrativeExpenses": 554100000, "sellingAndMarketingExpenses": 0, "sellingGeneralAndAdministrativeExpenses": 554100000, "otherExpenses": 0, "operatingExpenses": 554100000, "costAndExpenses": 3354700000, "interestIncome": 3400000, "interestExpense": 134000000, "depreciationAndAmortization": 434000000, "ebitda": 852200000, "ebitdaratio": 0.2260777291, "operatingIncome": 277900000, "operatingIncomeRatio": 0.0737233055, "totalOtherIncomeExpensesNet": -128200000, "incomeBeforeTax": 156000000, "incomeBeforeTaxRatio": 0.041384799, "incomeTaxExpense": 52100000, "netIncome": 105900000, "netIncomeRatio": 0.0280939117, "eps": 0.45, "epsdiluted": 0.44, "weightedAverageShsOut": 236400000, "weightedAverageShsOutDil": 239400000, "link": "https://www.sec.gov/Archives/edgar/data/1136893/000095012310017631/0000950123-10-017631-index.html", "finalLink": "https://www.sec.gov/Archives/edgar/data/1136893/000095012310017631/g21226e10vk.htm", "calculatedOtherExpenses": 136900000, "calculatedOperatingExpenses": 691000000, "calculatedNetInterest": -130600000, "calculatedOtherIncome": 8700000, "calculatedIncomeNonControlling": -2000000, "calculatedEbitda": 711900000}, {"date": "2008-12-31", "symbol": "FIS", "reportedCurrency": "USD", "cik": "0001136893", "fillingDate": "2009-02-27", "acceptedDate": "2009-02-27 12:19:24", "calendarYear": "2008", "period": "FY", "revenue": 3446000000, "costOfRevenue": 2636900000, "grossProfit": 809100000, "grossProfitRatio": 0.234793964, "researchAndDevelopmentExpenses": 84800000, "generalAndAdministrativeExpenses": 389400000, "sellingAndMarketingExpenses": 0, "sellingGeneralAndAdministrativeExpenses": 389400000, "otherExpenses": 0, "operatingExpenses": 474200000, "costAndExpenses": 3111100000, "interestIncome": 0, "interestExpense": 0, "depreciationAndAmortization": 482200000, "ebitda": 815600000, "ebitdaratio": 0.2366802089, "operatingIncome": 334900000, "operatingIncomeRatio": 0.0971851422, "totalOtherIncomeExpensesNet": 1300000, "incomeBeforeTax": 179200000, "incomeBeforeTaxRatio": 0.0520023215, "incomeTaxExpense": 57600000, "netIncome": 214800000, "netIncomeRatio": 0.0623331399, "eps": 1.12, "epsdiluted": 1.11, "weightedAverageShsOut": 191600000, "weightedAverageShsOutDil": 193500000, "link": "https://www.sec.gov/Archives/edgar/data/1136893/000095014409001697/0000950144-09-001697-index.html", "finalLink": "https://www.sec.gov/Archives/edgar/data/1136893/000095014409001697/g17808e10vk.htm", "calculatedOtherExpenses": 0, "calculatedOperatingExpenses": 474200000, "calculatedNetInterest": 0, "calculatedOtherIncome": -155700000, "calculatedIncomeNonControlling": -93200000, "calculatedEbitda": 817100000}, {"date": "2007-12-31", "symbol": "FIS", "reportedCurrency": "USD", "cik": "0001136893", "fillingDate": "2008-02-29", "acceptedDate": "2008-02-29 17:20:09", "calendarYear": "2007", "period": "FY", "revenue": 4758016000, "costOfRevenue": 3401931000, "grossProfit": 1356085000, "grossProfitRatio": 0.2850106011, "researchAndDevelopmentExpenses": 106314000, "generalAndAdministrativeExpenses": 504130000, "sellingAndMarketingExpenses": 0, "sellingGeneralAndAdministrativeExpenses": 504130000, "otherExpenses": 0, "operatingExpenses": 610444000, "costAndExpenses": 4012375000, "interestIncome": 0, "interestExpense": 0, "depreciationAndAmortization": 527465000, "ebitda": 982705000, "ebitdaratio": 0.2065367161, "operatingIncome": 745641000, "operatingIncomeRatio": 0.1567125878, "totalOtherIncomeExpensesNet": 291337000, "incomeBeforeTax": 812245000, "incomeBeforeTaxRatio": 0.1707108593, "incomeTaxExpense": 300530000, "netIncome": 561222000, "netIncomeRatio": 0.1179529451, "eps": 2.91, "epsdiluted": 2.86, "weightedAverageShsOut": 193100000, "weightedAverageShsOutDil": 196500000, "link": "https://www.sec.gov/Archives/edgar/data/1136893/000089256908000207/0000892569-08-000207-index.htm", "finalLink": "https://www.sec.gov/Archives/edgar/data/1136893/000089256908000207/a38312e10vk.htm", "calculatedOtherExpenses": 0, "calculatedOperatingExpenses": 610444000, "calculatedNetInterest": 0, "calculatedOtherIncome": 66604000, "calculatedIncomeNonControlling": -49507000, "calculatedEbitda": 1273106000}, {"date": "2006-12-31", "symbol": "FIS", "reportedCurrency": "USD", "cik": "0001136893", "fillingDate": "2007-03-01", "acceptedDate": "2007-03-01 17:21:02", "calendarYear": "2006", "period": "FY", "revenue": 4132602000, "costOfRevenue": 2929567000, "grossProfit": 1203035000, "grossProfitRatio": 0.2911083622, "researchAndDevelopmentExpenses": 105580000, "generalAndAdministrativeExpenses": 505528000, "sellingAndMarketingExpenses": 0, "sellingGeneralAndAdministrativeExpenses": 505528000, "otherExpenses": 0, "operatingExpenses": 611108000, "costAndExpenses": 3540675000, "interestIncome": 0, "interestExpense": 0, "depreciationAndAmortization": 433550000, "ebitda": 1025701000, "ebitdaratio": 0.2481973827, "operatingIncome": 591927000, "operatingIncomeRatio": 0.1432334882, "totalOtherIncomeExpensesNet": 5568000, "incomeBeforeTax": 403630000, "incomeBeforeTaxRatio": 0.0976697006, "incomeTaxExpense": 150150000, "netIncome": 259087000, "netIncomeRatio": 0.0626934314, "eps": 1.39, "epsdiluted": 1.37, "weightedAverageShsOut": 185926000, "weightedAverageShsOutDil": 189196000, "link": "https://www.sec.gov/Archives/edgar/data/1136893/000089256907000185/0000892569-07-000185-index.htm", "finalLink": "https://www.sec.gov/Archives/edgar/data/1136893/000089256907000185/a27617e10vk.htm", "calculatedOtherExpenses": 0, "calculatedOperatingExpenses": 611108000, "calculatedNetInterest": 0, "calculatedOtherIncome": -188297000, "calculatedIncomeNonControlling": -5607000, "calculatedEbitda": 1025477000}, {"date": "2005-12-31", "symbol": "FIS", "reportedCurrency": "USD", "cik": "0001136893", "fillingDate": "2006-03-16", "acceptedDate": "2006-03-16 06:33:15", "calendarYear": "2005", "period": "FY", "revenue": 1117141000, "costOfRevenue": 791581000, "grossProfit": 325560000, "grossProfitRatio": 0.2914224793, "researchAndDevelopmentExpenses": 0, "generalAndAdministrativeExpenses": 129443000, "sellingAndMarketingExpenses": 0, "sellingGeneralAndAdministrativeExpenses": 129443000, "otherExpenses": 0, "operatingExpenses": 129443000, "costAndExpenses": 921024000, "interestIncome": 0, "interestExpense": -12832000, "depreciationAndAmortization": 64064000, "ebitda": 268908000, "ebitdaratio": 0.2407108861, "operatingIncome": 184955000, "operatingIncomeRatio": 0.1655610169, "totalOtherIncomeExpensesNet": -8844000, "incomeBeforeTax": 174558000, "incomeBeforeTaxRatio": 0.156254224, "incomeTaxExpense": 68927000, "netIncome": 130319000, "netIncomeRatio": 0.1166540302, "eps": 1.54, "epsdiluted": 1.53, "weightedAverageShsOut": 127920000, "weightedAverageShsOutDil": 128354000, "link": "https://www.sec.gov/Archives/edgar/data/1136893/000095013406005253/0000950134-06-005253-index.htm", "finalLink": "https://www.sec.gov/Archives/edgar/data/1136893/000095013406005253/a18325e10vk.htm", "calculatedOtherExpenses": 11162000, "calculatedOperatingExpenses": 140605000, "calculatedNetInterest": 12832000, "calculatedOtherIncome": -23229000, "calculatedIncomeNonControlling": -24688000, "calculatedEbitda": 249019000}, {"date": "2004-12-31", "symbol": "FIS", "reportedCurrency": "USD", "cik": "0001136893", "fillingDate": "2005-03-11", "acceptedDate": "2005-03-11 17:14:26", "calendarYear": "2004", "period": "FY", "revenue": 1039506000, "costOfRevenue": 739600000, "grossProfit": 299906000, "grossProfitRatio": 0.2885081952, "researchAndDevelopmentExpenses": 0, "generalAndAdministrativeExpenses": 120252000, "sellingAndMarketingExpenses": 0, "sellingGeneralAndAdministrativeExpenses": 120252000, "otherExpenses": 0, "operatingExpenses": 120252000, "costAndExpenses": 859852000, "interestIncome": 0, "interestExpense": -12914000, "depreciationAndAmortization": 53743000, "ebitda": 232190000, "ebitdaratio": 0.2233657141, "operatingIncome": 179654000, "operatingIncomeRatio": 0.1728263233, "totalOtherIncomeExpensesNet": 1207000, "incomeBeforeTax": 179654000, "incomeBeforeTaxRatio": 0.1728263233, "incomeTaxExpense": 62071000, "netIncome": 111810000, "netIncomeRatio": 0.1075607067, "eps": 1.48, "epsdiluted": 1.48, "weightedAverageShsOut": 127920000, "weightedAverageShsOutDil": 127920000, "link": "https://www.sec.gov/Archives/edgar/data/1136893/000119312505048033/0001193125-05-048033-index.htm", "finalLink": "https://www.sec.gov/Archives/edgar/data/1136893/000119312505048033/d10k.htm", "calculatedOtherExpenses": 0, "calculatedOperatingExpenses": 120252000, "calculatedNetInterest": 12914000, "calculatedOtherIncome": -12914000, "calculatedIncomeNonControlling": 5773000, "calculatedEbitda": 233397000}, {"date": "2003-12-31", "symbol": "FIS", "reportedCurrency": "USD", "cik": "0001136893", "fillingDate": "2004-02-17", "acceptedDate": "2004-02-17 12:49:35", "calendarYear": "2003", "period": "FY", "revenue": 1015464000, "costOfRevenue": 732762000, "grossProfit": 282702000, "grossProfitRatio": 0.2783968708, "researchAndDevelopmentExpenses": 0, "generalAndAdministrativeExpenses": 128302000, "sellingAndMarketingExpenses": 0, "sellingGeneralAndAdministrativeExpenses": 128302000, "otherExpenses": 0, "operatingExpenses": 128302000, "costAndExpenses": 861064000, "interestIncome": 0, "interestExpense": -7950000, "depreciationAndAmortization": 47468000, "ebitda": 199529000, "ebitdaratio": 0.1964904714, "operatingIncome": 154400000, "operatingIncomeRatio": 0.1520487186, "totalOtherIncomeExpensesNet": 2339000, "incomeBeforeTax": 148789000, "incomeBeforeTaxRatio": 0.1465231658, "incomeTaxExpense": 55052000, "netIncome": 92402000, "netIncomeRatio": 0.0909948556, "eps": 1.42, "epsdiluted": 1.4, "weightedAverageShsOut": 65094000, "weightedAverageShsOutDil": 65870000, "link": "https://www.sec.gov/Archives/edgar/data/1136893/000119312504024670/0001193125-04-024670-index.htm", "finalLink": "https://www.sec.gov/Archives/edgar/data/1136893/000119312504024670/d10k.htm", "calculatedOtherExpenses": 0, "calculatedOperatingExpenses": 128302000, "calculatedNetInterest": 7950000, "calculatedOtherIncome": -13561000, "calculatedIncomeNonControlling": 1335000, "calculatedEbitda": 201868000}, {"date": "2002-12-31", "symbol": "FIS", "reportedCurrency": "USD", "cik": "0001136893", "fillingDate": "2003-02-14", "acceptedDate": "2003-02-14 16:18:52", "calendarYear": "2002", "period": "FY", "revenue": 1007968000, "costOfRevenue": 730440000, "grossProfit": 277528000, "grossProfitRatio": 0.2753341376, "researchAndDevelopmentExpenses": 0, "generalAndAdministrativeExpenses": 113349000, "sellingAndMarketingExpenses": 0, "sellingGeneralAndAdministrativeExpenses": 113349000, "otherExpenses": 12230000, "operatingExpenses": 125579000, "costAndExpenses": 856019000, "interestIncome": 0, "interestExpense": -7120000, "depreciationAndAmortization": 39050000, "ebitda": 202110000, "ebitdaratio": 0.2005123179, "operatingIncome": 151949000, "operatingIncomeRatio": 0.1507478412, "totalOtherIncomeExpensesNet": -11111000, "incomeBeforeTax": 145948000, "incomeBeforeTaxRatio": 0.1447942792, "incomeTaxExpense": 55964000, "netIncome": 89984000, "netIncomeRatio": 0.0892726753, "eps": 1.32, "epsdiluted": 1.3, "weightedAverageShsOut": 68254000, "weightedAverageShsOutDil": 69033000, "link": "https://www.sec.gov/Archives/edgar/data/1136893/000104746903005642/0001047469-03-005642-index.html", "finalLink": "https://www.sec.gov/Archives/edgar/data/1136893/000104746903005642/a2103322z10-k.htm", "calculatedOtherExpenses": 12230000, "calculatedOperatingExpenses": 125579000, "calculatedNetInterest": 7120000, "calculatedOtherIncome": -13121000, "calculatedIncomeNonControlling": 0, "calculatedEbitda": 190999000}, {"date": "2001-12-31", "symbol": "FIS", "reportedCurrency": "USD", "cik": "0001136893", "fillingDate": "2002-03-25", "acceptedDate": "2002-03-25 00:00:00", "calendarYear": "2001", "period": "FY", "revenue": 851123000, "costOfRevenue": 601740000, "grossProfit": 249383000, "grossProfitRatio": 0.2930046539, "researchAndDevelopmentExpenses": 0, "generalAndAdministrativeExpenses": 97964000, "sellingAndMarketingExpenses": 0, "sellingGeneralAndAdministrativeExpenses": 97964000, "otherExpenses": 0, "operatingExpenses": 97964000, "costAndExpenses": 699704000, "interestIncome": 0, "interestExpense": 0, "depreciationAndAmortization": 46353000, "ebitda": 197694000, "ebitdaratio": 0.2322743011, "operatingIncome": 151419000, "operatingIncomeRatio": 0.1779049562, "totalOtherIncomeExpensesNet": 78000, "incomeBeforeTax": 143352000, "incomeBeforeTaxRatio": 0.1684268901, "incomeTaxExpense": 56276000, "netIncome": 87076000, "netIncomeRatio": 0.1023071871, "eps": 1.27, "epsdiluted": 1.26, "weightedAverageShsOut": 68563780, "weightedAverageShsOutDil": 69107937, "link": "https://www.sec.gov/Archives/edgar/data/1136893/000095014402002688/0000950144-02-002688-index.htm", "finalLink": "https://www.sec.gov/Archives/edgar/data/1136893/000095014402002688/g74736e10-k405.htm", "calculatedOtherExpenses": 0, "calculatedOperatingExpenses": 97964000, "calculatedNetInterest": 0, "calculatedOtherIncome": -8067000, "calculatedIncomeNonControlling": 0, "calculatedEbitda": 197772000}, {"date": "2000-12-31", "symbol": "FIS", "reportedCurrency": "USD", "cik": "0001136893", "fillingDate": "2000-12-31", "acceptedDate": "2000-12-31 00:00:00", "calendarYear": "2000", "period": "FY", "revenue": 827374000, "costOfRevenue": 0, "grossProfit": 827374000, "grossProfitRatio": 1, "researchAndDevelopmentExpenses": 0, "generalAndAdministrativeExpenses": 0, "sellingAndMarketingExpenses": 0, "sellingGeneralAndAdministrativeExpenses": 0, "otherExpenses": 681750000, "operatingExpenses": 681750000, "costAndExpenses": -145624000, "interestIncome": 0, "interestExpense": 0, "depreciationAndAmortization": 42698000, "ebitda": 868763000, "ebitdaratio": 1.0500245355, "operatingIncome": 145624000, "operatingIncomeRatio": 0.1760074646, "totalOtherIncomeExpensesNet": 1309000, "incomeBeforeTax": 144536000, "incomeBeforeTaxRatio": 0.1746924607, "incomeTaxExpense": 57000000, "netIncome": 88462000, "netIncomeRatio": 0.1069189991, "eps": 1.32, "epsdiluted": 1.3, "weightedAverageShsOut": 67016667, "weightedAverageShsOutDil": 68047692, "link": null, "finalLink": null, "calculatedOtherExpenses": 681750000, "calculatedOperatingExpenses": 681750000, "calculatedNetInterest": 0, "calculatedOtherIncome": -1088000, "calculatedIncomeNonControlling": -926000, "calculatedEbitda": 188322000}, {"date": "1999-12-31", "symbol": "FIS", "reportedCurrency": "USD", "cik": "0001136893", "fillingDate": "1999-12-31", "acceptedDate": "1999-12-31 00:00:00", "calendarYear": "1999", "period": "FY", "revenue": 763297000, "costOfRevenue": 0, "grossProfit": 763297000, "grossProfitRatio": 1, "researchAndDevelopmentExpenses": 0, "generalAndAdministrativeExpenses": 0, "sellingAndMarketingExpenses": 0, "sellingGeneralAndAdministrativeExpenses": 0, "otherExpenses": 635812000, "operatingExpenses": 635812000, "costAndExpenses": 635812000, "interestIncome": 0, "interestExpense": 0, "depreciationAndAmortization": 35758000, "ebitda": 160932000, "ebitdaratio": 0.2108379831, "operatingIncome": 127485000, "operatingIncomeRatio": 0.1670188668, "totalOtherIncomeExpensesNet": 2311000, "incomeBeforeTax": 128895000, "incomeBeforeTaxRatio": 0.1688661163, "incomeTaxExpense": 54272000, "netIncome": 74629000, "netIncomeRatio": 0.0977719027, "eps": 1.09, "epsdiluted": 1.07, "weightedAverageShsOut": 68466972, "weightedAverageShsOutDil": 69746729, "link": null, "finalLink": null, "calculatedOtherExpenses": 635812000, "calculatedOperatingExpenses": 635812000, "calculatedNetInterest": 0, "calculatedOtherIncome": 1410000, "calculatedIncomeNonControlling": -6000, "calculatedEbitda": 163243000}, {"date": "1998-12-31", "symbol": "FIS", "reportedCurrency": "USD", "cik": "0001136893", "fillingDate": "1998-12-31", "acceptedDate": "1998-12-31 00:00:00", "calendarYear": "1998", "period": "FY", "revenue": 625777000, "costOfRevenue": 0, "grossProfit": 625777000, "grossProfitRatio": 1, "researchAndDevelopmentExpenses": 0, "generalAndAdministrativeExpenses": 0, "sellingAndMarketingExpenses": 0, "sellingGeneralAndAdministrativeExpenses": 0, "otherExpenses": 522486000, "operatingExpenses": 522486000, "costAndExpenses": 522486000, "interestIncome": 0, "interestExpense": 0, "depreciationAndAmortization": 383000, "ebitda": 103674000, "ebitdaratio": 0.165672436, "operatingIncome": 103291000, "operatingIncomeRatio": 0.1650603969, "totalOtherIncomeExpensesNet": -383000, "incomeBeforeTax": 102375000, "incomeBeforeTaxRatio": 0.1635966167, "incomeTaxExpense": 40505000, "netIncome": 61090000, "netIncomeRatio": 0.0976226355, "eps": 0.86, "epsdiluted": 0.85, "weightedAverageShsOut": 71034884, "weightedAverageShsOutDil": 71870588, "link": null, "finalLink": null, "calculatedOtherExpenses": 522486000, "calculatedOperatingExpenses": 522486000, "calculatedNetInterest": 0, "calculatedOtherIncome": -916000, "calculatedIncomeNonControlling": 780000, "calculatedEbitda": 103674000}]}