{"originalCurrency": "USD", "convertedCurrency": "USD", "report": [{"date": "2023-12-31", "symbol": "FITBO", "reportedCurrency": "USD", "cik": "0000035527", "fillingDate": "2024-02-27", "acceptedDate": "2024-02-27 17:11:13", "calendarYear": "2023", "period": "FY", "revenue": 12687000000, "costOfRevenue": 46000000, "grossProfit": 12641000000, "grossProfitRatio": 0.9963742413, "researchAndDevelopmentExpenses": 0, "generalAndAdministrativeExpenses": 2976000000, "sellingAndMarketingExpenses": 126000000, "sellingGeneralAndAdministrativeExpenses": 3102000000, "otherExpenses": -1601000000, "operatingExpenses": 1601000000, "costAndExpenses": 9578000000, "interestIncome": 9760000000, "interestExpense": 989000000, "depreciationAndAmortization": 481000000, "ebitda": 481000000, "ebitdaratio": 0.0379128242, "operatingIncome": 10609000000, "operatingIncomeRatio": 0.836210294, "totalOtherIncomeExpensesNet": 2988000000, "incomeBeforeTax": 2988000000, "incomeBeforeTaxRatio": 0.2355166706, "incomeTaxExpense": 639000000, "netIncome": 2349000000, "netIncomeRatio": 0.1851501537, "eps": 3.23, "epsdiluted": 3.22, "weightedAverageShsOut": 684172079, "weightedAverageShsOutDil": 687678291, "link": "https://www.sec.gov/Archives/edgar/data/35527/000003552724000088/0000035527-24-000088-index.htm", "finalLink": "https://www.sec.gov/Archives/edgar/data/35527/000003552724000088/fitb-20231231.htm", "calculatedOtherExpenses": -1070000000, "calculatedOperatingExpenses": 2032000000, "calculatedNetInterest": 8771000000, "calculatedOtherIncome": -16392000000, "calculatedIncomeNonControlling": 0, "calculatedEbitda": 11090000000}, {"date": "2022-12-31", "symbol": "FITBO", "reportedCurrency": "USD", "cik": "0000035527", "fillingDate": "2023-02-24", "acceptedDate": "2023-02-24 16:59:53", "calendarYear": "2022", "period": "FY", "revenue": 8295000000, "costOfRevenue": 0, "grossProfit": 8295000000, "grossProfitRatio": 1, "researchAndDevelopmentExpenses": 0, "generalAndAdministrativeExpenses": 2685000000, "sellingAndMarketingExpenses": 118000000, "sellingGeneralAndAdministrativeExpenses": 2803000000, "otherExpenses": -7027000000, "operatingExpenses": -4224000000, "costAndExpenses": -4224000000, "interestIncome": 6587000000, "interestExpense": 978000000, "depreciationAndAmortization": 436000000, "ebitda": 4507000000, "ebitdaratio": 0.5433393611, "operatingIncome": 4071000000, "operatingIncomeRatio": 0.4907775769, "totalOtherIncomeExpensesNet": -978000000, "incomeBeforeTax": 3093000000, "incomeBeforeTaxRatio": 0.372875226, "incomeTaxExpense": 647000000, "netIncome": 2446000000, "netIncomeRatio": 0.2948764316, "eps": 3.38, "epsdiluted": 3.35, "weightedAverageShsOut": 688633659, "weightedAverageShsOutDil": 694952038, "link": "https://www.sec.gov/Archives/edgar/data/35527/000003552723000122/0000035527-23-000122-index.htm", "finalLink": "https://www.sec.gov/Archives/edgar/data/35527/000003552723000122/fitb-20221231.htm", "calculatedOtherExpenses": 1421000000, "calculatedOperatingExpenses": 4224000000, "calculatedNetInterest": 5609000000, "calculatedOtherIncome": -6587000000, "calculatedIncomeNonControlling": 0, "calculatedEbitda": 4507000000}, {"date": "2021-12-31", "symbol": "FITBO", "reportedCurrency": "USD", "cik": "0000035527", "fillingDate": "2022-02-25", "acceptedDate": "2022-02-25 16:20:14", "calendarYear": "2021", "period": "FY", "revenue": 7799000000, "costOfRevenue": 0, "grossProfit": 7799000000, "grossProfitRatio": 1, "researchAndDevelopmentExpenses": 0, "generalAndAdministrativeExpenses": 2763000000, "sellingAndMarketingExpenses": 107000000, "sellingGeneralAndAdministrativeExpenses": 2870000000, "otherExpenses": -7152000000, "operatingExpenses": -4282000000, "costAndExpenses": -4282000000, "interestIncome": 5211000000, "interestExpense": 441000000, "depreciationAndAmortization": 349000000, "ebitda": 3866000000, "ebitdaratio": 0.4957045775, "operatingIncome": 3517000000, "operatingIncomeRatio": 0.4509552507, "totalOtherIncomeExpensesNet": 3517000000, "incomeBeforeTax": 3517000000, "incomeBeforeTaxRatio": 0.4509552507, "incomeTaxExpense": 747000000, "netIncome": 2770000000, "netIncomeRatio": 0.3551737402, "eps": 3.78, "epsdiluted": 3.73, "weightedAverageShsOut": 702188552, "weightedAverageShsOutDil": 711197805, "link": "https://www.sec.gov/Archives/edgar/data/35527/000003552722000119/0000035527-22-000119-index.htm", "finalLink": "https://www.sec.gov/Archives/edgar/data/35527/000003552722000119/fitb-20211231.htm", "calculatedOtherExpenses": 1412000000, "calculatedOperatingExpenses": 4282000000, "calculatedNetInterest": 4770000000, "calculatedOtherIncome": -4770000000, "calculatedIncomeNonControlling": 0, "calculatedEbitda": 3866000000}, {"date": "2020-12-31", "symbol": "FITBO", "reportedCurrency": "USD", "cik": "0000035527", "fillingDate": "2021-02-26", "acceptedDate": "2021-02-26 16:58:20", "calendarYear": "2020", "period": "FY", "revenue": 7491000000, "costOfRevenue": 0, "grossProfit": 7491000000, "grossProfitRatio": 1, "researchAndDevelopmentExpenses": 0, "generalAndAdministrativeExpenses": 2730000000, "sellingAndMarketingExpenses": 104000000, "sellingGeneralAndAdministrativeExpenses": 2834000000, "otherExpenses": -8528000000, "operatingExpenses": -5694000000, "costAndExpenses": -5694000000, "interestIncome": 5572000000, "interestExpense": 790000000, "depreciationAndAmortization": 492000000, "ebitda": 2289000000, "ebitdaratio": 0.30556668, "operatingIncome": 1797000000, "operatingIncomeRatio": 0.2398878654, "totalOtherIncomeExpensesNet": 1797000000, "incomeBeforeTax": 1797000000, "incomeBeforeTaxRatio": 0.2398878654, "incomeTaxExpense": 370000000, "netIncome": 1427000000, "netIncomeRatio": 0.190495261, "eps": 1.84, "epsdiluted": 1.83, "weightedAverageShsOut": 714729585, "weightedAverageShsOutDil": 719735415, "link": "https://www.sec.gov/Archives/edgar/data/35527/000003552721000100/0000035527-21-000100-index.htm", "finalLink": "https://www.sec.gov/Archives/edgar/data/35527/000003552721000100/fitb-20201231.htm", "calculatedOtherExpenses": 2860000000, "calculatedOperatingExpenses": 5694000000, "calculatedNetInterest": 4782000000, "calculatedOtherIncome": -4782000000, "calculatedIncomeNonControlling": 0, "calculatedEbitda": 2289000000}, {"date": "2019-12-31", "symbol": "FITBO", "reportedCurrency": "USD", "cik": "0000035527", "fillingDate": "2020-03-02", "acceptedDate": "2020-03-02 06:17:47", "calendarYear": "2019", "period": "FY", "revenue": 8203000000, "costOfRevenue": 0, "grossProfit": 8203000000, "grossProfitRatio": 1, "researchAndDevelopmentExpenses": 0, "generalAndAdministrativeExpenses": 2418000000, "sellingAndMarketingExpenses": 162000000, "sellingGeneralAndAdministrativeExpenses": 2418000000, "otherExpenses": -7419000000, "operatingExpenses": -5001000000, "costAndExpenses": -5001000000, "interestIncome": 6254000000, "interestExpense": 1457000000, "depreciationAndAmortization": 472000000, "ebitda": 3674000000, "ebitdaratio": 0.4478849202, "operatingIncome": 3202000000, "operatingIncomeRatio": 0.3903449957, "totalOtherIncomeExpensesNet": 3202000000, "incomeBeforeTax": 3202000000, "incomeBeforeTaxRatio": 0.3903449957, "incomeTaxExpense": 690000000, "netIncome": 2512000000, "netIncomeRatio": 0.3062294283, "eps": 3.38, "epsdiluted": 3.33, "weightedAverageShsOut": 710433611, "weightedAverageShsOutDil": 720065498, "link": "https://www.sec.gov/Archives/edgar/data/35527/000119312520057751/0001193125-20-057751-index.htm", "finalLink": "https://www.sec.gov/Archives/edgar/data/35527/000119312520057751/d840471d10k.htm", "calculatedOtherExpenses": 2583000000, "calculatedOperatingExpenses": 5001000000, "calculatedNetInterest": 4797000000, "calculatedOtherIncome": -4797000000, "calculatedIncomeNonControlling": 0, "calculatedEbitda": 3674000000}, {"date": "2018-12-31", "symbol": "FITBO", "reportedCurrency": "USD", "cik": "0000035527", "fillingDate": "2019-03-01", "acceptedDate": "2019-03-01 09:04:05", "calendarYear": "2018", "period": "FY", "revenue": 6807000000, "costOfRevenue": 0, "grossProfit": 6807000000, "grossProfitRatio": 1, "researchAndDevelopmentExpenses": 0, "generalAndAdministrativeExpenses": 2355000000, "sellingAndMarketingExpenses": 147000000, "sellingGeneralAndAdministrativeExpenses": 2502000000, "otherExpenses": -5501000000, "operatingExpenses": -2999000000, "costAndExpenses": -2999000000, "interestIncome": 5183000000, "interestExpense": 1043000000, "depreciationAndAmortization": 360000000, "ebitda": 4168000000, "ebitdaratio": 0.6123108565, "operatingIncome": 3808000000, "operatingIncomeRatio": 0.5594241222, "totalOtherIncomeExpensesNet": -1043000000, "incomeBeforeTax": 2765000000, "incomeBeforeTaxRatio": 0.4061995005, "incomeTaxExpense": 572000000, "netIncome": 2193000000, "netIncomeRatio": 0.3221683561, "eps": 3.26, "epsdiluted": 3.2, "weightedAverageShsOut": 673346000, "weightedAverageShsOutDil": 685488000, "link": "https://www.sec.gov/Archives/edgar/data/35527/000119312519059441/0001193125-19-059441-index.htm", "finalLink": "https://www.sec.gov/Archives/edgar/data/35527/000119312519059441/d680668d10k.htm", "calculatedOtherExpenses": 497000000, "calculatedOperatingExpenses": 2999000000, "calculatedNetInterest": 4140000000, "calculatedOtherIncome": -5183000000, "calculatedIncomeNonControlling": 0, "calculatedEbitda": 4168000000}, {"date": "2017-12-31", "symbol": "FITBO", "reportedCurrency": "USD", "cik": "0000035527", "fillingDate": "2018-02-28", "acceptedDate": "2018-02-28 08:59:15", "calendarYear": "2017", "period": "FY", "revenue": 6893000000, "costOfRevenue": 0, "grossProfit": 6893000000, "grossProfitRatio": 1, "researchAndDevelopmentExpenses": 0, "generalAndAdministrativeExpenses": 2250000000, "sellingAndMarketingExpenses": 114000000, "sellingGeneralAndAdministrativeExpenses": 2364000000, "otherExpenses": -5795000000, "operatingExpenses": -3431000000, "costAndExpenses": -3431000000, "interestIncome": 4489000000, "interestExpense": 691000000, "depreciationAndAmortization": 341000000, "ebitda": 3803000000, "ebitdaratio": 0.5517191354, "operatingIncome": 3462000000, "operatingIncomeRatio": 0.5022486581, "totalOtherIncomeExpensesNet": -691000000, "incomeBeforeTax": 2771000000, "incomeBeforeTaxRatio": 0.402002031, "incomeTaxExpense": 577000000, "netIncome": 2194000000, "netIncomeRatio": 0.3182939214, "eps": 2.88, "epsdiluted": 2.83, "weightedAverageShsOut": 728289000, "weightedAverageShsOutDil": 740691000, "link": "https://www.sec.gov/Archives/edgar/data/35527/000119312518062301/0001193125-18-062301-index.htm", "finalLink": "https://www.sec.gov/Archives/edgar/data/35527/000119312518062301/d511082d10k.htm", "calculatedOtherExpenses": 1067000000, "calculatedOperatingExpenses": 3431000000, "calculatedNetInterest": 3798000000, "calculatedOtherIncome": -4489000000, "calculatedIncomeNonControlling": 0, "calculatedEbitda": 3803000000}, {"date": "2016-12-31", "symbol": "FITBO", "reportedCurrency": "USD", "cik": "0000035527", "fillingDate": "2017-02-24", "acceptedDate": "2017-02-24 16:13:01", "calendarYear": "2016", "period": "FY", "revenue": 6179000000, "costOfRevenue": 0, "grossProfit": 6179000000, "grossProfitRatio": 1, "researchAndDevelopmentExpenses": 0, "generalAndAdministrativeExpenses": 2215000000, "sellingAndMarketingExpenses": 104000000, "sellingGeneralAndAdministrativeExpenses": 2319000000, "otherExpenses": -5851000000, "operatingExpenses": -3532000000, "costAndExpenses": -3532000000, "interestIncome": 4193000000, "interestExpense": 578000000, "depreciationAndAmortization": 453000000, "ebitda": 3100000000, "ebitdaratio": 0.5016993041, "operatingIncome": 2647000000, "operatingIncomeRatio": 0.4283864703, "totalOtherIncomeExpensesNet": -582000000, "incomeBeforeTax": 2065000000, "incomeBeforeTaxRatio": 0.3341964719, "incomeTaxExpense": 505000000, "netIncome": 1564000000, "netIncomeRatio": 0.2531153908, "eps": 1.95, "epsdiluted": 1.93, "weightedAverageShsOut": 757367000, "weightedAverageShsOutDil": 764430000, "link": "https://www.sec.gov/Archives/edgar/data/35527/000119312517056318/0001193125-17-056318-index.htm", "finalLink": "https://www.sec.gov/Archives/edgar/data/35527/000119312517056318/d259518d10k.htm", "calculatedOtherExpenses": 1213000000, "calculatedOperatingExpenses": 3532000000, "calculatedNetInterest": 3615000000, "calculatedOtherIncome": -4197000000, "calculatedIncomeNonControlling": -4000000, "calculatedEbitda": 3100000000}, {"date": "2015-12-31", "symbol": "FITBO", "reportedCurrency": "USD", "cik": "0000035527", "fillingDate": "2016-02-25", "acceptedDate": "2016-02-25 17:11:01", "calendarYear": "2015", "period": "FY", "revenue": 6383000000, "costOfRevenue": 0, "grossProfit": 6383000000, "grossProfitRatio": 1, "researchAndDevelopmentExpenses": 0, "generalAndAdministrativeExpenses": 2071000000, "sellingAndMarketingExpenses": 110000000, "sellingGeneralAndAdministrativeExpenses": 2181000000, "otherExpenses": -5698000000, "operatingExpenses": -3517000000, "costAndExpenses": -3517000000, "interestIncome": 4028000000, "interestExpense": 495000000, "depreciationAndAmortization": 441000000, "ebitda": 3307000000, "ebitdaratio": 0.5180949397, "operatingIncome": 2866000000, "operatingIncomeRatio": 0.44900517, "totalOtherIncomeExpensesNet": -501000000, "incomeBeforeTax": 2365000000, "incomeBeforeTaxRatio": 0.3705154316, "incomeTaxExpense": 659000000, "netIncome": 1712000000, "netIncomeRatio": 0.2682124393, "eps": 2.03, "epsdiluted": 2.01, "weightedAverageShsOut": 798628000, "weightedAverageShsOutDil": 807659000, "link": "https://www.sec.gov/Archives/edgar/data/35527/000119312516478543/0001193125-16-478543-index.htm", "finalLink": "https://www.sec.gov/Archives/edgar/data/35527/000119312516478543/d48375d10k.htm", "calculatedOtherExpenses": 1336000000, "calculatedOperatingExpenses": 3517000000, "calculatedNetInterest": 3533000000, "calculatedOtherIncome": -4034000000, "calculatedIncomeNonControlling": -6000000, "calculatedEbitda": 3307000000}, {"date": "2014-12-31", "symbol": "FITBO", "reportedCurrency": "USD", "cik": "0000035527", "fillingDate": "2015-02-25", "acceptedDate": "2015-02-25 17:22:13", "calendarYear": "2014", "period": "FY", "revenue": 5911000000, "costOfRevenue": 0, "grossProfit": 5911000000, "grossProfitRatio": 1, "researchAndDevelopmentExpenses": 0, "generalAndAdministrativeExpenses": 1983000000, "sellingAndMarketingExpenses": 98000000, "sellingGeneralAndAdministrativeExpenses": 2081000000, "otherExpenses": -5515000000, "operatingExpenses": -3434000000, "costAndExpenses": -3434000000, "interestIncome": 4030000000, "interestExpense": 451000000, "depreciationAndAmortization": 414000000, "ebitda": 2891000000, "ebitdaratio": 0.4890881408, "operatingIncome": 2477000000, "operatingIncomeRatio": 0.4190492302, "totalOtherIncomeExpensesNet": -449000000, "incomeBeforeTax": 2028000000, "incomeBeforeTaxRatio": 0.3430891558, "incomeTaxExpense": 545000000, "netIncome": 1481000000, "netIncomeRatio": 0.2505498224, "eps": 1.68, "epsdiluted": 1.66, "weightedAverageShsOut": 833116000, "weightedAverageShsOutDil": 842967000, "link": "https://www.sec.gov/Archives/edgar/data/35527/000119312515062849/0001193125-15-062849-index.htm", "finalLink": "https://www.sec.gov/Archives/edgar/data/35527/000119312515062849/d879423d10k.htm", "calculatedOtherExpenses": 1353000000, "calculatedOperatingExpenses": 3434000000, "calculatedNetInterest": 3579000000, "calculatedOtherIncome": -4028000000, "calculatedIncomeNonControlling": 2000000, "calculatedEbitda": 2891000000}, {"date": "2013-12-31", "symbol": "FITBO", "reportedCurrency": "USD", "cik": "0000035527", "fillingDate": "2014-02-24", "acceptedDate": "2014-02-24 07:03:14", "calendarYear": "2013", "period": "FY", "revenue": 6654000000, "costOfRevenue": 0, "grossProfit": 6654000000, "grossProfitRatio": 1, "researchAndDevelopmentExpenses": 0, "generalAndAdministrativeExpenses": 2165000000, "sellingAndMarketingExpenses": 114000000, "sellingGeneralAndAdministrativeExpenses": 2279000000, "otherExpenses": -5913000000, "operatingExpenses": -3634000000, "costAndExpenses": -3634000000, "interestIncome": 3973000000, "interestExpense": 412000000, "depreciationAndAmortization": 507000000, "ebitda": 3527000000, "ebitdaratio": 0.5300571085, "operatingIncome": 3020000000, "operatingIncomeRatio": 0.4538623384, "totalOtherIncomeExpensesNet": -422000000, "incomeBeforeTax": 2598000000, "incomeBeforeTaxRatio": 0.3904418395, "incomeTaxExpense": 772000000, "netIncome": 1836000000, "netIncomeRatio": 0.2759242561, "eps": 2.05, "epsdiluted": 2.02, "weightedAverageShsOut": 869463000, "weightedAverageShsOutDil": 894736000, "link": "https://www.sec.gov/Archives/edgar/data/35527/000119312514063748/0001193125-14-063748-index.htm", "finalLink": "https://www.sec.gov/Archives/edgar/data/35527/000119312514063748/d644645d10k.htm", "calculatedOtherExpenses": 1355000000, "calculatedOperatingExpenses": 3634000000, "calculatedNetInterest": 3561000000, "calculatedOtherIncome": -3983000000, "calculatedIncomeNonControlling": -10000000, "calculatedEbitda": 3527000000}, {"date": "2012-12-31", "symbol": "FITBO", "reportedCurrency": "USD", "cik": "0000035527", "fillingDate": "2013-02-22", "acceptedDate": "2013-02-22 17:24:10", "calendarYear": "2012", "period": "FY", "revenue": 6473000000, "costOfRevenue": 0, "grossProfit": 6473000000, "grossProfitRatio": 1, "researchAndDevelopmentExpenses": 0, "generalAndAdministrativeExpenses": 2181000000, "sellingAndMarketingExpenses": 128000000, "sellingGeneralAndAdministrativeExpenses": 2309000000, "otherExpenses": -6058000000, "operatingExpenses": -3749000000, "costAndExpenses": -3749000000, "interestIncome": 4107000000, "interestExpense": 512000000, "depreciationAndAmortization": 531000000, "ebitda": 3255000000, "ebitdaratio": 0.5028580256, "operatingIncome": 2724000000, "operatingIncomeRatio": 0.4208249652, "totalOtherIncomeExpensesNet": -514000000, "incomeBeforeTax": 2210000000, "incomeBeforeTaxRatio": 0.3414181987, "incomeTaxExpense": 636000000, "netIncome": 1576000000, "netIncomeRatio": 0.2434728874, "eps": 1.69, "epsdiluted": 1.66, "weightedAverageShsOut": 904425000, "weightedAverageShsOutDil": 945554000, "link": "https://www.sec.gov/Archives/edgar/data/35527/000119312513071733/0001193125-13-071733-index.htm", "finalLink": "https://www.sec.gov/Archives/edgar/data/35527/000119312513071733/d479526d10k.htm", "calculatedOtherExpenses": 1440000000, "calculatedOperatingExpenses": 3749000000, "calculatedNetInterest": 3595000000, "calculatedOtherIncome": -4109000000, "calculatedIncomeNonControlling": -2000000, "calculatedEbitda": 3255000000}, {"date": "2011-12-31", "symbol": "FITBO", "reportedCurrency": "USD", "cik": "0000035527", "fillingDate": "2012-02-29", "acceptedDate": "2012-02-29 17:03:23", "calendarYear": "2011", "period": "FY", "revenue": 6012000000, "costOfRevenue": 0, "grossProfit": 6012000000, "grossProfitRatio": 1, "researchAndDevelopmentExpenses": 0, "generalAndAdministrativeExpenses": 2106000000, "sellingAndMarketingExpenses": 115000000, "sellingGeneralAndAdministrativeExpenses": 2221000000, "otherExpenses": -5742000000, "operatingExpenses": -3521000000, "costAndExpenses": -3521000000, "interestIncome": 4218000000, "interestExpense": 661000000, "depreciationAndAmortization": 455000000, "ebitda": 2946000000, "ebitdaratio": 0.4900199601, "operatingIncome": 2491000000, "operatingIncomeRatio": 0.4143379907, "totalOtherIncomeExpensesNet": -660000000, "incomeBeforeTax": 1831000000, "incomeBeforeTaxRatio": 0.3045575516, "incomeTaxExpense": 533000000, "netIncome": 1297000000, "netIncomeRatio": 0.2157351963, "eps": 1.2, "epsdiluted": 1.18, "weightedAverageShsOut": 906461000, "weightedAverageShsOutDil": 949534000, "link": "https://www.sec.gov/Archives/edgar/data/35527/000119312512089474/0001193125-12-089474-index.htm", "finalLink": "https://www.sec.gov/Archives/edgar/data/35527/000119312512089474/d305243d10k.htm", "calculatedOtherExpenses": 1300000000, "calculatedOperatingExpenses": 3521000000, "calculatedNetInterest": 3557000000, "calculatedOtherIncome": -4217000000, "calculatedIncomeNonControlling": 1000000, "calculatedEbitda": 2946000000}, {"date": "2010-12-31", "symbol": "FITBO", "reportedCurrency": "USD", "cik": "0000035527", "fillingDate": "2011-02-28", "acceptedDate": "2011-02-28 15:52:37", "calendarYear": "2010", "period": "FY", "revenue": 6333000000, "costOfRevenue": 0, "grossProfit": 6333000000, "grossProfitRatio": 1, "researchAndDevelopmentExpenses": 0, "generalAndAdministrativeExpenses": 2100000000, "sellingAndMarketingExpenses": 98000000, "sellingGeneralAndAdministrativeExpenses": 2198000000, "otherExpenses": -6706000000, "operatingExpenses": -4508000000, "costAndExpenses": -4508000000, "interestIncome": 4489000000, "interestExpense": 885000000, "depreciationAndAmortization": 457000000, "ebitda": 2282000000, "ebitdaratio": 0.3603347545, "operatingIncome": 1825000000, "operatingIncomeRatio": 0.2881730617, "totalOtherIncomeExpensesNet": -885000000, "incomeBeforeTax": 940000000, "incomeBeforeTaxRatio": 0.1484288647, "incomeTaxExpense": 187000000, "netIncome": 753000000, "netIncomeRatio": 0.1189009948, "eps": 0.64, "epsdiluted": 0.62, "weightedAverageShsOut": 790850250, "weightedAverageShsOutDil": 806611250, "link": "https://www.sec.gov/Archives/edgar/data/35527/000119312511049817/0001193125-11-049817-index.htm", "finalLink": "https://www.sec.gov/Archives/edgar/data/35527/000119312511049817/d10k.htm", "calculatedOtherExpenses": 2310000000, "calculatedOperatingExpenses": 4508000000, "calculatedNetInterest": 3604000000, "calculatedOtherIncome": -4489000000, "calculatedIncomeNonControlling": 0, "calculatedEbitda": 2282000000}, {"date": "2009-12-31", "symbol": "FITBO", "reportedCurrency": "USD", "cik": "0000035527", "fillingDate": "2010-02-26", "acceptedDate": "2010-02-26 13:15:04", "calendarYear": "2009", "period": "FY", "revenue": 6378000000, "costOfRevenue": 0, "grossProfit": 6378000000, "grossProfitRatio": 1, "researchAndDevelopmentExpenses": 0, "generalAndAdministrativeExpenses": 2038000000, "sellingAndMarketingExpenses": 79000000, "sellingGeneralAndAdministrativeExpenses": 2117000000, "otherExpenses": -1758000000, "operatingExpenses": 359000000, "costAndExpenses": 359000000, "interestIncome": 4668000000, "interestExpense": 1314000000, "depreciationAndAmortization": 341000000, "ebitda": 2422000000, "ebitdaratio": 0.3797428661, "operatingIncome": 2081000000, "operatingIncomeRatio": 0.32627783, "totalOtherIncomeExpensesNet": -1314000000, "incomeBeforeTax": 767000000, "incomeBeforeTaxRatio": 0.1202571339, "incomeTaxExpense": 30000000, "netIncome": 737000000, "netIncomeRatio": 0.115553465, "eps": 0.73, "epsdiluted": 0.67, "weightedAverageShsOut": 696452000, "weightedAverageShsOutDil": 726508000, "link": "https://www.sec.gov/Archives/edgar/data/35527/000119312510042347/0001193125-10-042347-index.htm", "finalLink": "https://www.sec.gov/Archives/edgar/data/35527/000119312510042347/d10k.htm", "calculatedOtherExpenses": 2180000000, "calculatedOperatingExpenses": 4297000000, "calculatedNetInterest": 3354000000, "calculatedOtherIncome": -4668000000, "calculatedIncomeNonControlling": 0, "calculatedEbitda": 2422000000}, {"date": "2008-12-31", "symbol": "FITBO", "reportedCurrency": "USD", "cik": "0000035527", "fillingDate": "2009-03-02", "acceptedDate": "2009-03-02 16:14:08", "calendarYear": "2008", "period": "FY", "revenue": 5837000000, "costOfRevenue": 0, "grossProfit": 5837000000, "grossProfitRatio": 1, "researchAndDevelopmentExpenses": 0, "generalAndAdministrativeExpenses": 1753000000, "sellingAndMarketingExpenses": 102000000, "sellingGeneralAndAdministrativeExpenses": 1855000000, "otherExpenses": -8262000000, "operatingExpenses": -6407000000, "costAndExpenses": -6407000000, "interestIncome": 5608000000, "interestExpense": 2094000000, "depreciationAndAmortization": 8000000, "ebitda": -562000000, "ebitdaratio": -0.0962823368, "operatingIncome": -570000000, "operatingIncomeRatio": -0.0976529039, "totalOtherIncomeExpensesNet": -2094000000, "incomeBeforeTax": -2664000000, "incomeBeforeTaxRatio": -0.456398835, "incomeTaxExpense": -551000000, "netIncome": -2113000000, "netIncomeRatio": -0.3620010279, "eps": -3.82, "epsdiluted": -3.82, "weightedAverageShsOut": 553000000, "weightedAverageShsOutDil": 553000000, "link": "https://www.sec.gov/Archives/edgar/data/35527/000119312509042550/0001193125-09-042550-index.htm", "finalLink": "https://www.sec.gov/Archives/edgar/data/35527/000119312509042550/d10k.htm", "calculatedOtherExpenses": 4552000000, "calculatedOperatingExpenses": 6407000000, "calculatedNetInterest": 3514000000, "calculatedOtherIncome": -5608000000, "calculatedIncomeNonControlling": 0, "calculatedEbitda": -562000000}, {"date": "2007-12-31", "symbol": "FITBO", "reportedCurrency": "USD", "cik": "0000035527", "fillingDate": "2008-02-22", "acceptedDate": "2008-02-22 17:23:08", "calendarYear": "2007", "period": "FY", "revenue": 5232000000, "costOfRevenue": 0, "grossProfit": 5232000000, "grossProfitRatio": 1, "researchAndDevelopmentExpenses": 0, "generalAndAdministrativeExpenses": 1517000000, "sellingAndMarketingExpenses": 84000000, "sellingGeneralAndAdministrativeExpenses": 1517000000, "otherExpenses": -2194000000, "operatingExpenses": -677000000, "costAndExpenses": -677000000, "interestIncome": 6027000000, "interestExpense": 3018000000, "depreciationAndAmortization": 367000000, "ebitda": 4922000000, "ebitdaratio": 0.9407492355, "operatingIncome": 4555000000, "operatingIncomeRatio": 0.8706039755, "totalOtherIncomeExpensesNet": -3018000000, "incomeBeforeTax": 1537000000, "incomeBeforeTaxRatio": 0.2937691131, "incomeTaxExpense": 461000000, "netIncome": 1076000000, "netIncomeRatio": 0.2056574924, "eps": 2, "epsdiluted": 1.99, "weightedAverageShsOut": 538000000, "weightedAverageShsOutDil": 540000000, "link": "https://www.sec.gov/Archives/edgar/data/35527/000119312508036443/0001193125-08-036443-index.htm", "finalLink": "https://www.sec.gov/Archives/edgar/data/35527/000119312508036443/d10k.htm", "calculatedOtherExpenses": -840000000, "calculatedOperatingExpenses": 677000000, "calculatedNetInterest": 3009000000, "calculatedOtherIncome": -6027000000, "calculatedIncomeNonControlling": 0, "calculatedEbitda": 4922000000}, {"date": "2006-12-31", "symbol": "FITBO", "reportedCurrency": "USD", "cik": "0000035527", "fillingDate": "2007-02-20", "acceptedDate": "2007-02-20 16:11:27", "calendarYear": "2006", "period": "FY", "revenue": 5026000000, "costOfRevenue": 0, "grossProfit": 5026000000, "grossProfitRatio": 1, "researchAndDevelopmentExpenses": 0, "generalAndAdministrativeExpenses": 1466000000, "sellingAndMarketingExpenses": 124000000, "sellingGeneralAndAdministrativeExpenses": 1590000000, "otherExpenses": -1903000000, "operatingExpenses": -313000000, "costAndExpenses": -313000000, "interestIncome": 5955000000, "interestExpense": 3082000000, "depreciationAndAmortization": 399000000, "ebitda": 5112000000, "ebitdaratio": 1.0171110227, "operatingIncome": 4713000000, "operatingIncomeRatio": 0.9377238361, "totalOtherIncomeExpensesNet": -3086000000, "incomeBeforeTax": 1627000000, "incomeBeforeTaxRatio": 0.3237166733, "incomeTaxExpense": 443000000, "netIncome": 1188000000, "netIncomeRatio": 0.2363708715, "eps": 2.14, "epsdiluted": 2.13, "weightedAverageShsOut": 554672897, "weightedAverageShsOutDil": 557276995, "link": "https://www.sec.gov/Archives/edgar/data/35527/000119312507035126/0001193125-07-035126-index.htm", "finalLink": "https://www.sec.gov/Archives/edgar/data/35527/000119312507035126/d10k.htm", "calculatedOtherExpenses": -1277000000, "calculatedOperatingExpenses": 313000000, "calculatedNetInterest": 2873000000, "calculatedOtherIncome": -5959000000, "calculatedIncomeNonControlling": -4000000, "calculatedEbitda": 5112000000}, {"date": "2005-12-31", "symbol": "FITBO", "reportedCurrency": "USD", "cik": "0000035527", "fillingDate": "2006-02-16", "acceptedDate": "2006-02-16 16:51:57", "calendarYear": "2005", "period": "FY", "revenue": 5465000000, "costOfRevenue": 0, "grossProfit": 5465000000, "grossProfitRatio": 1, "researchAndDevelopmentExpenses": 0, "generalAndAdministrativeExpenses": 1416000000, "sellingAndMarketingExpenses": 126000000, "sellingGeneralAndAdministrativeExpenses": 1542000000, "otherExpenses": -2770000000, "operatingExpenses": -1228000000, "costAndExpenses": -1228000000, "interestIncome": 4995000000, "interestExpense": 2030000000, "depreciationAndAmortization": 405000000, "ebitda": 4642000000, "ebitdaratio": 0.8494053065, "operatingIncome": 4237000000, "operatingIncomeRatio": 0.7752973468, "totalOtherIncomeExpensesNet": -2030000000, "incomeBeforeTax": 2207000000, "incomeBeforeTaxRatio": 0.4038426349, "incomeTaxExpense": 659000000, "netIncome": 1548000000, "netIncomeRatio": 0.2832570906, "eps": 2.79, "epsdiluted": 2.77, "weightedAverageShsOut": 554480287, "weightedAverageShsOutDil": 558483755, "link": "https://www.sec.gov/Archives/edgar/data/35527/000119312506033639/0001193125-06-033639-index.htm", "finalLink": "https://www.sec.gov/Archives/edgar/data/35527/000119312506033639/d10k.htm", "calculatedOtherExpenses": -314000000, "calculatedOperatingExpenses": 1228000000, "calculatedNetInterest": 2965000000, "calculatedOtherIncome": -4995000000, "calculatedIncomeNonControlling": 0, "calculatedEbitda": 4642000000}, {"date": "2004-12-31", "symbol": "FITBO", "reportedCurrency": "USD", "cik": "0000035527", "fillingDate": "2005-03-01", "acceptedDate": "2005-03-01 16:30:33", "calendarYear": "2004", "period": "FY", "revenue": 5477000000, "costOfRevenue": 0, "grossProfit": 5477000000, "grossProfitRatio": 1, "researchAndDevelopmentExpenses": 0, "generalAndAdministrativeExpenses": 1279000000, "sellingAndMarketingExpenses": 99000000, "sellingGeneralAndAdministrativeExpenses": 1378000000, "otherExpenses": -3516000000, "operatingExpenses": -2138000000, "costAndExpenses": -2138000000, "interestIncome": 4114000000, "interestExpense": 1102000000, "depreciationAndAmortization": 459000000, "ebitda": 3798000000, "ebitdaratio": 0.6934453168, "operatingIncome": 3339000000, "operatingIncomeRatio": 0.609640314, "totalOtherIncomeExpensesNet": -1102000000, "incomeBeforeTax": 2237000000, "incomeBeforeTaxRatio": 0.4084352748, "incomeTaxExpense": 712000000, "netIncome": 1525000000, "netIncomeRatio": 0.2784371006, "eps": 2.72, "epsdiluted": 2.68, "weightedAverageShsOut": 560294118, "weightedAverageShsOutDil": 568656716, "link": "https://www.sec.gov/Archives/edgar/data/35527/000119312505039845/0001193125-05-039845-index.htm", "finalLink": "https://www.sec.gov/Archives/edgar/data/35527/000119312505039845/d10k.htm", "calculatedOtherExpenses": 760000000, "calculatedOperatingExpenses": 2138000000, "calculatedNetInterest": 3012000000, "calculatedOtherIncome": -4114000000, "calculatedIncomeNonControlling": 0, "calculatedEbitda": 3798000000}, {"date": "2003-12-31", "symbol": "FITBO", "reportedCurrency": "USD", "cik": "0000035527", "fillingDate": "2004-02-26", "acceptedDate": "2004-02-26 11:31:44", "calendarYear": "2003", "period": "FY", "revenue": 5388000000, "costOfRevenue": 0, "grossProfit": 5388000000, "grossProfitRatio": 1, "researchAndDevelopmentExpenses": 0, "generalAndAdministrativeExpenses": 1162000000, "sellingAndMarketingExpenses": 0, "sellingGeneralAndAdministrativeExpenses": 1162000000, "otherExpenses": -2904000000, "operatingExpenses": -1742000000, "costAndExpenses": -1742000000, "interestIncome": 3991000000, "interestExpense": 1086000000, "depreciationAndAmortization": 550000000, "ebitda": 4196000000, "ebitdaratio": 0.7787676318, "operatingIncome": 3646000000, "operatingIncomeRatio": 0.6766889384, "totalOtherIncomeExpensesNet": -1119000000, "incomeBeforeTax": 2527000000, "incomeBeforeTaxRatio": 0.4690051967, "incomeTaxExpense": 805000000, "netIncome": 1755000000, "netIncomeRatio": 0.3257238307, "eps": 3.07, "epsdiluted": 3.03, "weightedAverageShsOut": 571335505, "weightedAverageShsOutDil": 578877888, "link": "https://www.sec.gov/Archives/edgar/data/35527/000119312504029919/0001193125-04-029919-index.htm", "finalLink": "https://www.sec.gov/Archives/edgar/data/35527/000119312504029919/d10k.htm", "calculatedOtherExpenses": 580000000, "calculatedOperatingExpenses": 1742000000, "calculatedNetInterest": 2905000000, "calculatedOtherIncome": -4024000000, "calculatedIncomeNonControlling": -33000000, "calculatedEbitda": 4196000000}, {"date": "2002-12-31", "symbol": "FITBO", "reportedCurrency": "USD", "cik": "0000035527", "fillingDate": "2003-03-27", "acceptedDate": "2003-03-27 10:28:37", "calendarYear": "2002", "period": "FY", "revenue": 4894000000, "costOfRevenue": 0, "grossProfit": 4894000000, "grossProfitRatio": 1, "researchAndDevelopmentExpenses": 0, "generalAndAdministrativeExpenses": 1107000000, "sellingAndMarketingExpenses": 0, "sellingGeneralAndAdministrativeExpenses": 1107000000, "otherExpenses": -2178000000, "operatingExpenses": -1071000000, "costAndExpenses": -1071000000, "interestIncome": 4129000000, "interestExpense": 1429000000, "depreciationAndAmortization": 338000000, "ebitda": 4161000000, "ebitdaratio": 0.850224765, "operatingIncome": 3823000000, "operatingIncomeRatio": 0.7811606048, "totalOtherIncomeExpensesNet": -1429000000, "incomeBeforeTax": 2394000000, "incomeBeforeTaxRatio": 0.4891704128, "incomeTaxExpense": 759000000, "netIncome": 1635000000, "netIncomeRatio": 0.3340825501, "eps": 2.82, "epsdiluted": 2.76, "weightedAverageShsOut": 579432624, "weightedAverageShsOutDil": 592028986, "link": "https://www.sec.gov/Archives/edgar/data/35527/000102140803005124/0001021408-03-005124-index.htm", "finalLink": "https://www.sec.gov/Archives/edgar/data/35527/000102140803005124/d10k.htm", "calculatedOtherExpenses": -36000000, "calculatedOperatingExpenses": 1071000000, "calculatedNetInterest": 2700000000, "calculatedOtherIncome": -4129000000, "calculatedIncomeNonControlling": 0, "calculatedEbitda": 4161000000}, {"date": "2001-12-31", "symbol": "FITBO", "reportedCurrency": "USD", "cik": "0000035527", "fillingDate": "2002-03-12", "acceptedDate": "2002-03-12 00:00:00", "calendarYear": "2001", "period": "FY", "revenue": 4230000000, "costOfRevenue": 0, "grossProfit": 4230000000, "grossProfitRatio": 1, "researchAndDevelopmentExpenses": 0, "generalAndAdministrativeExpenses": 993000000, "sellingAndMarketingExpenses": 0, "sellingGeneralAndAdministrativeExpenses": 993000000, "otherExpenses": -1303000000, "operatingExpenses": -310000000, "costAndExpenses": -310000000, "interestIncome": 4709000000, "interestExpense": 2276000000, "depreciationAndAmortization": 236000000, "ebitda": 4156000000, "ebitdaratio": 0.9825059102, "operatingIncome": 3920000000, "operatingIncomeRatio": 0.926713948, "totalOtherIncomeExpensesNet": -2269000000, "incomeBeforeTax": 1651000000, "incomeBeforeTaxRatio": 0.3903073286, "incomeTaxExpense": 550000000, "netIncome": 1094000000, "netIncomeRatio": 0.2586288416, "eps": 1.9, "epsdiluted": 1.86, "weightedAverageShsOut": 575263158, "weightedAverageShsOutDil": 587634409, "link": "https://www.sec.gov/Archives/edgar/data/35527/000095010902001302/0000950109-02-001302-index.htm", "finalLink": "https://www.sec.gov/Archives/edgar/data/35527/000095010902001302/d10k.txt", "calculatedOtherExpenses": -683000000, "calculatedOperatingExpenses": 310000000, "calculatedNetInterest": 2433000000, "calculatedOtherIncome": -4702000000, "calculatedIncomeNonControlling": 7000000, "calculatedEbitda": 4156000000}, {"date": "2000-12-31", "symbol": "FITBO", "reportedCurrency": "USD", "cik": "0000035527", "fillingDate": "2001-03-28", "acceptedDate": "2001-03-28 00:00:00", "calendarYear": "2000", "period": "FY", "revenue": 2483000000, "costOfRevenue": 0, "grossProfit": 2483000000, "grossProfitRatio": 1, "researchAndDevelopmentExpenses": 0, "generalAndAdministrativeExpenses": 522000000, "sellingAndMarketingExpenses": 0, "sellingGeneralAndAdministrativeExpenses": 522000000, "otherExpenses": 63000000, "operatingExpenses": 585000000, "costAndExpenses": 585000000, "interestIncome": 3263000000, "interestExpense": 1793000000, "depreciationAndAmortization": 112000000, "ebitda": 3180000000, "ebitdaratio": 1.28070882, "operatingIncome": 3068000000, "operatingIncomeRatio": 1.2356020942, "totalOtherIncomeExpensesNet": -1793000000, "incomeBeforeTax": 1275000000, "incomeBeforeTaxRatio": 0.5134917439, "incomeTaxExpense": 412000000, "netIncome": 863000000, "netIncomeRatio": 0.3475634313, "eps": 1.86, "epsdiluted": 1.83, "weightedAverageShsOut": 463978495, "weightedAverageShsOutDil": 471584699, "link": "https://www.sec.gov/Archives/edgar/data/35527/000095015201001741/0000950152-01-001741-index.htm", "finalLink": "https://www.sec.gov/Archives/edgar/data/35527/000095015201001741/l86643ae10-k.txt", "calculatedOtherExpenses": -1107000000, "calculatedOperatingExpenses": -585000000, "calculatedNetInterest": 1470000000, "calculatedOtherIncome": -3263000000, "calculatedIncomeNonControlling": 0, "calculatedEbitda": 3180000000}, {"date": "1999-12-31", "symbol": "FITBO", "reportedCurrency": "USD", "cik": "0000035527", "fillingDate": "2000-03-30", "acceptedDate": "2000-03-30 00:00:00", "calendarYear": "1999", "period": "FY", "revenue": 2282000000, "costOfRevenue": 0, "grossProfit": 2282000000, "grossProfitRatio": 1, "researchAndDevelopmentExpenses": 0, "generalAndAdministrativeExpenses": 505000000, "sellingAndMarketingExpenses": 0, "sellingGeneralAndAdministrativeExpenses": 505000000, "otherExpenses": -428000000, "operatingExpenses": 77000000, "costAndExpenses": 77000000, "interestIncome": 2738000000, "interestExpense": 1333000000, "depreciationAndAmortization": 104000000, "ebitda": 2463000000, "ebitdaratio": 1.0793163891, "operatingIncome": 2359000000, "operatingIncomeRatio": 1.0337423313, "totalOtherIncomeExpensesNet": -1333000000, "incomeBeforeTax": 1026000000, "incomeBeforeTaxRatio": 0.4496056091, "incomeTaxExpense": 358000000, "netIncome": 668000000, "netIncomeRatio": 0.2927256792, "eps": 1.45, "epsdiluted": 1.43, "weightedAverageShsOut": 459633028, "weightedAverageShsOutDil": 466046512, "link": "https://www.sec.gov/Archives/edgar/data/35527/000095015200002564/0000950152-00-002564-index.htm", "finalLink": "https://www.sec.gov/Archives/edgar/data/35527/000095015200002564/0000950152-00-002564.txt", "calculatedOtherExpenses": -582000000, "calculatedOperatingExpenses": -77000000, "calculatedNetInterest": 1405000000, "calculatedOtherIncome": -2738000000, "calculatedIncomeNonControlling": 0, "calculatedEbitda": 2463000000}, {"date": "1998-12-31", "symbol": "FITBO", "reportedCurrency": "USD", "cik": "0000035527", "fillingDate": "1999-02-16", "acceptedDate": "1999-02-16 00:00:00", "calendarYear": "1998", "period": "FY", "revenue": 1639000000, "costOfRevenue": 0, "grossProfit": 1639000000, "grossProfitRatio": 1, "researchAndDevelopmentExpenses": 0, "generalAndAdministrativeExpenses": 339800000, "sellingAndMarketingExpenses": 0, "sellingGeneralAndAdministrativeExpenses": 339800000, "otherExpenses": -236700000, "operatingExpenses": 103100000, "costAndExpenses": 103100000, "interestIncome": 2018700000, "interestExpense": 1015900000, "depreciationAndAmortization": 80500000, "ebitda": 1822600000, "ebitdaratio": 1.1120195241, "operatingIncome": 1742100000, "operatingIncomeRatio": 1.0629042099, "totalOtherIncomeExpensesNet": -1015900000, "incomeBeforeTax": 726200000, "incomeBeforeTaxRatio": 0.4430750458, "incomeTaxExpense": 250100000, "netIncome": 476100000, "netIncomeRatio": 0.2904820012, "eps": 1.2, "epsdiluted": 1.17, "weightedAverageShsOut": 396750000, "weightedAverageShsOutDil": 405767045, "link": "https://www.sec.gov/Archives/edgar/data/35527/000095015299000999/0000950152-99-000999-index.htm", "finalLink": "https://www.sec.gov/Archives/edgar/data/35527/000095015299000999/", "calculatedOtherExpenses": -442900000, "calculatedOperatingExpenses": -103100000, "calculatedNetInterest": 1002800000, "calculatedOtherIncome": -2018700000, "calculatedIncomeNonControlling": 0, "calculatedEbitda": 1822600000}, {"date": "1997-12-31", "symbol": "FITBO", "reportedCurrency": "USD", "cik": "0000035527", "fillingDate": "1998-03-12", "acceptedDate": "1998-03-12 00:00:00", "calendarYear": "1997", "period": "FY", "revenue": 1190500000, "costOfRevenue": 0, "grossProfit": 1190500000, "grossProfitRatio": 1, "researchAndDevelopmentExpenses": 0, "generalAndAdministrativeExpenses": 236600000, "sellingAndMarketingExpenses": 0, "sellingGeneralAndAdministrativeExpenses": 236600000, "otherExpenses": -89800000, "operatingExpenses": 146800000, "costAndExpenses": 146800000, "interestIncome": 1478400000, "interestExpense": 733400000, "depreciationAndAmortization": 54200000, "ebitda": 1391500000, "ebitdaratio": 1.1688366233, "operatingIncome": 1337300000, "operatingIncomeRatio": 1.1233095338, "totalOtherIncomeExpensesNet": -733400000, "incomeBeforeTax": 603900000, "incomeBeforeTaxRatio": 0.5072658547, "incomeTaxExpense": 202700000, "netIncome": 401200000, "netIncomeRatio": 0.33700126, "eps": 1.15, "epsdiluted": 1.13, "weightedAverageShsOut": 348532819, "weightedAverageShsOutDil": 355393701, "link": "https://www.sec.gov/Archives/edgar/data/35527/000095015298001940/0000950152-98-001940-index.htm", "finalLink": "https://www.sec.gov/Archives/edgar/data/35527/0000950152-98-001940.txt", "calculatedOtherExpenses": -383400000, "calculatedOperatingExpenses": -146800000, "calculatedNetInterest": 745000000, "calculatedOtherIncome": -1478400000, "calculatedIncomeNonControlling": 0, "calculatedEbitda": 1391500000}, {"date": "1996-12-31", "symbol": "FITBO", "reportedCurrency": "USD", "cik": "0000035527", "fillingDate": "1997-03-04", "acceptedDate": "1997-03-04 00:00:00", "calendarYear": "1996", "period": "FY", "revenue": 1057600000, "costOfRevenue": 0, "grossProfit": 1057600000, "grossProfitRatio": 1, "researchAndDevelopmentExpenses": 0, "generalAndAdministrativeExpenses": 230500000, "sellingAndMarketingExpenses": 0, "sellingGeneralAndAdministrativeExpenses": 230500000, "otherExpenses": -91800000, "operatingExpenses": 138700000, "costAndExpenses": 138700000, "interestIncome": 1385100000, "interestExpense": 695900000, "depreciationAndAmortization": 49700000, "ebitda": 1246000000, "ebitdaratio": 1.1781391831, "operatingIncome": 1196300000, "operatingIncomeRatio": 1.1311459909, "totalOtherIncomeExpensesNet": -695900000, "incomeBeforeTax": 500400000, "incomeBeforeTaxRatio": 0.4731467474, "incomeTaxExpense": 165300000, "netIncome": 335100000, "netIncomeRatio": 0.3168494705, "eps": 0.95, "epsdiluted": 0.95, "weightedAverageShsOut": 350979750, "weightedAverageShsOutDil": 350979750, "link": "https://www.sec.gov/Archives/edgar/data/35527/000095015297001600/0000950152-97-001600-index.html", "finalLink": "https://www.sec.gov/Archives/edgar/data/35527/", "calculatedOtherExpenses": -369200000, "calculatedOperatingExpenses": -138700000, "calculatedNetInterest": 689200000, "calculatedOtherIncome": -1385100000, "calculatedIncomeNonControlling": 0, "calculatedEbitda": 1246000000}, {"date": "1995-12-31", "symbol": "FITBO", "reportedCurrency": "USD", "cik": "0000035527", "fillingDate": "1996-02-28", "acceptedDate": "1996-02-28 00:00:00", "calendarYear": "1995", "period": "FY", "revenue": 869100000, "costOfRevenue": 0, "grossProfit": 869100000, "grossProfitRatio": 1, "researchAndDevelopmentExpenses": 0, "generalAndAdministrativeExpenses": 190900000, "sellingAndMarketingExpenses": 0, "sellingGeneralAndAdministrativeExpenses": 190900000, "otherExpenses": -19600000, "operatingExpenses": 171300000, "costAndExpenses": 171300000, "interestIncome": 1173200000, "interestExpense": 609800000, "depreciationAndAmortization": 27600000, "ebitda": 1068000000, "ebitdaratio": 1.2288574387, "operatingIncome": 1040400000, "operatingIncomeRatio": 1.1971004487, "totalOtherIncomeExpensesNet": -609800000, "incomeBeforeTax": 430600000, "incomeBeforeTaxRatio": 0.4954550685, "incomeTaxExpense": 142900000, "netIncome": 287700000, "netIncomeRatio": 0.3310321022, "eps": 0.57, "epsdiluted": 0.57, "weightedAverageShsOut": 500574937, "weightedAverageShsOutDil": 500574937, "link": "https://www.sec.gov/Archives/edgar/data/35527/000003552796000004/0000035527-96-000004-index.htm", "finalLink": "https://www.sec.gov/Archives/edgar/data/35527/000003552796000004/", "calculatedOtherExpenses": -362200000, "calculatedOperatingExpenses": -171300000, "calculatedNetInterest": 563400000, "calculatedOtherIncome": -1173200000, "calculatedIncomeNonControlling": 0, "calculatedEbitda": 1068000000}, {"date": "1994-12-31", "symbol": "FITBO", "reportedCurrency": "USD", "cik": "0000035527", "fillingDate": "1995-03-03", "acceptedDate": "1995-03-03 00:00:00", "calendarYear": "1994", "period": "FY", "revenue": 772700000, "costOfRevenue": 0, "grossProfit": 772700000, "grossProfitRatio": 1, "researchAndDevelopmentExpenses": 0, "generalAndAdministrativeExpenses": 181200000, "sellingAndMarketingExpenses": 0, "sellingGeneralAndAdministrativeExpenses": 181200000, "otherExpenses": -183000000, "operatingExpenses": -1800000, "costAndExpenses": -1800000, "interestIncome": 922300000, "interestExpense": 405500000, "depreciationAndAmortization": 30000000, "ebitda": 800900000, "ebitdaratio": 1.0364954057, "operatingIncome": 770900000, "operatingIncomeRatio": 0.997670506, "totalOtherIncomeExpensesNet": -405500000, "incomeBeforeTax": 365400000, "incomeBeforeTaxRatio": 0.4728872784, "incomeTaxExpense": 120900000, "netIncome": 244500000, "netIncomeRatio": 0.3164229326, "eps": 0.75, "epsdiluted": 0.75, "weightedAverageShsOut": 325959187, "weightedAverageShsOutDil": 325959187, "link": "https://www.sec.gov/Archives/edgar/data/35527/000003552795000005/0000035527-95-000005-index.html", "finalLink": "https://www.sec.gov/Archives/edgar/data/35527/", "calculatedOtherExpenses": -179400000, "calculatedOperatingExpenses": 1800000, "calculatedNetInterest": 516800000, "calculatedOtherIncome": -922300000, "calculatedIncomeNonControlling": 0, "calculatedEbitda": 800900000}, {"date": "1993-12-31", "symbol": "FITBO", "reportedCurrency": "USD", "cik": "0000035527", "fillingDate": "1994-02-17", "acceptedDate": "1994-02-17 00:00:00", "calendarYear": "1993", "period": "FY", "revenue": 663000000, "costOfRevenue": 0, "grossProfit": 663000000, "grossProfitRatio": 1, "researchAndDevelopmentExpenses": 0, "generalAndAdministrativeExpenses": 152600000, "sellingAndMarketingExpenses": 0, "sellingGeneralAndAdministrativeExpenses": 152600000, "otherExpenses": -229600000, "operatingExpenses": -77000000, "costAndExpenses": -77000000, "interestIncome": 727400000, "interestExpense": 291000000, "depreciationAndAmortization": 30400000, "ebitda": 616400000, "ebitdaratio": 0.9297134238, "operatingIncome": 586000000, "operatingIncomeRatio": 0.8838612368, "totalOtherIncomeExpensesNet": -291000000, "incomeBeforeTax": 295000000, "incomeBeforeTaxRatio": 0.4449472097, "incomeTaxExpense": 98600000, "netIncome": 196400000, "netIncomeRatio": 0.2962292609, "eps": 0.13, "epsdiluted": 0.12, "weightedAverageShsOut": 310226387, "weightedAverageShsOutDil": 310226387, "link": "https://www.sec.gov/Archives/edgar/data/35527/000003552794000008/0000035527-94-000008-index.htm", "finalLink": "https://www.sec.gov/Archives/edgar/data/35527/0000035527-94-000008.txt", "calculatedOtherExpenses": -75600000, "calculatedOperatingExpenses": 77000000, "calculatedNetInterest": 436400000, "calculatedOtherIncome": -727400000, "calculatedIncomeNonControlling": 0, "calculatedEbitda": 616400000}, {"date": "1992-12-31", "symbol": "FITBO", "reportedCurrency": "USD", "cik": "0000035527", "fillingDate": "1992-12-31", "acceptedDate": "1992-12-31 00:00:00", "calendarYear": "1992", "period": "FY", "revenue": 594300000, "costOfRevenue": 0, "grossProfit": 594300000, "grossProfitRatio": 1, "researchAndDevelopmentExpenses": 0, "generalAndAdministrativeExpenses": 137500000, "sellingAndMarketingExpenses": 0, "sellingGeneralAndAdministrativeExpenses": 137500000, "otherExpenses": -191800000, "operatingExpenses": -54300000, "costAndExpenses": -54300000, "interestIncome": 694500000, "interestExpense": 300300000, "depreciationAndAmortization": 33100000, "ebitda": 573100000, "ebitdaratio": 0.9643277806, "operatingIncome": 540000000, "operatingIncomeRatio": 0.908632004, "totalOtherIncomeExpensesNet": -300300000, "incomeBeforeTax": 239700000, "incomeBeforeTaxRatio": 0.4033316507, "incomeTaxExpense": 75600000, "netIncome": 164100000, "netIncomeRatio": 0.2761231701, "eps": 0.11, "epsdiluted": 0.11, "weightedAverageShsOut": 302293853, "weightedAverageShsOutDil": 302293853, "link": null, "finalLink": null, "calculatedOtherExpenses": -83200000, "calculatedOperatingExpenses": 54300000, "calculatedNetInterest": 394200000, "calculatedOtherIncome": -694500000, "calculatedIncomeNonControlling": 0, "calculatedEbitda": 573100000}, {"date": "1991-12-31", "symbol": "FITBO", "reportedCurrency": "USD", "cik": "0000035527", "fillingDate": "1991-12-31", "acceptedDate": "1991-12-31 00:00:00", "calendarYear": "1991", "period": "FY", "revenue": 504100000, "costOfRevenue": 0, "grossProfit": 504100000, "grossProfitRatio": 1, "researchAndDevelopmentExpenses": 0, "generalAndAdministrativeExpenses": 121400000, "sellingAndMarketingExpenses": 0, "sellingGeneralAndAdministrativeExpenses": 121400000, "otherExpenses": -45600000, "operatingExpenses": 75800000, "costAndExpenses": 75800000, "interestIncome": 713500000, "interestExpense": 381300000, "depreciationAndAmortization": 15100000, "ebitda": 595000000, "ebitdaratio": 1.1803213648, "operatingIncome": 579900000, "operatingIncomeRatio": 1.1503669907, "totalOtherIncomeExpensesNet": -381300000, "incomeBeforeTax": 198600000, "incomeBeforeTaxRatio": 0.3939694505, "incomeTaxExpense": 60400000, "netIncome": 138200000, "netIncomeRatio": 0.274151954, "eps": 0.0606, "epsdiluted": 0.0606, "weightedAverageShsOut": 299841079, "weightedAverageShsOutDil": 299841079, "link": null, "finalLink": null, "calculatedOtherExpenses": -197200000, "calculatedOperatingExpenses": -75800000, "calculatedNetInterest": 332200000, "calculatedOtherIncome": -713500000, "calculatedIncomeNonControlling": 0, "calculatedEbitda": 595000000}, {"date": "1990-12-31", "symbol": "FITBO", "reportedCurrency": "USD", "cik": "0000035527", "fillingDate": "1990-12-31", "acceptedDate": "1990-12-31 00:00:00", "calendarYear": "1990", "period": "FY", "revenue": 431400000, "costOfRevenue": 0, "grossProfit": 431400000, "grossProfitRatio": 1, "researchAndDevelopmentExpenses": 0, "generalAndAdministrativeExpenses": 112700000, "sellingAndMarketingExpenses": 0, "sellingGeneralAndAdministrativeExpenses": 112700000, "otherExpenses": 27200000, "operatingExpenses": 139900000, "costAndExpenses": 139900000, "interestIncome": 696600000, "interestExpense": 403000000, "depreciationAndAmortization": 9900000, "ebitda": 581200000, "ebitdaratio": 1.3472415392, "operatingIncome": 571300000, "operatingIncomeRatio": 1.3242929995, "totalOtherIncomeExpensesNet": -403000000, "incomeBeforeTax": 168300000, "incomeBeforeTaxRatio": 0.3901251739, "incomeTaxExpense": 47900000, "netIncome": 120400000, "netIncomeRatio": 0.2790913306, "eps": 0.054, "epsdiluted": 0.054, "weightedAverageShsOut": 298349325, "weightedAverageShsOutDil": 298349325, "link": null, "finalLink": null, "calculatedOtherExpenses": -252600000, "calculatedOperatingExpenses": -139900000, "calculatedNetInterest": 293600000, "calculatedOtherIncome": -696600000, "calculatedIncomeNonControlling": 0, "calculatedEbitda": 581200000}, {"date": "1989-12-31", "symbol": "FITBO", "reportedCurrency": "USD", "cik": "0000035527", "fillingDate": "1989-12-31", "acceptedDate": "1989-12-31 00:00:00", "calendarYear": "1989", "period": "FY", "revenue": 393600000, "costOfRevenue": 0, "grossProfit": 393600000, "grossProfitRatio": 1, "researchAndDevelopmentExpenses": 0, "generalAndAdministrativeExpenses": 104900000, "sellingAndMarketingExpenses": 0, "sellingGeneralAndAdministrativeExpenses": 104900000, "otherExpenses": 25700000, "operatingExpenses": 130600000, "costAndExpenses": 130600000, "interestIncome": 649800000, "interestExpense": 374700000, "depreciationAndAmortization": 11100000, "ebitda": 535300000, "ebitdaratio": 1.3600101626, "operatingIncome": 524200000, "operatingIncomeRatio": 1.3318089431, "totalOtherIncomeExpensesNet": -374700000, "incomeBeforeTax": 149500000, "incomeBeforeTaxRatio": 0.3798272358, "incomeTaxExpense": 41200000, "netIncome": 108300000, "netIncomeRatio": 0.275152439, "eps": 0.0325, "epsdiluted": 0.0325, "weightedAverageShsOut": 296491754, "weightedAverageShsOutDil": 296491754, "link": null, "finalLink": null, "calculatedOtherExpenses": -235500000, "calculatedOperatingExpenses": -130600000, "calculatedNetInterest": 275100000, "calculatedOtherIncome": -649800000, "calculatedIncomeNonControlling": 0, "calculatedEbitda": 535300000}, {"date": "1988-12-31", "symbol": "FITBO", "reportedCurrency": "USD", "cik": "0000035527", "fillingDate": "1988-12-31", "acceptedDate": "1988-12-31 00:00:00", "calendarYear": "1988", "period": "FY", "revenue": 0, "costOfRevenue": 0, "grossProfit": 0, "grossProfitRatio": 0, "researchAndDevelopmentExpenses": 0, "generalAndAdministrativeExpenses": 0, "sellingAndMarketingExpenses": 0, "sellingGeneralAndAdministrativeExpenses": 0, "otherExpenses": 84200000, "operatingExpenses": 84200000, "costAndExpenses": 84200000, "interestIncome": 0, "interestExpense": 84200000, "depreciationAndAmortization": 0, "ebitda": 84200000, "ebitdaratio": 0, "operatingIncome": 84200000, "operatingIncomeRatio": 0, "totalOtherIncomeExpensesNet": 0, "incomeBeforeTax": 0, "incomeBeforeTaxRatio": 0, "incomeTaxExpense": -84200000, "netIncome": 84200000, "netIncomeRatio": 0, "eps": 0.34, "epsdiluted": 0.34, "weightedAverageShsOut": 247521739, "weightedAverageShsOutDil": 247521739, "link": null, "finalLink": null, "calculatedOtherExpenses": -84200000, "calculatedOperatingExpenses": -84200000, "calculatedNetInterest": -84200000, "calculatedOtherIncome": 0, "calculatedIncomeNonControlling": 0, "calculatedEbitda": 84200000}, {"date": "1987-12-31", "symbol": "FITBO", "reportedCurrency": "USD", "cik": "0000035527", "fillingDate": "1987-12-31", "acceptedDate": "1987-12-31 00:00:00", "calendarYear": "1987", "period": "FY", "revenue": 0, "costOfRevenue": 0, "grossProfit": 0, "grossProfitRatio": 0, "researchAndDevelopmentExpenses": 0, "generalAndAdministrativeExpenses": 0, "sellingAndMarketingExpenses": 0, "sellingGeneralAndAdministrativeExpenses": 0, "otherExpenses": 60100000, "operatingExpenses": 60100000, "costAndExpenses": 60100000, "interestIncome": 0, "interestExpense": 60100000, "depreciationAndAmortization": 0, "ebitda": 60100000, "ebitdaratio": 0, "operatingIncome": 60100000, "operatingIncomeRatio": 0, "totalOtherIncomeExpensesNet": 0, "incomeBeforeTax": 0, "incomeBeforeTaxRatio": 0, "incomeTaxExpense": -60100000, "netIncome": 60100000, "netIncomeRatio": 0, "eps": 0.27, "epsdiluted": 0.27, "weightedAverageShsOut": 224145427, "weightedAverageShsOutDil": 224145427, "link": null, "finalLink": null, "calculatedOtherExpenses": -60100000, "calculatedOperatingExpenses": -60100000, "calculatedNetInterest": -60100000, "calculatedOtherIncome": 0, "calculatedIncomeNonControlling": 0, "calculatedEbitda": 60100000}, {"date": "1986-12-31", "symbol": "FITBO", "reportedCurrency": "USD", "cik": "0000035527", "fillingDate": "1986-12-31", "acceptedDate": "1986-12-31 00:00:00", "calendarYear": "1986", "period": "FY", "revenue": 0, "costOfRevenue": 0, "grossProfit": 0, "grossProfitRatio": 0, "researchAndDevelopmentExpenses": 0, "generalAndAdministrativeExpenses": 0, "sellingAndMarketingExpenses": 0, "sellingGeneralAndAdministrativeExpenses": 0, "otherExpenses": 55100000, "operatingExpenses": 55100000, "costAndExpenses": 55100000, "interestIncome": 0, "interestExpense": 55100000, "depreciationAndAmortization": 0, "ebitda": 55100000, "ebitdaratio": 0, "operatingIncome": 55100000, "operatingIncomeRatio": 0, "totalOtherIncomeExpensesNet": 0, "incomeBeforeTax": 0, "incomeBeforeTaxRatio": 0, "incomeTaxExpense": -55100000, "netIncome": 55100000, "netIncomeRatio": 0, "eps": 0.25, "epsdiluted": 0.25, "weightedAverageShsOut": 218835082, "weightedAverageShsOutDil": 218835082, "link": null, "finalLink": null, "calculatedOtherExpenses": -55100000, "calculatedOperatingExpenses": -55100000, "calculatedNetInterest": -55100000, "calculatedOtherIncome": 0, "calculatedIncomeNonControlling": 0, "calculatedEbitda": 55100000}, {"date": "1985-12-31", "symbol": "FITBO", "reportedCurrency": "USD", "cik": "0000035527", "fillingDate": "1985-12-31", "acceptedDate": "1985-12-31 00:00:00", "calendarYear": "1985", "period": "FY", "revenue": 0, "costOfRevenue": 0, "grossProfit": 0, "grossProfitRatio": 0, "researchAndDevelopmentExpenses": 0, "generalAndAdministrativeExpenses": 0, "sellingAndMarketingExpenses": 0, "sellingGeneralAndAdministrativeExpenses": 0, "otherExpenses": 44200000, "operatingExpenses": 44200000, "costAndExpenses": 44200000, "interestIncome": 0, "interestExpense": 44200000, "depreciationAndAmortization": 0, "ebitda": 44200000, "ebitdaratio": 0, "operatingIncome": 44200000, "operatingIncomeRatio": 0, "totalOtherIncomeExpensesNet": 0, "incomeBeforeTax": 0, "incomeBeforeTaxRatio": 0, "incomeTaxExpense": -44200000, "netIncome": 44200000, "netIncomeRatio": 0, "eps": 0.23, "epsdiluted": 0.23, "weightedAverageShsOut": 196086957, "weightedAverageShsOutDil": 196086957, "link": null, "finalLink": null, "calculatedOtherExpenses": -44200000, "calculatedOperatingExpenses": -44200000, "calculatedNetInterest": -44200000, "calculatedOtherIncome": 0, "calculatedIncomeNonControlling": 0, "calculatedEbitda": 44200000}]}