{"originalCurrency": "USD", "convertedCurrency": "USD", "report": [{"date": "2024-02-03", "symbol": "FIVE", "reportedCurrency": "USD", "cik": "0001177609", "fillingDate": "2024-03-21", "acceptedDate": "2024-03-21 14:39:30", "calendarYear": "2023", "period": "FY", "revenue": 3559369000, "costOfRevenue": 2416291000, "grossProfit": 1143078000, "grossProfitRatio": 0.3211462481, "researchAndDevelopmentExpenses": 0, "generalAndAdministrativeExpenses": 695007000, "sellingAndMarketingExpenses": 62500000, "sellingGeneralAndAdministrativeExpenses": 757507000, "otherExpenses": 0, "operatingExpenses": 757507000, "costAndExpenses": 3173798000, "interestIncome": 15530000, "interestExpense": 0, "depreciationAndAmortization": 130747000, "ebitda": 516318000, "ebitdaratio": 0.1450588573, "operatingIncome": 385571000, "operatingIncomeRatio": 0.1083256611, "totalOtherIncomeExpensesNet": 15530000, "incomeBeforeTax": 401101000, "incomeBeforeTaxRatio": 0.112688794, "incomeTaxExpense": 99995000, "netIncome": 301106000, "netIncomeRatio": 0.0845953314, "eps": 5.43, "epsdiluted": 5.41, "weightedAverageShsOut": 55487252, "weightedAverageShsOutDil": 55621619, "link": "https://www.sec.gov/Archives/edgar/data/1177609/000117760924000008/0001177609-24-000008-index.htm", "finalLink": "https://www.sec.gov/Archives/edgar/data/1177609/000117760924000008/five-20240203.htm", "calculatedOtherExpenses": 0, "calculatedOperatingExpenses": 757507000, "calculatedNetInterest": 15530000, "calculatedOtherIncome": 0, "calculatedIncomeNonControlling": 0, "calculatedEbitda": 516318000}, {"date": "2023-01-28", "symbol": "FIVE", "reportedCurrency": "USD", "cik": "0001177609", "fillingDate": "2023-03-16", "acceptedDate": "2023-03-16 17:24:42", "calendarYear": "2022", "period": "FY", "revenue": 3076308000, "costOfRevenue": 1980817000, "grossProfit": 1095491000, "grossProfitRatio": 0.3561057605, "researchAndDevelopmentExpenses": 0, "generalAndAdministrativeExpenses": 696348000, "sellingAndMarketingExpenses": 54100000, "sellingGeneralAndAdministrativeExpenses": 750448000, "otherExpenses": 0, "operatingExpenses": 750448000, "costAndExpenses": 2731265000, "interestIncome": 2491000, "interestExpense": 2491000, "depreciationAndAmortization": 105617000, "ebitda": 450660000, "ebitdaratio": 0.1464937841, "operatingIncome": 345043000, "operatingIncomeRatio": 0.1121613961, "totalOtherIncomeExpensesNet": 2491000, "incomeBeforeTax": 347534000, "incomeBeforeTaxRatio": 0.1129711329, "incomeTaxExpense": 86006000, "netIncome": 261528000, "netIncomeRatio": 0.0850135942, "eps": 4.71, "epsdiluted": 4.69, "weightedAverageShsOut": 55547267, "weightedAverageShsOutDil": 55745279, "link": "https://www.sec.gov/Archives/edgar/data/1177609/000117760923000009/0001177609-23-000009-index.htm", "finalLink": "https://www.sec.gov/Archives/edgar/data/1177609/000117760923000009/five-20230128.htm", "calculatedOtherExpenses": 0, "calculatedOperatingExpenses": 750448000, "calculatedNetInterest": 0, "calculatedOtherIncome": 2491000, "calculatedIncomeNonControlling": 0, "calculatedEbitda": 450660000}, {"date": "2022-01-29", "symbol": "FIVE", "reportedCurrency": "USD", "cik": "0001177609", "fillingDate": "2022-03-30", "acceptedDate": "2022-03-30 14:20:03", "calendarYear": "2021", "period": "FY", "revenue": 2848354000, "costOfRevenue": 1817910000, "grossProfit": 1030444000, "grossProfitRatio": 0.3617682353, "researchAndDevelopmentExpenses": 0, "generalAndAdministrativeExpenses": 619264000, "sellingAndMarketingExpenses": 31300000, "sellingGeneralAndAdministrativeExpenses": 650564000, "otherExpenses": 0, "operatingExpenses": 650564000, "costAndExpenses": 2468474000, "interestIncome": 3477000, "interestExpense": 13177000, "depreciationAndAmortization": 84831000, "ebitda": 464711000, "ebitdaratio": 0.1631507179, "operatingIncome": 379880000, "operatingIncomeRatio": 0.1333682541, "totalOtherIncomeExpensesNet": -13177000, "incomeBeforeTax": 366703000, "incomeBeforeTaxRatio": 0.1287420735, "incomeTaxExpense": 87893000, "netIncome": 278810000, "netIncomeRatio": 0.0978846028, "eps": 4.98, "epsdiluted": 4.95, "weightedAverageShsOut": 55999713, "weightedAverageShsOutDil": 56303854, "link": "https://www.sec.gov/Archives/edgar/data/1177609/000117760922000010/0001177609-22-000010-index.htm", "finalLink": "https://www.sec.gov/Archives/edgar/data/1177609/000117760922000010/five-20220129.htm", "calculatedOtherExpenses": 0, "calculatedOperatingExpenses": 650564000, "calculatedNetInterest": -9700000, "calculatedOtherIncome": -3477000, "calculatedIncomeNonControlling": 0, "calculatedEbitda": 464711000}, {"date": "2021-01-30", "symbol": "FIVE", "reportedCurrency": "USD", "cik": "0001177609", "fillingDate": "2021-03-18", "acceptedDate": "2021-03-18 17:19:14", "calendarYear": "2020", "period": "FY", "revenue": 1962137000, "costOfRevenue": 1309807000, "grossProfit": 652330000, "grossProfitRatio": 0.3324589465, "researchAndDevelopmentExpenses": 0, "generalAndAdministrativeExpenses": 465927000, "sellingAndMarketingExpenses": 31600000, "sellingGeneralAndAdministrativeExpenses": 497527000, "otherExpenses": 0, "operatingExpenses": 497527000, "costAndExpenses": 1807334000, "interestIncome": 1736000, "interestExpense": 1736000, "depreciationAndAmortization": 69345000, "ebitda": 224148000, "ebitdaratio": 0.1142366715, "operatingIncome": 154803000, "operatingIncomeRatio": 0.0788951026, "totalOtherIncomeExpensesNet": -1736000, "incomeBeforeTax": 153067000, "incomeBeforeTaxRatio": 0.078010353, "incomeTaxExpense": 29706000, "netIncome": 123361000, "netIncomeRatio": 0.0628707374, "eps": 2.21, "epsdiluted": 2.2, "weightedAverageShsOut": 55816508, "weightedAverageShsOutDil": 56060039, "link": "https://www.sec.gov/Archives/edgar/data/1177609/000117760921000011/0001177609-21-000011-index.htm", "finalLink": "https://www.sec.gov/Archives/edgar/data/1177609/000117760921000011/five-20210130.htm", "calculatedOtherExpenses": 0, "calculatedOperatingExpenses": 497527000, "calculatedNetInterest": 0, "calculatedOtherIncome": -1736000, "calculatedIncomeNonControlling": 0, "calculatedEbitda": 224148000}, {"date": "2020-02-01", "symbol": "FIVE", "reportedCurrency": "USD", "cik": "0001177609", "fillingDate": "2020-03-19", "acceptedDate": "2020-03-19 14:29:43", "calendarYear": "2019", "period": "FY", "revenue": 1846730000, "costOfRevenue": 1172764000, "grossProfit": 673966000, "grossProfitRatio": 0.3649510215, "researchAndDevelopmentExpenses": 0, "generalAndAdministrativeExpenses": 408582000, "sellingAndMarketingExpenses": 48100000, "sellingGeneralAndAdministrativeExpenses": 456682000, "otherExpenses": 0, "operatingExpenses": 456682000, "costAndExpenses": 1629446000, "interestIncome": 4285000, "interestExpense": 0, "depreciationAndAmortization": 54979000, "ebitda": 272263000, "ebitdaratio": 0.1474297813, "operatingIncome": 217284000, "operatingIncomeRatio": 0.1176587807, "totalOtherIncomeExpensesNet": 4285000, "incomeBeforeTax": 221569000, "incomeBeforeTaxRatio": 0.1199790982, "incomeTaxExpense": 46513000, "netIncome": 175056000, "netIncomeRatio": 0.0947924169, "eps": 3.14, "epsdiluted": 3.12, "weightedAverageShsOut": 55823535, "weightedAverageShsOutDil": 56166167, "link": "https://www.sec.gov/Archives/edgar/data/1177609/000117760920000009/0001177609-20-000009-index.htm", "finalLink": "https://www.sec.gov/Archives/edgar/data/1177609/000117760920000009/form10k2019fivebelowfo.htm", "calculatedOtherExpenses": 0, "calculatedOperatingExpenses": 456682000, "calculatedNetInterest": 4285000, "calculatedOtherIncome": 0, "calculatedIncomeNonControlling": 0, "calculatedEbitda": 272263000}, {"date": "2019-02-02", "symbol": "FIVE", "reportedCurrency": "USD", "cik": "0001177609", "fillingDate": "2019-03-28", "acceptedDate": "2019-03-28 15:54:20", "calendarYear": "2018", "period": "FY", "revenue": 1559563000, "costOfRevenue": 994478000, "grossProfit": 565085000, "grossProfitRatio": 0.3623354747, "researchAndDevelopmentExpenses": 0, "generalAndAdministrativeExpenses": 0, "sellingAndMarketingExpenses": 0, "sellingGeneralAndAdministrativeExpenses": 377901000, "otherExpenses": 0, "operatingExpenses": 377901000, "costAndExpenses": 1372379000, "interestIncome": 0, "interestExpense": 4623000, "depreciationAndAmortization": 41451000, "ebitda": 228635000, "ebitdaratio": 0.1466019648, "operatingIncome": 187184000, "operatingIncomeRatio": 0.1200233655, "totalOtherIncomeExpensesNet": 4623000, "incomeBeforeTax": 191807000, "incomeBeforeTaxRatio": 0.1229876574, "incomeTaxExpense": 42162000, "netIncome": 149645000, "netIncomeRatio": 0.0959531612, "eps": 2.68, "epsdiluted": 2.66, "weightedAverageShsOut": 55763034, "weightedAverageShsOutDil": 56220864, "link": "https://www.sec.gov/Archives/edgar/data/1177609/000117760919000010/0001177609-19-000010-index.htm", "finalLink": "https://www.sec.gov/Archives/edgar/data/1177609/000117760919000010/form10k2018_fivebelowform1.htm", "calculatedOtherExpenses": 0, "calculatedOperatingExpenses": 377901000, "calculatedNetInterest": -4623000, "calculatedOtherIncome": 9246000, "calculatedIncomeNonControlling": 0, "calculatedEbitda": 228635000}, {"date": "2018-02-03", "symbol": "FIVE", "reportedCurrency": "USD", "cik": "0001177609", "fillingDate": "2018-03-22", "acceptedDate": "2018-03-22 17:23:26", "calendarYear": "2017", "period": "FY", "revenue": 1278208000, "costOfRevenue": 814795000, "grossProfit": 463413000, "grossProfitRatio": 0.3625489748, "researchAndDevelopmentExpenses": 0, "generalAndAdministrativeExpenses": 0, "sellingAndMarketingExpenses": 0, "sellingGeneralAndAdministrativeExpenses": 306022000, "otherExpenses": 0, "operatingExpenses": 306022000, "costAndExpenses": 1120817000, "interestIncome": 0, "interestExpense": 1458000, "depreciationAndAmortization": 33241000, "ebitda": 190632000, "ebitdaratio": 0.1491400461, "operatingIncome": 157391000, "operatingIncomeRatio": 0.1231341065, "totalOtherIncomeExpensesNet": 1458000, "incomeBeforeTax": 158849000, "incomeBeforeTaxRatio": 0.1242747659, "incomeTaxExpense": 56398000, "netIncome": 102451000, "netIncomeRatio": 0.0801520566, "eps": 1.86, "epsdiluted": 1.84, "weightedAverageShsOut": 55208246, "weightedAverageShsOutDil": 55561472, "link": "https://www.sec.gov/Archives/edgar/data/1177609/000117760918000008/0001177609-18-000008-index.htm", "finalLink": "https://www.sec.gov/Archives/edgar/data/1177609/000117760918000008/form10k2017_fivebelowform1.htm", "calculatedOtherExpenses": 0, "calculatedOperatingExpenses": 306022000, "calculatedNetInterest": -1458000, "calculatedOtherIncome": 2916000, "calculatedIncomeNonControlling": 0, "calculatedEbitda": 190632000}, {"date": "2017-01-28", "symbol": "FIVE", "reportedCurrency": "USD", "cik": "0001177609", "fillingDate": "2017-03-23", "acceptedDate": "2017-03-23 17:04:40", "calendarYear": "2016", "period": "FY", "revenue": 1000410000, "costOfRevenue": 643373000, "grossProfit": 357037000, "grossProfitRatio": 0.3568906748, "researchAndDevelopmentExpenses": 0, "generalAndAdministrativeExpenses": 0, "sellingAndMarketingExpenses": 0, "sellingGeneralAndAdministrativeExpenses": 243075000, "otherExpenses": 0, "operatingExpenses": 243075000, "costAndExpenses": 886448000, "interestIncome": 0, "interestExpense": 299000, "depreciationAndAmortization": 26631000, "ebitda": 140593000, "ebitdaratio": 0.1405353805, "operatingIncome": 113962000, "operatingIncomeRatio": 0.1139152947, "totalOtherIncomeExpensesNet": 299000, "incomeBeforeTax": 114261000, "incomeBeforeTaxRatio": 0.1142141722, "incomeTaxExpense": 42421000, "netIncome": 71840000, "netIncomeRatio": 0.0718105577, "eps": 1.31, "epsdiluted": 1.3, "weightedAverageShsOut": 54845708, "weightedAverageShsOutDil": 55128870, "link": "https://www.sec.gov/Archives/edgar/data/1177609/000162828017002866/0001628280-17-002866-index.htm", "finalLink": "https://www.sec.gov/Archives/edgar/data/1177609/000162828017002866/form10k2016_fivebelowform1.htm", "calculatedOtherExpenses": 0, "calculatedOperatingExpenses": 243075000, "calculatedNetInterest": -299000, "calculatedOtherIncome": 598000, "calculatedIncomeNonControlling": 0, "calculatedEbitda": 140593000}, {"date": "2016-01-30", "symbol": "FIVE", "reportedCurrency": "USD", "cik": "0001177609", "fillingDate": "2016-03-24", "acceptedDate": "2016-03-23 19:25:44", "calendarYear": "2015", "period": "FY", "revenue": 831954000, "costOfRevenue": 540020000, "grossProfit": 291934000, "grossProfitRatio": 0.3509016123, "researchAndDevelopmentExpenses": 0, "generalAndAdministrativeExpenses": 0, "sellingAndMarketingExpenses": 0, "sellingGeneralAndAdministrativeExpenses": 198993000, "otherExpenses": -325000, "operatingExpenses": 198993000, "costAndExpenses": 739013000, "interestIncome": 0, "interestExpense": 40000, "depreciationAndAmortization": 22227000, "ebitda": 115168000, "ebitdaratio": 0.1384307305, "operatingIncome": 92941000, "operatingIncomeRatio": 0.1117141092, "totalOtherIncomeExpensesNet": -325000, "incomeBeforeTax": 92656000, "incomeBeforeTaxRatio": 0.1113715422, "incomeTaxExpense": 34976000, "netIncome": 57680000, "netIncomeRatio": 0.0693307563, "eps": 1.06, "epsdiluted": 1.05, "weightedAverageShsOut": 54513622, "weightedAverageShsOutDil": 54793301, "link": "https://www.sec.gov/Archives/edgar/data/1177609/000162828016012961/0001628280-16-012961-index.htm", "finalLink": "https://www.sec.gov/Archives/edgar/data/1177609/000162828016012961/form10k2015_fivebelowform1.htm", "calculatedOtherExpenses": 0, "calculatedOperatingExpenses": 198993000, "calculatedNetInterest": -40000, "calculatedOtherIncome": -245000, "calculatedIncomeNonControlling": 0, "calculatedEbitda": 115168000}, {"date": "2015-01-31", "symbol": "FIVE", "reportedCurrency": "USD", "cik": "0001177609", "fillingDate": "2015-03-26", "acceptedDate": "2015-03-26 17:29:01", "calendarYear": "2014", "period": "FY", "revenue": 680218000, "costOfRevenue": 442427000, "grossProfit": 237791000, "grossProfitRatio": 0.3495805756, "researchAndDevelopmentExpenses": 0, "generalAndAdministrativeExpenses": 0, "sellingAndMarketingExpenses": 0, "sellingGeneralAndAdministrativeExpenses": 160775000, "otherExpenses": 12000, "operatingExpenses": 160775000, "costAndExpenses": 603202000, "interestIncome": 0, "interestExpense": -125000, "depreciationAndAmortization": 17202000, "ebitda": 94462000, "ebitdaratio": 0.1388701857, "operatingIncome": 77016000, "operatingIncomeRatio": 0.1132225257, "totalOtherIncomeExpensesNet": -232000, "incomeBeforeTax": 76659000, "incomeBeforeTaxRatio": 0.112697694, "incomeTaxExpense": 28635000, "netIncome": 48024000, "netIncomeRatio": 0.0706008956, "eps": 0.89, "epsdiluted": 0.88, "weightedAverageShsOut": 54219801, "weightedAverageShsOutDil": 54573855, "link": "https://www.sec.gov/Archives/edgar/data/1177609/000162828015002001/0001628280-15-002001-index.htm", "finalLink": "https://www.sec.gov/Archives/edgar/data/1177609/000162828015002001/form10k2014_fivebelowform1.htm", "calculatedOtherExpenses": 0, "calculatedOperatingExpenses": 160775000, "calculatedNetInterest": 125000, "calculatedOtherIncome": -482000, "calculatedIncomeNonControlling": 0, "calculatedEbitda": 94218000}, {"date": "2014-02-01", "symbol": "FIVE", "reportedCurrency": "USD", "cik": "0001177609", "fillingDate": "2014-03-26", "acceptedDate": "2014-03-26 17:31:10", "calendarYear": "2013", "period": "FY", "revenue": 535402000, "costOfRevenue": 347386000, "grossProfit": 188016000, "grossProfitRatio": 0.3511679075, "researchAndDevelopmentExpenses": 0, "generalAndAdministrativeExpenses": 0, "sellingAndMarketingExpenses": 0, "sellingGeneralAndAdministrativeExpenses": 134279000, "otherExpenses": 0, "operatingExpenses": 134279000, "costAndExpenses": 481665000, "interestIncome": 0, "interestExpense": -1513000, "depreciationAndAmortization": 13469000, "ebitda": 67472000, "ebitdaratio": 0.1260211953, "operatingIncome": 53737000, "operatingIncomeRatio": 0.1003675743, "totalOtherIncomeExpensesNet": -266000, "incomeBeforeTax": 51958000, "incomeBeforeTaxRatio": 0.0970448373, "incomeTaxExpense": 19816000, "netIncome": 32142000, "netIncomeRatio": 0.0600333955, "eps": 0.59, "epsdiluted": 0.59, "weightedAverageShsOut": 53294805, "weightedAverageShsOutDil": 53741860, "link": "https://www.sec.gov/Archives/edgar/data/1177609/000117760914000011/0001177609-14-000011-index.htm", "finalLink": "https://www.sec.gov/Archives/edgar/data/1177609/000117760914000011/a2013fivebelowform10k.htm", "calculatedOtherExpenses": 0, "calculatedOperatingExpenses": 134279000, "calculatedNetInterest": 1513000, "calculatedOtherIncome": -3292000, "calculatedIncomeNonControlling": 0, "calculatedEbitda": 67206000}, {"date": "2013-02-02", "symbol": "FIVE", "reportedCurrency": "USD", "cik": "0001177609", "fillingDate": "2013-03-29", "acceptedDate": "2013-03-28 19:55:59", "calendarYear": "2012", "period": "FY", "revenue": 418825000, "costOfRevenue": 268989000, "grossProfit": 149836000, "grossProfitRatio": 0.3577532382, "researchAndDevelopmentExpenses": 0, "generalAndAdministrativeExpenses": 0, "sellingAndMarketingExpenses": 0, "sellingGeneralAndAdministrativeExpenses": 112182000, "otherExpenses": 408000, "operatingExpenses": 112182000, "costAndExpenses": 381171000, "interestIncome": 0, "interestExpense": -2374000, "depreciationAndAmortization": 9599000, "ebitda": 48847000, "ebitdaratio": 0.1166286635, "operatingIncome": 37654000, "operatingIncomeRatio": 0.0899038978, "totalOtherIncomeExpensesNet": -1186000, "incomeBeforeTax": 34094000, "incomeBeforeTaxRatio": 0.0814039277, "incomeTaxExpense": 14069000, "netIncome": 20025000, "netIncomeRatio": 0.0478123321, "eps": -1.28, "epsdiluted": -1.28, "weightedAverageShsOut": 35444200, "weightedAverageShsOutDil": 35444200, "link": "https://www.sec.gov/Archives/edgar/data/1177609/000144530513000741/0001445305-13-000741-index.htm", "finalLink": "https://www.sec.gov/Archives/edgar/data/1177609/000144530513000741/five02-02x201310k.htm", "calculatedOtherExpenses": 0, "calculatedOperatingExpenses": 112182000, "calculatedNetInterest": 2374000, "calculatedOtherIncome": -5934000, "calculatedIncomeNonControlling": 0, "calculatedEbitda": 47253000}, {"date": "2012-01-31", "symbol": "FIVE", "reportedCurrency": "USD", "cik": "0001177609", "fillingDate": "2012-01-31", "acceptedDate": "2012-01-30 19:00:00", "calendarYear": "2011", "period": "FY", "revenue": 297113000, "costOfRevenue": 192252000, "grossProfit": 104861000, "grossProfitRatio": 0.3529330591, "researchAndDevelopmentExpenses": 0, "generalAndAdministrativeExpenses": 0, "sellingAndMarketingExpenses": 0, "sellingGeneralAndAdministrativeExpenses": 78640000, "otherExpenses": 0, "operatingExpenses": 78640000, "costAndExpenses": 270892000, "interestIncome": 0, "interestExpense": 16000, "depreciationAndAmortization": 7071000, "ebitda": 33292000, "ebitdaratio": 0.1120516437, "operatingIncome": 26221000, "operatingIncomeRatio": 0.0882526177, "totalOtherIncomeExpensesNet": 16000, "incomeBeforeTax": 26237000, "incomeBeforeTaxRatio": 0.0883064693, "incomeTaxExpense": 10159000, "netIncome": 16078000, "netIncomeRatio": 0.0541140913, "eps": 0.0011, "epsdiluted": 0.0011, "weightedAverageShsOut": 50256845, "weightedAverageShsOutDil": 50256845, "link": "", "finalLink": "", "calculatedOtherExpenses": 0, "calculatedOperatingExpenses": 78640000, "calculatedNetInterest": -16000, "calculatedOtherIncome": 32000, "calculatedIncomeNonControlling": 0, "calculatedEbitda": 33292000}, {"date": "2011-01-31", "symbol": "FIVE", "reportedCurrency": "USD", "cik": "0001177609", "fillingDate": "2011-01-31", "acceptedDate": "2011-01-30 19:00:00", "calendarYear": "2010", "period": "FY", "revenue": 197189000, "costOfRevenue": 131046000, "grossProfit": 66143000, "grossProfitRatio": 0.3354294611, "researchAndDevelopmentExpenses": 0, "generalAndAdministrativeExpenses": 0, "sellingAndMarketingExpenses": 0, "sellingGeneralAndAdministrativeExpenses": 54339000, "otherExpenses": 0, "operatingExpenses": 54339000, "costAndExpenses": 185385000, "interestIncome": 0, "interestExpense": -28000, "depreciationAndAmortization": 4805000, "ebitda": 16609000, "ebitdaratio": 0.0842288363, "operatingIncome": 11804000, "operatingIncomeRatio": 0.0598613513, "totalOtherIncomeExpensesNet": -28000, "incomeBeforeTax": 11776000, "incomeBeforeTaxRatio": 0.0597193555, "incomeTaxExpense": 4753000, "netIncome": 7023000, "netIncomeRatio": 0.0356155769, "eps": -0.0162, "epsdiluted": -0.0162, "weightedAverageShsOut": 50256845, "weightedAverageShsOutDil": 50256845, "link": "", "finalLink": "", "calculatedOtherExpenses": 0, "calculatedOperatingExpenses": 54339000, "calculatedNetInterest": 28000, "calculatedOtherIncome": -56000, "calculatedIncomeNonControlling": 0, "calculatedEbitda": 16609000}, {"date": "2010-01-31", "symbol": "FIVE", "reportedCurrency": "USD", "cik": "0001177609", "fillingDate": "2010-01-31", "acceptedDate": "2010-01-30 19:00:00", "calendarYear": "2009", "period": "FY", "revenue": 125135000, "costOfRevenue": 85040000, "grossProfit": 40095000, "grossProfitRatio": 0.3204139529, "researchAndDevelopmentExpenses": 0, "generalAndAdministrativeExpenses": 0, "sellingAndMarketingExpenses": 0, "sellingGeneralAndAdministrativeExpenses": 33217000, "otherExpenses": 0, "operatingExpenses": 33217000, "costAndExpenses": 118257000, "interestIncome": 0, "interestExpense": -73000, "depreciationAndAmortization": 3660000, "ebitda": 10538000, "ebitdaratio": 0.0842130499, "operatingIncome": 6878000, "operatingIncomeRatio": 0.0549646382, "totalOtherIncomeExpensesNet": -73000, "incomeBeforeTax": 6805000, "incomeBeforeTaxRatio": 0.0543812682, "incomeTaxExpense": -4853000, "netIncome": 11658000, "netIncomeRatio": 0.0931633835, "eps": 0.0804, "epsdiluted": 0.0804, "weightedAverageShsOut": 50256845, "weightedAverageShsOutDil": 50256845, "link": "", "finalLink": "", "calculatedOtherExpenses": 0, "calculatedOperatingExpenses": 33217000, "calculatedNetInterest": 73000, "calculatedOtherIncome": -146000, "calculatedIncomeNonControlling": 0, "calculatedEbitda": 10538000}]}