{"originalCurrency": "USD", "convertedCurrency": "USD", "report": [{"date": "2023-12-31", "symbol": "FIVN", "reportedCurrency": "USD", "cik": "0001288847", "fillingDate": "2024-02-22", "acceptedDate": "2024-02-21 21:55:08", "calendarYear": "2023", "period": "FY", "revenue": 910488000, "costOfRevenue": 442546000, "grossProfit": 467942000, "grossProfitRatio": 0.5139463672, "researchAndDevelopmentExpenses": 151299000, "generalAndAdministrativeExpenses": 123079000, "sellingAndMarketingExpenses": 296713000, "sellingGeneralAndAdministrativeExpenses": 406139000, "otherExpenses": 0, "operatingExpenses": 557438000, "costAndExpenses": 999984000, "interestIncome": 26799000, "interestExpense": 7646000, "depreciationAndAmortization": 116541000, "ebitda": 27045000, "ebitdaratio": 0.0297038511, "operatingIncome": -89496000, "operatingIncomeRatio": -0.0982945409, "totalOtherIncomeExpensesNet": 10073000, "incomeBeforeTax": -79423000, "incomeBeforeTaxRatio": -0.087231243, "incomeTaxExpense": 2341000, "netIncome": -81764000, "netIncomeRatio": -0.0898023917, "eps": -1.13, "epsdiluted": -1.13, "weightedAverageShsOut": 72048000, "weightedAverageShsOutDil": 72048000, "link": "https://www.sec.gov/Archives/edgar/data/1288847/000128884724000012/0001288847-24-000012-index.htm", "finalLink": "https://www.sec.gov/Archives/edgar/data/1288847/000128884724000012/fivn-20231231.htm", "calculatedOtherExpenses": 0, "calculatedOperatingExpenses": 557438000, "calculatedNetInterest": 19153000, "calculatedOtherIncome": -9080000, "calculatedIncomeNonControlling": 0, "calculatedEbitda": 27045000}, {"date": "2022-12-31", "symbol": "FIVN", "reportedCurrency": "USD", "cik": "0001288847", "fillingDate": "2023-02-24", "acceptedDate": "2023-02-24 16:06:22", "calendarYear": "2022", "period": "FY", "revenue": 778846000, "costOfRevenue": 367501000, "grossProfit": 411345000, "grossProfitRatio": 0.528146771, "researchAndDevelopmentExpenses": 141794000, "generalAndAdministrativeExpenses": 95143000, "sellingAndMarketingExpenses": 261990000, "sellingGeneralAndAdministrativeExpenses": 357133000, "otherExpenses": 4813000, "operatingExpenses": 498927000, "costAndExpenses": 866428000, "interestIncome": 4813000, "interestExpense": 7493000, "depreciationAndAmortization": 59861000, "ebitda": -27721000, "ebitdaratio": -0.0355924021, "operatingIncome": -87582000, "operatingIncomeRatio": -0.1124509852, "totalOtherIncomeExpensesNet": -2680000, "incomeBeforeTax": -90262000, "incomeBeforeTaxRatio": -0.1158919735, "incomeTaxExpense": 4388000, "netIncome": -94650000, "netIncomeRatio": -0.1215259499, "eps": -1.35, "epsdiluted": -1.35, "weightedAverageShsOut": 69920000, "weightedAverageShsOutDil": 69920000, "link": "https://www.sec.gov/Archives/edgar/data/1288847/000128884723000029/0001288847-23-000029-index.htm", "finalLink": "https://www.sec.gov/Archives/edgar/data/1288847/000128884723000029/fivn-20221231.htm", "calculatedOtherExpenses": 0, "calculatedOperatingExpenses": 498927000, "calculatedNetInterest": -2680000, "calculatedOtherIncome": 0, "calculatedIncomeNonControlling": 0, "calculatedEbitda": -27721000}, {"date": "2021-12-31", "symbol": "FIVN", "reportedCurrency": "USD", "cik": "0001288847", "fillingDate": "2022-02-28", "acceptedDate": "2022-02-28 17:13:05", "calendarYear": "2021", "period": "FY", "revenue": 609591000, "costOfRevenue": 271099000, "grossProfit": 338492000, "grossProfitRatio": 0.5552772269, "researchAndDevelopmentExpenses": 106897000, "generalAndAdministrativeExpenses": 93916000, "sellingAndMarketingExpenses": 193929000, "sellingGeneralAndAdministrativeExpenses": 287845000, "otherExpenses": -8000, "operatingExpenses": 394742000, "costAndExpenses": 665841000, "interestIncome": 8026999, "interestExpense": 8027000, "depreciationAndAmortization": 47422000, "ebitda": -8828000, "ebitdaratio": -0.0144818411, "operatingIncome": -56250000, "operatingIncomeRatio": -0.0922749844, "totalOtherIncomeExpensesNet": -8035000, "incomeBeforeTax": -64285000, "incomeBeforeTaxRatio": -0.1054559533, "incomeTaxExpense": -11285000, "netIncome": -53000000, "netIncomeRatio": -0.0869435408, "eps": -0.79, "epsdiluted": -0.79, "weightedAverageShsOut": 67512000, "weightedAverageShsOutDil": 67512000, "link": "https://www.sec.gov/Archives/edgar/data/1288847/000128884722000017/0001288847-22-000017-index.htm", "finalLink": "https://www.sec.gov/Archives/edgar/data/1288847/000128884722000017/fivn-20211231.htm", "calculatedOtherExpenses": 0, "calculatedOperatingExpenses": 394742000, "calculatedNetInterest": -1, "calculatedOtherIncome": -8034999, "calculatedIncomeNonControlling": 0, "calculatedEbitda": -8828000}, {"date": "2020-12-31", "symbol": "FIVN", "reportedCurrency": "USD", "cik": "0001288847", "fillingDate": "2021-03-01", "acceptedDate": "2021-02-26 21:24:34", "calendarYear": "2020", "period": "FY", "revenue": 434908000, "costOfRevenue": 180284000, "grossProfit": 254624000, "grossProfitRatio": 0.5854663515, "researchAndDevelopmentExpenses": 68747000, "generalAndAdministrativeExpenses": 65769000, "sellingAndMarketingExpenses": 132413000, "sellingGeneralAndAdministrativeExpenses": 198182000, "otherExpenses": 3034000, "operatingExpenses": 266929000, "costAndExpenses": 447213000, "interestIncome": 3034000, "interestExpense": 28348000, "depreciationAndAmortization": 30774000, "ebitda": 21503000, "ebitdaratio": 0.0494426407, "operatingIncome": -9271000, "operatingIncomeRatio": -0.0213171521, "totalOtherIncomeExpensesNet": -35312000, "incomeBeforeTax": -44583000, "incomeBeforeTaxRatio": -0.1025113357, "incomeTaxExpense": -2453000, "netIncome": -42130000, "netIncomeRatio": -0.0968710624, "eps": -0.66, "epsdiluted": -0.66, "weightedAverageShsOut": 64154000, "weightedAverageShsOutDil": 64154000, "link": "https://www.sec.gov/Archives/edgar/data/1288847/000128884721000029/0001288847-21-000029-index.htm", "finalLink": "https://www.sec.gov/Archives/edgar/data/1288847/000128884721000029/fivn-20201231.htm", "calculatedOtherExpenses": -3034000, "calculatedOperatingExpenses": 263895000, "calculatedNetInterest": -25314000, "calculatedOtherIncome": -9998000, "calculatedIncomeNonControlling": 0, "calculatedEbitda": 21503000}, {"date": "2019-12-31", "symbol": "FIVN", "reportedCurrency": "USD", "cik": "0001288847", "fillingDate": "2020-02-27", "acceptedDate": "2020-02-27 16:38:13", "calendarYear": "2019", "period": "FY", "revenue": 328006000, "costOfRevenue": 134511000, "grossProfit": 193495000, "grossProfitRatio": 0.5899129894, "researchAndDevelopmentExpenses": 45190000, "generalAndAdministrativeExpenses": 49446000, "sellingAndMarketingExpenses": 95592000, "sellingGeneralAndAdministrativeExpenses": 145038000, "otherExpenses": 0, "operatingExpenses": 190228000, "costAndExpenses": 324739000, "interestIncome": 6079000, "interestExpense": 13794000, "depreciationAndAmortization": 19109000, "ebitda": 28455000, "ebitdaratio": 0.0867514619, "operatingIncome": 9346000, "operatingIncomeRatio": 0.0284933812, "totalOtherIncomeExpensesNet": -13794000, "incomeBeforeTax": -4448000, "incomeBeforeTaxRatio": -0.0135607275, "incomeTaxExpense": 104000, "netIncome": -4552000, "netIncomeRatio": -0.0138777949, "eps": -0.0754, "epsdiluted": -0.0754, "weightedAverageShsOut": 60371000, "weightedAverageShsOutDil": 60371000, "link": "https://www.sec.gov/Archives/edgar/data/1288847/000128884720000028/0001288847-20-000028-index.htm", "finalLink": "https://www.sec.gov/Archives/edgar/data/1288847/000128884720000028/fivn-20191231.htm", "calculatedOtherExpenses": -6079000, "calculatedOperatingExpenses": 184149000, "calculatedNetInterest": -7715000, "calculatedOtherIncome": -6079000, "calculatedIncomeNonControlling": 0, "calculatedEbitda": 28455000}, {"date": "2018-12-31", "symbol": "FIVN", "reportedCurrency": "USD", "cik": "0001288847", "fillingDate": "2019-02-25", "acceptedDate": "2019-02-25 16:14:36", "calendarYear": "2018", "period": "FY", "revenue": 257664000, "costOfRevenue": 104034000, "grossProfit": 153630000, "grossProfitRatio": 0.596241617, "researchAndDevelopmentExpenses": 34172000, "generalAndAdministrativeExpenses": 40448000, "sellingAndMarketingExpenses": 72001000, "sellingGeneralAndAdministrativeExpenses": 112449000, "otherExpenses": 0, "operatingExpenses": 146621000, "costAndExpenses": 250655000, "interestIncome": 3315000, "interestExpense": 10245000, "depreciationAndAmortization": 10274000, "ebitda": 20598000, "ebitdaratio": 0.0799413189, "operatingIncome": 7009000, "operatingIncomeRatio": 0.0272020926, "totalOtherIncomeExpensesNet": -6930000, "incomeBeforeTax": 79000, "incomeBeforeTaxRatio": 0.0003066008, "incomeTaxExpense": 300000, "netIncome": -221000, "netIncomeRatio": -0.0008577062, "eps": -0.0038, "epsdiluted": -0.0038, "weightedAverageShsOut": 58076000, "weightedAverageShsOutDil": 58076000, "link": "https://www.sec.gov/Archives/edgar/data/1288847/000128884719000021/0001288847-19-000021-index.htm", "finalLink": "https://www.sec.gov/Archives/edgar/data/1288847/000128884719000021/a12311810k.htm", "calculatedOtherExpenses": 0, "calculatedOperatingExpenses": 146621000, "calculatedNetInterest": -6930000, "calculatedOtherIncome": 0, "calculatedIncomeNonControlling": 0, "calculatedEbitda": 17283000}, {"date": "2017-12-31", "symbol": "FIVN", "reportedCurrency": "USD", "cik": "0001288847", "fillingDate": "2018-03-01", "acceptedDate": "2018-03-01 16:48:57", "calendarYear": "2017", "period": "FY", "revenue": 200225000, "costOfRevenue": 83104000, "grossProfit": 117121000, "grossProfitRatio": 0.5849469347, "researchAndDevelopmentExpenses": 27120000, "generalAndAdministrativeExpenses": 29151000, "sellingAndMarketingExpenses": 66570000, "sellingGeneralAndAdministrativeExpenses": 95721000, "otherExpenses": 0, "operatingExpenses": 122841000, "costAndExpenses": 205945000, "interestIncome": 490000, "interestExpense": 3471000, "depreciationAndAmortization": 8314000, "ebitda": 3084000, "ebitdaratio": 0.015402672, "operatingIncome": -5720000, "operatingIncomeRatio": -0.0285678612, "totalOtherIncomeExpensesNet": -2981000, "incomeBeforeTax": -8701000, "incomeBeforeTaxRatio": -0.0434561119, "incomeTaxExpense": 268000, "netIncome": -8969000, "netIncomeRatio": -0.0447946061, "eps": -0.16, "epsdiluted": -0.16, "weightedAverageShsOut": 54946000, "weightedAverageShsOutDil": 54946000, "link": "https://www.sec.gov/Archives/edgar/data/1288847/000128884718000030/0001288847-18-000030-index.htm", "finalLink": "https://www.sec.gov/Archives/edgar/data/1288847/000128884718000030/a12311710k.htm", "calculatedOtherExpenses": 0, "calculatedOperatingExpenses": 122841000, "calculatedNetInterest": -2981000, "calculatedOtherIncome": 0, "calculatedIncomeNonControlling": 0, "calculatedEbitda": 2594000}, {"date": "2016-12-31", "symbol": "FIVN", "reportedCurrency": "USD", "cik": "0001288847", "fillingDate": "2017-02-28", "acceptedDate": "2017-02-28 17:01:21", "calendarYear": "2016", "period": "FY", "revenue": 162090000, "costOfRevenue": 66934000, "grossProfit": 95156000, "grossProfitRatio": 0.5870565735, "researchAndDevelopmentExpenses": 23878000, "generalAndAdministrativeExpenses": 25072000, "sellingAndMarketingExpenses": 52748000, "sellingGeneralAndAdministrativeExpenses": 77820000, "otherExpenses": 0, "operatingExpenses": 101698000, "costAndExpenses": 168632000, "interestIncome": -12000, "interestExpense": 4238000, "depreciationAndAmortization": 8390000, "ebitda": 1848000, "ebitdaratio": 0.0114010735, "operatingIncome": -6542000, "operatingIncomeRatio": -0.0403602937, "totalOtherIncomeExpensesNet": -1026000, "incomeBeforeTax": -11806000, "incomeBeforeTaxRatio": -0.0728360787, "incomeTaxExpense": 54000, "netIncome": -11860000, "netIncomeRatio": -0.073169227, "eps": -0.23, "epsdiluted": -0.23, "weightedAverageShsOut": 52342000, "weightedAverageShsOutDil": 52342000, "link": "https://www.sec.gov/Archives/edgar/data/1288847/000128884717000038/0001288847-17-000038-index.htm", "finalLink": "https://www.sec.gov/Archives/edgar/data/1288847/000128884717000038/a12311610k.htm", "calculatedOtherExpenses": 0, "calculatedOperatingExpenses": 101698000, "calculatedNetInterest": -4250000, "calculatedOtherIncome": -1014000, "calculatedIncomeNonControlling": 0, "calculatedEbitda": 1848000}, {"date": "2015-12-31", "symbol": "FIVN", "reportedCurrency": "USD", "cik": "0001288847", "fillingDate": "2016-03-03", "acceptedDate": "2016-03-03 17:02:20", "calendarYear": "2015", "period": "FY", "revenue": 128868000, "costOfRevenue": 59495000, "grossProfit": 69373000, "grossProfitRatio": 0.538326039, "researchAndDevelopmentExpenses": 22659000, "generalAndAdministrativeExpenses": 25822000, "sellingAndMarketingExpenses": 42042000, "sellingGeneralAndAdministrativeExpenses": 67864000, "otherExpenses": 0, "operatingExpenses": 90523000, "costAndExpenses": 150018000, "interestIncome": 100000, "interestExpense": 4727000, "depreciationAndAmortization": 7388000, "ebitda": -13662000, "ebitdaratio": -0.1060154577, "operatingIncome": -21150000, "operatingIncomeRatio": -0.1641214266, "totalOtherIncomeExpensesNet": -4627000, "incomeBeforeTax": -25777000, "incomeBeforeTaxRatio": -0.2000263836, "incomeTaxExpense": 61000, "netIncome": -25838000, "netIncomeRatio": -0.2004997362, "eps": -0.52, "epsdiluted": -0.52, "weightedAverageShsOut": 50141000, "weightedAverageShsOutDil": 50141000, "link": "https://www.sec.gov/Archives/edgar/data/1288847/000128884716000054/0001288847-16-000054-index.htm", "finalLink": "https://www.sec.gov/Archives/edgar/data/1288847/000128884716000054/a12311510k.htm", "calculatedOtherExpenses": 0, "calculatedOperatingExpenses": 90523000, "calculatedNetInterest": -4627000, "calculatedOtherIncome": 0, "calculatedIncomeNonControlling": 0, "calculatedEbitda": -13762000}, {"date": "2014-12-31", "symbol": "FIVN", "reportedCurrency": "USD", "cik": "0001288847", "fillingDate": "2015-03-10", "acceptedDate": "2015-03-10 17:20:10", "calendarYear": "2014", "period": "FY", "revenue": 103102000, "costOfRevenue": 54661000, "grossProfit": 48441000, "grossProfitRatio": 0.4698356967, "researchAndDevelopmentExpenses": 22110000, "generalAndAdministrativeExpenses": 24416000, "sellingAndMarketingExpenses": 37445000, "sellingGeneralAndAdministrativeExpenses": 61861000, "otherExpenses": 0, "operatingExpenses": 83971000, "costAndExpenses": 138632000, "interestIncome": 245000, "interestExpense": 4161000, "depreciationAndAmortization": 6463000, "ebitda": -28822000, "ebitdaratio": -0.2795484084, "operatingIncome": -35530000, "operatingIncomeRatio": -0.3446101918, "totalOtherIncomeExpensesNet": 1745000, "incomeBeforeTax": -37701000, "incomeBeforeTaxRatio": -0.3656670094, "incomeTaxExpense": 85000, "netIncome": -37786000, "netIncomeRatio": -0.3664914357, "eps": -1, "epsdiluted": -1, "weightedAverageShsOut": 37604000, "weightedAverageShsOutDil": 37604000, "link": "https://www.sec.gov/Archives/edgar/data/1288847/000128884715000011/0001288847-15-000011-index.htm", "finalLink": "https://www.sec.gov/Archives/edgar/data/1288847/000128884715000011/a12311410k.htm", "calculatedOtherExpenses": 0, "calculatedOperatingExpenses": 83971000, "calculatedNetInterest": -3916000, "calculatedOtherIncome": 1745000, "calculatedIncomeNonControlling": 0, "calculatedEbitda": -29067000}, {"date": "2013-12-31", "symbol": "FIVN", "reportedCurrency": "USD", "cik": "0001288847", "fillingDate": "2013-12-31", "acceptedDate": "2013-12-30 19:00:00", "calendarYear": "2013", "period": "FY", "revenue": 84132000, "costOfRevenue": 48807000, "grossProfit": 35325000, "grossProfitRatio": 0.4198759093, "researchAndDevelopmentExpenses": 17529000, "generalAndAdministrativeExpenses": 18053000, "sellingAndMarketingExpenses": 28065000, "sellingGeneralAndAdministrativeExpenses": 46118000, "otherExpenses": 29000, "operatingExpenses": 63647000, "costAndExpenses": 112454000, "interestIncome": 0, "interestExpense": 1080000, "depreciationAndAmortization": 4415000, "ebitda": -23878000, "ebitdaratio": -0.2838159083, "operatingIncome": -28322000, "operatingIncomeRatio": -0.3366376646, "totalOtherIncomeExpensesNet": -1842000, "incomeBeforeTax": -31244000, "incomeBeforeTaxRatio": -0.3713688014, "incomeTaxExpense": 70000, "netIncome": -31314000, "netIncomeRatio": -0.3722008273, "eps": -0.68, "epsdiluted": -0.68, "weightedAverageShsOut": 46047510, "weightedAverageShsOutDil": 46047510, "link": "", "finalLink": "", "calculatedOtherExpenses": 0, "calculatedOperatingExpenses": 63647000, "calculatedNetInterest": -1080000, "calculatedOtherIncome": -1842000, "calculatedIncomeNonControlling": 0, "calculatedEbitda": -23907000}, {"date": "2012-12-31", "symbol": "FIVN", "reportedCurrency": "USD", "cik": "0001288847", "fillingDate": "2012-12-31", "acceptedDate": "2012-12-30 19:00:00", "calendarYear": "2012", "period": "FY", "revenue": 63822000, "costOfRevenue": 39306000, "grossProfit": 24516000, "grossProfitRatio": 0.384130864, "researchAndDevelopmentExpenses": 13217000, "generalAndAdministrativeExpenses": 11546000, "sellingAndMarketingExpenses": 16808000, "sellingGeneralAndAdministrativeExpenses": 28354000, "otherExpenses": 0, "operatingExpenses": 41571000, "costAndExpenses": 80877000, "interestIncome": 14000, "interestExpense": 557000, "depreciationAndAmortization": 2624000, "ebitda": -14417000, "ebitdaratio": -0.2258938924, "operatingIncome": -17055000, "operatingIncomeRatio": -0.2672276018, "totalOtherIncomeExpensesNet": -1674000, "incomeBeforeTax": -19272000, "incomeBeforeTaxRatio": -0.3019648397, "incomeTaxExpense": 62000, "netIncome": -19334000, "netIncomeRatio": -0.3029362916, "eps": -0.58, "epsdiluted": -0.58, "weightedAverageShsOut": 33347000, "weightedAverageShsOutDil": 33347000, "link": "", "finalLink": "", "calculatedOtherExpenses": 0, "calculatedOperatingExpenses": 41571000, "calculatedNetInterest": -543000, "calculatedOtherIncome": -1674000, "calculatedIncomeNonControlling": 0, "calculatedEbitda": -14431000}, {"date": "2011-12-31", "symbol": "FIVN", "reportedCurrency": "USD", "cik": "0001288847", "fillingDate": "2011-12-31", "acceptedDate": "2011-12-30 19:00:00", "calendarYear": "2011", "period": "FY", "revenue": 43188000, "costOfRevenue": 24563000, "grossProfit": 18625000, "grossProfitRatio": 0.4312540521, "researchAndDevelopmentExpenses": 8739000, "generalAndAdministrativeExpenses": 6990000, "sellingAndMarketingExpenses": 10207000, "sellingGeneralAndAdministrativeExpenses": 17197000, "otherExpenses": 15000, "operatingExpenses": 25936000, "costAndExpenses": 50499000, "interestIncome": 0, "interestExpense": 457000, "depreciationAndAmortization": 1539000, "ebitda": -5757000, "ebitdaratio": -0.1333009169, "operatingIncome": -7311000, "operatingIncomeRatio": -0.1692831342, "totalOtherIncomeExpensesNet": -40000, "incomeBeforeTax": -7808000, "incomeBeforeTaxRatio": -0.1807909605, "incomeTaxExpense": 64000, "netIncome": -7872000, "netIncomeRatio": -0.1822728536, "eps": -0.24, "epsdiluted": -0.24, "weightedAverageShsOut": 33347000, "weightedAverageShsOutDil": 33347000, "link": "", "finalLink": "", "calculatedOtherExpenses": 0, "calculatedOperatingExpenses": 25936000, "calculatedNetInterest": -457000, "calculatedOtherIncome": -40000, "calculatedIncomeNonControlling": 0, "calculatedEbitda": -5772000}]}