{"originalCurrency": "USD", "convertedCurrency": "USD", "report": [{"date": "2023-12-31", "symbol": "FIX", "reportedCurrency": "USD", "cik": "0001035983", "fillingDate": "2024-02-22", "acceptedDate": "2024-02-22 16:08:04", "calendarYear": "2023", "period": "FY", "revenue": 5206760000, "costOfRevenue": 4254484999, "grossProfit": 952275001, "grossProfitRatio": 0.1828920482, "researchAndDevelopmentExpenses": 0, "generalAndAdministrativeExpenses": 0, "sellingAndMarketingExpenses": 0, "sellingGeneralAndAdministrativeExpenses": 536188999, "otherExpenses": 202000, "operatingExpenses": 536188999, "costAndExpenses": 4790674000, "interestIncome": 3492000, "interestExpense": 10281000, "depreciationAndAmortization": 107530000, "ebitda": 523616000, "ebitdaratio": 0.1005646506, "operatingIncome": 416086000, "operatingIncomeRatio": 0.079912652, "totalOtherIncomeExpensesNet": -27892000, "incomeBeforeTax": 388194000, "incomeBeforeTaxRatio": 0.0745557698, "incomeTaxExpense": 64796000, "netIncome": 323398000, "netIncomeRatio": 0.0621111785, "eps": 9.03, "epsdiluted": 9.01, "weightedAverageShsOut": 35802000, "weightedAverageShsOutDil": 35895000, "link": "https://www.sec.gov/Archives/edgar/data/1035983/000155837024001529/0001558370-24-001529-index.htm", "finalLink": "https://www.sec.gov/Archives/edgar/data/1035983/000155837024001529/fix-20231231x10k.htm", "calculatedOtherExpenses": 2, "calculatedOperatingExpenses": 536189001, "calculatedNetInterest": -6789000, "calculatedOtherIncome": -21103000, "calculatedIncomeNonControlling": 0, "calculatedEbitda": 523616000}, {"date": "2022-12-31", "symbol": "FIX", "reportedCurrency": "USD", "cik": "0001035983", "fillingDate": "2023-02-22", "acceptedDate": "2023-02-22 16:18:13", "calendarYear": "2022", "period": "FY", "revenue": 4140364000, "costOfRevenue": 3398756000, "grossProfit": 741608000, "grossProfitRatio": 0.1791166187, "researchAndDevelopmentExpenses": 0, "generalAndAdministrativeExpenses": 0, "sellingAndMarketingExpenses": 0, "sellingGeneralAndAdministrativeExpenses": 489344000, "otherExpenses": 134000, "operatingExpenses": 489344000, "costAndExpenses": 3888100000, "interestIncome": 378000, "interestExpense": 13306000, "depreciationAndAmortization": 81347000, "ebitda": 252398000, "ebitdaratio": 0.0609603407, "operatingIncome": 171051000, "operatingIncomeRatio": 0.0413130343, "totalOtherIncomeExpensesNet": 64807000, "incomeBeforeTax": 235858000, "incomeBeforeTaxRatio": 0.0569655228, "incomeTaxExpense": -10089000, "netIncome": 245947000, "netIncomeRatio": 0.0594022651, "eps": 6.84, "epsdiluted": 6.82, "weightedAverageShsOut": 35932000, "weightedAverageShsOutDil": 36046000, "link": "https://www.sec.gov/Archives/edgar/data/1035983/000155837023001757/0001558370-23-001757-index.htm", "finalLink": "https://www.sec.gov/Archives/edgar/data/1035983/000155837023001757/fix-20221231x10k.htm", "calculatedOtherExpenses": 81213000, "calculatedOperatingExpenses": 570557000, "calculatedNetInterest": -12928000, "calculatedOtherIncome": 77735000, "calculatedIncomeNonControlling": 0, "calculatedEbitda": 252398000}, {"date": "2021-12-31", "symbol": "FIX", "reportedCurrency": "USD", "cik": "0001035983", "fillingDate": "2022-02-23", "acceptedDate": "2022-02-23 16:36:56", "calendarYear": "2021", "period": "FY", "revenue": 3073636000, "costOfRevenue": 2510429000, "grossProfit": 563207000, "grossProfitRatio": 0.1832380282, "researchAndDevelopmentExpenses": 0, "generalAndAdministrativeExpenses": 0, "sellingAndMarketingExpenses": 0, "sellingGeneralAndAdministrativeExpenses": 376309000, "otherExpenses": 188000, "operatingExpenses": 376309000, "costAndExpenses": 2886738000, "interestIncome": 24000, "interestExpense": 4979000, "depreciationAndAmortization": 66399000, "ebitda": 254837000, "ebitdaratio": 0.0829105984, "operatingIncome": 188438000, "operatingIncomeRatio": 0.0613078452, "totalOtherIncomeExpensesNet": 1836000, "incomeBeforeTax": 190274000, "incomeBeforeTaxRatio": 0.0619051833, "incomeTaxExpense": 46926000, "netIncome": 143348000, "netIncomeRatio": 0.0466379233, "eps": 3.95, "epsdiluted": 3.93, "weightedAverageShsOut": 36285000, "weightedAverageShsOutDil": 36450000, "link": "https://www.sec.gov/Archives/edgar/data/1035983/000155837022001753/0001558370-22-001753-index.htm", "finalLink": "https://www.sec.gov/Archives/edgar/data/1035983/000155837022001753/fix-20211231x10k.htm", "calculatedOtherExpenses": -1540000, "calculatedOperatingExpenses": 374769000, "calculatedNetInterest": -4955000, "calculatedOtherIncome": 6791000, "calculatedIncomeNonControlling": 0, "calculatedEbitda": 254837000}, {"date": "2020-12-31", "symbol": "FIX", "reportedCurrency": "USD", "cik": "0001035983", "fillingDate": "2021-02-25", "acceptedDate": "2021-02-25 16:18:11", "calendarYear": "2020", "period": "FY", "revenue": 2856659000, "costOfRevenue": 2309676000, "grossProfit": 546983000, "grossProfitRatio": 0.1914764765, "researchAndDevelopmentExpenses": 0, "generalAndAdministrativeExpenses": 0, "sellingAndMarketingExpenses": 0, "sellingGeneralAndAdministrativeExpenses": 357777000, "otherExpenses": 52000, "operatingExpenses": 357777000, "costAndExpenses": 2667453000, "interestIncome": 103000, "interestExpense": 8282000, "depreciationAndAmortization": 60629000, "ebitda": 189258000, "ebitdaratio": 0.0662515197, "operatingIncome": 128629000, "operatingIncomeRatio": 0.0450277755, "totalOtherIncomeExpensesNet": 62911000, "incomeBeforeTax": 191540000, "incomeBeforeTaxRatio": 0.067050355, "incomeTaxExpense": 41401000, "netIncome": 150139000, "netIncomeRatio": 0.0525575506, "eps": 4.11, "epsdiluted": 4.09, "weightedAverageShsOut": 36542000, "weightedAverageShsOutDil": 36738000, "link": "https://www.sec.gov/Archives/edgar/data/1035983/000155837021001828/0001558370-21-001828-index.htm", "finalLink": "https://www.sec.gov/Archives/edgar/data/1035983/000155837021001828/fix-20201231x10k.htm", "calculatedOtherExpenses": 60577000, "calculatedOperatingExpenses": 418354000, "calculatedNetInterest": -8179000, "calculatedOtherIncome": 71090000, "calculatedIncomeNonControlling": 0, "calculatedEbitda": 189258000}, {"date": "2019-12-31", "symbol": "FIX", "reportedCurrency": "USD", "cik": "0001035983", "fillingDate": "2020-02-26", "acceptedDate": "2020-02-26 17:03:00", "calendarYear": "2019", "period": "FY", "revenue": 2615277000, "costOfRevenue": 2113334000, "grossProfit": 501943000, "grossProfitRatio": 0.1919272796, "researchAndDevelopmentExpenses": 0, "generalAndAdministrativeExpenses": 0, "sellingAndMarketingExpenses": 0, "sellingGeneralAndAdministrativeExpenses": 340005000, "otherExpenses": 187000, "operatingExpenses": 340005000, "costAndExpenses": 2453339000, "interestIncome": 224000, "interestExpense": 8418000, "depreciationAndAmortization": 49383000, "ebitda": 213022000, "ebitdaratio": 0.0814529398, "operatingIncome": 163639000, "operatingIncomeRatio": 0.0625704275, "totalOtherIncomeExpensesNet": -11897000, "incomeBeforeTax": 151742000, "incomeBeforeTaxRatio": 0.0580213874, "incomeTaxExpense": 37418000, "netIncome": 114324000, "netIncomeRatio": 0.0437139163, "eps": 3.1, "epsdiluted": 3.08, "weightedAverageShsOut": 36854000, "weightedAverageShsOutDil": 37131000, "link": "https://www.sec.gov/Archives/edgar/data/1035983/000155837020001491/0001558370-20-001491-index.htm", "finalLink": "https://www.sec.gov/Archives/edgar/data/1035983/000155837020001491/fix-20191231x10ka923f7.htm", "calculatedOtherExpenses": -1701000, "calculatedOperatingExpenses": 338304000, "calculatedNetInterest": -8194000, "calculatedOtherIncome": -3703000, "calculatedIncomeNonControlling": 0, "calculatedEbitda": 213022000}, {"date": "2018-12-31", "symbol": "FIX", "reportedCurrency": "USD", "cik": "0001035983", "fillingDate": "2019-02-21", "acceptedDate": "2019-02-21 16:35:34", "calendarYear": "2018", "period": "FY", "revenue": 2182879000, "costOfRevenue": 1736600000, "grossProfit": 446279000, "grossProfitRatio": 0.2044451387, "researchAndDevelopmentExpenses": 0, "generalAndAdministrativeExpenses": 296986000, "sellingAndMarketingExpenses": 0, "sellingGeneralAndAdministrativeExpenses": 296986000, "otherExpenses": 4141000, "operatingExpenses": 296986000, "costAndExpenses": 2033586000, "interestIncome": 73000, "interestExpense": 3637000, "depreciationAndAmortization": 42689000, "ebitda": 153434000, "ebitdaratio": 0.0702897412, "operatingIncome": 150238000, "operatingIncomeRatio": 0.0688256197, "totalOtherIncomeExpensesNet": 3020000, "incomeBeforeTax": 148676000, "incomeBeforeTaxRatio": 0.068110051, "incomeTaxExpense": 35773000, "netIncome": 112903000, "netIncomeRatio": 0.0517220606, "eps": 3.03, "epsdiluted": 3, "weightedAverageShsOut": 37202000, "weightedAverageShsOutDil": 37592000, "link": "https://www.sec.gov/Archives/edgar/data/1035983/000155837019000857/0001558370-19-000857-index.htm", "finalLink": "https://www.sec.gov/Archives/edgar/data/1035983/000155837019000857/fix-20181231x10k.htm", "calculatedOtherExpenses": -945000, "calculatedOperatingExpenses": 296041000, "calculatedNetInterest": -3564000, "calculatedOtherIncome": 2002000, "calculatedIncomeNonControlling": 0, "calculatedEbitda": 192927000}, {"date": "2017-12-31", "symbol": "FIX", "reportedCurrency": "USD", "cik": "0001035983", "fillingDate": "2018-02-22", "acceptedDate": "2018-02-22 16:31:21", "calendarYear": "2017", "period": "FY", "revenue": 1787922000, "costOfRevenue": 1421641000, "grossProfit": 366281000, "grossProfitRatio": 0.2048640824, "researchAndDevelopmentExpenses": 0, "generalAndAdministrativeExpenses": 266586000, "sellingAndMarketingExpenses": 0, "sellingGeneralAndAdministrativeExpenses": 266586000, "otherExpenses": 1049000, "operatingExpenses": 266586000, "costAndExpenses": 1688227000, "interestIncome": 70000, "interestExpense": 3086000, "depreciationAndAmortization": 37456000, "ebitda": 100744000, "ebitdaratio": 0.0563469771, "operatingIncome": 99260000, "operatingIncomeRatio": 0.0555169633, "totalOtherIncomeExpensesNet": 4329000, "incomeBeforeTax": 100938000, "incomeBeforeTaxRatio": 0.056455483, "incomeTaxExpense": 45666000, "netIncome": 55272000, "netIncomeRatio": 0.0309141003, "eps": 1.48, "epsdiluted": 1.47, "weightedAverageShsOut": 37239000, "weightedAverageShsOutDil": 37672000, "link": "https://www.sec.gov/Archives/edgar/data/1035983/000155837018000936/0001558370-18-000936-index.htm", "finalLink": "https://www.sec.gov/Archives/edgar/data/1035983/000155837018000936/fix-20171231x10k.htm", "calculatedOtherExpenses": 435000, "calculatedOperatingExpenses": 267021000, "calculatedNetInterest": -3016000, "calculatedOtherIncome": 4694000, "calculatedIncomeNonControlling": 0, "calculatedEbitda": 136716000}, {"date": "2016-12-31", "symbol": "FIX", "reportedCurrency": "USD", "cik": "0001035983", "fillingDate": "2017-02-23", "acceptedDate": "2017-02-23 16:12:26", "calendarYear": "2016", "period": "FY", "revenue": 1634340000, "costOfRevenue": 1290331000, "grossProfit": 344009000, "grossProfitRatio": 0.2104880257, "researchAndDevelopmentExpenses": 0, "generalAndAdministrativeExpenses": 243201000, "sellingAndMarketingExpenses": 0, "sellingGeneralAndAdministrativeExpenses": 243201000, "otherExpenses": 1097000, "operatingExpenses": 243201000, "costAndExpenses": 1533532000, "interestIncome": 9000, "interestExpense": 2336000, "depreciationAndAmortization": 26166000, "ebitda": 101905000, "ebitdaratio": 0.0623523869, "operatingIncome": 101569000, "operatingIncomeRatio": 0.0621467993, "totalOtherIncomeExpensesNet": 2589000, "incomeBeforeTax": 101061000, "incomeBeforeTaxRatio": 0.0618359705, "incomeTaxExpense": 36165000, "netIncome": 64896000, "netIncomeRatio": 0.0397077719, "eps": 1.74, "epsdiluted": 1.72, "weightedAverageShsOut": 37335000, "weightedAverageShsOutDil": 37811000, "link": "https://www.sec.gov/Archives/edgar/data/1035983/000155837017000882/0001558370-17-000882-index.htm", "finalLink": "https://www.sec.gov/Archives/edgar/data/1035983/000155837017000882/fix-20161231x10k.htm", "calculatedOtherExpenses": -761000, "calculatedOperatingExpenses": 242440000, "calculatedNetInterest": -2327000, "calculatedOtherIncome": 1819000, "calculatedIncomeNonControlling": 0, "calculatedEbitda": 127735000}, {"date": "2015-12-31", "symbol": "FIX", "reportedCurrency": "USD", "cik": "0001035983", "fillingDate": "2016-02-23", "acceptedDate": "2016-02-23 16:43:21", "calendarYear": "2015", "period": "FY", "revenue": 1580519000, "costOfRevenue": 1262390000, "grossProfit": 318129000, "grossProfitRatio": 0.2012813513, "researchAndDevelopmentExpenses": 0, "generalAndAdministrativeExpenses": 228965000, "sellingAndMarketingExpenses": 0, "sellingGeneralAndAdministrativeExpenses": 228965000, "otherExpenses": 76000, "operatingExpenses": 228965000, "costAndExpenses": 1491355000, "interestIncome": 72000, "interestExpense": 1681000, "depreciationAndAmortization": 23416000, "ebitda": 89240000, "ebitdaratio": 0.0564624658, "operatingIncome": 90044000, "operatingIncomeRatio": 0.0569711595, "totalOtherIncomeExpensesNet": 1181000, "incomeBeforeTax": 88664000, "incomeBeforeTaxRatio": 0.0560980286, "incomeTaxExpense": 31224000, "netIncome": 49364000, "netIncomeRatio": 0.0312327786, "eps": 1.32, "epsdiluted": 1.3, "weightedAverageShsOut": 37442000, "weightedAverageShsOutDil": 37868000, "link": "https://www.sec.gov/Archives/edgar/data/1035983/000104746916010332/0001047469-16-010332-index.htm", "finalLink": "https://www.sec.gov/Archives/edgar/data/1035983/000104746916010332/a2227387z10-k.htm", "calculatedOtherExpenses": -880000, "calculatedOperatingExpenses": 228085000, "calculatedNetInterest": -1609000, "calculatedOtherIncome": 229000, "calculatedIncomeNonControlling": 8076000, "calculatedEbitda": 113460000}, {"date": "2014-12-31", "symbol": "FIX", "reportedCurrency": "USD", "cik": "0001035983", "fillingDate": "2015-02-26", "acceptedDate": "2015-02-26 16:32:26", "calendarYear": "2014", "period": "FY", "revenue": 1410795000, "costOfRevenue": 1161024000, "grossProfit": 249771000, "grossProfitRatio": 0.1770427312, "researchAndDevelopmentExpenses": 0, "generalAndAdministrativeExpenses": 207652000, "sellingAndMarketingExpenses": 0, "sellingGeneralAndAdministrativeExpenses": 207652000, "otherExpenses": 91000, "operatingExpenses": 207652000, "costAndExpenses": 1368676000, "interestIncome": 18000, "interestExpense": 1840000, "depreciationAndAmortization": 21336000, "ebitda": 42210000, "ebitdaratio": 0.0299193008, "operatingIncome": 42222000, "operatingIncomeRatio": 0.0299278067, "totalOtherIncomeExpensesNet": -51000, "incomeBeforeTax": 40228000, "incomeBeforeTaxRatio": 0.0285144192, "incomeTaxExpense": 11614000, "netIncome": 23063000, "netIncomeRatio": 0.0163475204, "eps": 0.61, "epsdiluted": 0.61, "weightedAverageShsOut": 37547000, "weightedAverageShsOutDil": 37797000, "link": "https://www.sec.gov/Archives/edgar/data/1035983/000104746915001294/0001047469-15-001294-index.htm", "finalLink": "https://www.sec.gov/Archives/edgar/data/1035983/000104746915001294/a2223211z10-k.htm", "calculatedOtherExpenses": -103000, "calculatedOperatingExpenses": 207549000, "calculatedNetInterest": -1822000, "calculatedOtherIncome": -172000, "calculatedIncomeNonControlling": 5551000, "calculatedEbitda": 63558000}, {"date": "2013-12-31", "symbol": "FIX", "reportedCurrency": "USD", "cik": "0001035983", "fillingDate": "2014-02-28", "acceptedDate": "2014-02-27 18:50:32", "calendarYear": "2013", "period": "FY", "revenue": 1357272000, "costOfRevenue": 1117389000, "grossProfit": 239883000, "grossProfitRatio": 0.1767390766, "researchAndDevelopmentExpenses": 0, "generalAndAdministrativeExpenses": 194214000, "sellingAndMarketingExpenses": 0, "sellingGeneralAndAdministrativeExpenses": 194214000, "otherExpenses": 204000, "operatingExpenses": 194214000, "costAndExpenses": 1311603000, "interestIncome": 23000, "interestExpense": 1328000, "depreciationAndAmortization": 18572000, "ebitda": 45873000, "ebitdaratio": 0.0337979418, "operatingIncome": 46258000, "operatingIncomeRatio": 0.034081599, "totalOtherIncomeExpensesNet": 2439000, "incomeBeforeTax": 46780000, "incomeBeforeTaxRatio": 0.034466194, "incomeTaxExpense": 18148000, "netIncome": 27269000, "netIncomeRatio": 0.0200910355, "eps": 0.73, "epsdiluted": 0.73, "weightedAverageShsOut": 37245000, "weightedAverageShsOutDil": 37536000, "link": "https://www.sec.gov/Archives/edgar/data/1035983/000104746914001513/0001047469-14-001513-index.htm", "finalLink": "https://www.sec.gov/Archives/edgar/data/1035983/000104746914001513/a2218454z10-k.htm", "calculatedOtherExpenses": -589000, "calculatedOperatingExpenses": 193625000, "calculatedNetInterest": -1305000, "calculatedOtherIncome": 1827000, "calculatedIncomeNonControlling": 1363000, "calculatedEbitda": 64830000}, {"date": "2012-12-31", "symbol": "FIX", "reportedCurrency": "USD", "cik": "0001035983", "fillingDate": "2013-02-28", "acceptedDate": "2013-02-28 17:08:12", "calendarYear": "2012", "period": "FY", "revenue": 1331185000, "costOfRevenue": 1123564000, "grossProfit": 207621000, "grossProfitRatio": 0.1559670519, "researchAndDevelopmentExpenses": 0, "generalAndAdministrativeExpenses": 185809000, "sellingAndMarketingExpenses": 0, "sellingGeneralAndAdministrativeExpenses": 185809000, "otherExpenses": 145000, "operatingExpenses": 185809000, "costAndExpenses": 1309373000, "interestIncome": 24000, "interestExpense": 1571000, "depreciationAndAmortization": 20630000, "ebitda": 21957000, "ebitdaratio": 0.0164943265, "operatingIncome": 22303000, "operatingIncomeRatio": 0.0167542453, "totalOtherIncomeExpensesNet": 1298000, "incomeBeforeTax": 21539000, "incomeBeforeTaxRatio": 0.0161803205, "incomeTaxExpense": 10045000, "netIncome": 13463000, "netIncomeRatio": 0.0101135455, "eps": 0.36, "epsdiluted": 0.36, "weightedAverageShsOut": 37112000, "weightedAverageShsOutDil": 37259000, "link": "https://www.sec.gov/Archives/edgar/data/1035983/000104746913001962/0001047469-13-001962-index.htm", "finalLink": "https://www.sec.gov/Archives/edgar/data/1035983/000104746913001962/a2213101z10-k.htm", "calculatedOtherExpenses": -491000, "calculatedOperatingExpenses": 185318000, "calculatedNetInterest": -1547000, "calculatedOtherIncome": 783000, "calculatedIncomeNonControlling": -1969000, "calculatedEbitda": 42933000}, {"date": "2011-12-31", "symbol": "FIX", "reportedCurrency": "USD", "cik": "0001035983", "fillingDate": "2012-02-29", "acceptedDate": "2012-02-29 17:25:47", "calendarYear": "2011", "period": "FY", "revenue": 1240020000, "costOfRevenue": 1058568000, "grossProfit": 181452000, "grossProfitRatio": 0.1463298979, "researchAndDevelopmentExpenses": 0, "generalAndAdministrativeExpenses": 172137000, "sellingAndMarketingExpenses": 0, "sellingGeneralAndAdministrativeExpenses": 172137000, "otherExpenses": 0, "operatingExpenses": 172137000, "costAndExpenses": 1230705000, "interestIncome": 128000, "interestExpense": 1886000, "depreciationAndAmortization": 20053000, "ebitda": 29496000, "ebitdaratio": 0.0237867131, "operatingIncome": -49368000, "operatingIncomeRatio": -0.0398122611, "totalOtherIncomeExpensesNet": -52221000, "incomeBeforeTax": -44664000, "incomeBeforeTaxRatio": -0.0360187739, "incomeTaxExpense": -8172000, "netIncome": -36830000, "netIncomeRatio": -0.0297011339, "eps": -0.99, "epsdiluted": -0.99, "weightedAverageShsOut": 37389000, "weightedAverageShsOutDil": 37389000, "link": "https://www.sec.gov/Archives/edgar/data/1035983/000104746912001931/0001047469-12-001931-index.htm", "finalLink": "https://www.sec.gov/Archives/edgar/data/1035983/000104746912001931/a2207539z10-k.htm", "calculatedOtherExpenses": 58683000, "calculatedOperatingExpenses": 230820000, "calculatedNetInterest": -1758000, "calculatedOtherIncome": 6462000, "calculatedIncomeNonControlling": 338000, "calculatedEbitda": -29315000}, {"date": "2010-12-31", "symbol": "FIX", "reportedCurrency": "USD", "cik": "0001035983", "fillingDate": "2011-03-02", "acceptedDate": "2011-03-01 18:43:14", "calendarYear": "2010", "period": "FY", "revenue": 1108282000, "costOfRevenue": 919600000, "grossProfit": 188682000, "grossProfitRatio": 0.1702472836, "researchAndDevelopmentExpenses": 0, "generalAndAdministrativeExpenses": 163431000, "sellingAndMarketingExpenses": 0, "sellingGeneralAndAdministrativeExpenses": 163431000, "otherExpenses": -525000, "operatingExpenses": 162906000, "costAndExpenses": 1082506000, "interestIncome": 193000, "interestExpense": 1699000, "depreciationAndAmortization": 17442000, "ebitda": 43411000, "ebitdaratio": 0.0391696337, "operatingIncome": 20042000, "operatingIncomeRatio": 0.0180838451, "totalOtherIncomeExpensesNet": -3893000, "incomeBeforeTax": 20377000, "incomeBeforeTaxRatio": 0.0183861147, "incomeTaxExpense": 6360000, "netIncome": 14740000, "netIncomeRatio": 0.0132998641, "eps": 0.39, "epsdiluted": 0.39, "weightedAverageShsOut": 37549000, "weightedAverageShsOutDil": 37790000, "link": "https://www.sec.gov/Archives/edgar/data/1035983/000104746911001639/0001047469-11-001639-index.htm", "finalLink": "https://www.sec.gov/Archives/edgar/data/1035983/000104746911001639/a2202340z10-k.htm", "calculatedOtherExpenses": 5209000, "calculatedOperatingExpenses": 168640000, "calculatedNetInterest": -1506000, "calculatedOtherIncome": 1841000, "calculatedIncomeNonControlling": -723000, "calculatedEbitda": 37484000}, {"date": "2009-12-31", "symbol": "FIX", "reportedCurrency": "USD", "cik": "0001035983", "fillingDate": "2010-03-02", "acceptedDate": "2010-03-01 19:44:50", "calendarYear": "2009", "period": "FY", "revenue": 1128907000, "costOfRevenue": 903357000, "grossProfit": 225550000, "grossProfitRatio": 0.199795023, "researchAndDevelopmentExpenses": 0, "generalAndAdministrativeExpenses": 169023000, "sellingAndMarketingExpenses": 0, "sellingGeneralAndAdministrativeExpenses": 169023000, "otherExpenses": 0, "operatingExpenses": 169023000, "costAndExpenses": 1072380000, "interestIncome": 585000, "interestExpense": 1202000, "depreciationAndAmortization": 13499000, "ebitda": 70717000, "ebitdaratio": 0.0626420068, "operatingIncome": 56633000, "operatingIncomeRatio": 0.0501662227, "totalOtherIncomeExpensesNet": 17000, "incomeBeforeTax": 56033000, "incomeBeforeTaxRatio": 0.0496347352, "incomeTaxExpense": 21437000, "netIncome": 34182000, "netIncomeRatio": 0.0302788449, "eps": 0.9, "epsdiluted": 0.89, "weightedAverageShsOut": 38046000, "weightedAverageShsOutDil": 38451000, "link": "https://www.sec.gov/Archives/edgar/data/1035983/000104746910001681/0001047469-10-001681-index.htm", "finalLink": "https://www.sec.gov/Archives/edgar/data/1035983/000104746910001681/a2196867z10-k.htm", "calculatedOtherExpenses": -106000, "calculatedOperatingExpenses": 168917000, "calculatedNetInterest": -617000, "calculatedOtherIncome": 17000, "calculatedIncomeNonControlling": 414000, "calculatedEbitda": 70132000}, {"date": "2008-12-31", "symbol": "FIX", "reportedCurrency": "USD", "cik": "0001035983", "fillingDate": "2009-02-27", "acceptedDate": "2009-02-26 18:54:04", "calendarYear": "2008", "period": "FY", "revenue": 1328465000, "costOfRevenue": 1067224000, "grossProfit": 261241000, "grossProfitRatio": 0.1966487638, "researchAndDevelopmentExpenses": 0, "generalAndAdministrativeExpenses": 182169000, "sellingAndMarketingExpenses": 0, "sellingGeneralAndAdministrativeExpenses": 182169000, "otherExpenses": 2547000, "operatingExpenses": 184716000, "costAndExpenses": 1251940000, "interestIncome": 2547000, "interestExpense": 1387000, "depreciationAndAmortization": 12693000, "ebitda": 91765000, "ebitdaratio": 0.0690759636, "operatingIncome": 79367000, "operatingIncomeRatio": 0.059743388, "totalOtherIncomeExpensesNet": 2906000, "incomeBeforeTax": 80591000, "incomeBeforeTaxRatio": 0.0606647522, "incomeTaxExpense": 30901000, "netIncome": 49690000, "netIncomeRatio": 0.0374040716, "eps": 1.26, "epsdiluted": 1.24, "weightedAverageShsOut": 39424000, "weightedAverageShsOutDil": 40025000, "link": "https://www.sec.gov/Archives/edgar/data/1035983/000104746909001904/0001047469-09-001904-index.htm", "finalLink": "https://www.sec.gov/Archives/edgar/data/1035983/000104746909001904/a2190986z10-k.htm", "calculatedOtherExpenses": -295000, "calculatedOperatingExpenses": 181874000, "calculatedNetInterest": 1160000, "calculatedOtherIncome": 64000, "calculatedIncomeNonControlling": 0, "calculatedEbitda": 92060000}, {"date": "2007-12-31", "symbol": "FIX", "reportedCurrency": "USD", "cik": "0001035983", "fillingDate": "2008-02-28", "acceptedDate": "2008-02-27 19:18:04", "calendarYear": "2007", "period": "FY", "revenue": 1109534000, "costOfRevenue": 912471000, "grossProfit": 197063000, "grossProfitRatio": 0.1776087979, "researchAndDevelopmentExpenses": 0, "generalAndAdministrativeExpenses": 147158000, "sellingAndMarketingExpenses": 0, "sellingGeneralAndAdministrativeExpenses": 147158000, "otherExpenses": 34000, "operatingExpenses": 147192000, "costAndExpenses": 1059663000, "interestIncome": 3285000, "interestExpense": 615000, "depreciationAndAmortization": 6960000, "ebitda": 56860000, "ebitdaratio": 0.0512467396, "operatingIncome": 49871000, "operatingIncomeRatio": 0.0449476988, "totalOtherIncomeExpensesNet": -29000, "incomeBeforeTax": 52546000, "incomeBeforeTaxRatio": 0.0473586208, "incomeTaxExpense": 20080000, "netIncome": 32466000, "netIncomeRatio": 0.029260933, "eps": 0.8, "epsdiluted": 0.79, "weightedAverageShsOut": 40573000, "weightedAverageShsOutDil": 41334000, "link": "https://www.sec.gov/Archives/edgar/data/1035983/000104746908001857/0001047469-08-001857-index.htm", "finalLink": "https://www.sec.gov/Archives/edgar/data/1035983/000104746908001857/a2182896z10-k.htm", "calculatedOtherExpenses": 34000, "calculatedOperatingExpenses": 147192000, "calculatedNetInterest": 2670000, "calculatedOtherIncome": 5000, "calculatedIncomeNonControlling": 0, "calculatedEbitda": 56831000}, {"date": "2006-12-31", "symbol": "FIX", "reportedCurrency": "USD", "cik": "0001035983", "fillingDate": "2007-03-01", "acceptedDate": "2007-02-28 20:01:46", "calendarYear": "2006", "period": "FY", "revenue": 1056525000, "costOfRevenue": 885508000, "grossProfit": 171017000, "grossProfitRatio": 0.1618674428, "researchAndDevelopmentExpenses": 0, "generalAndAdministrativeExpenses": 126620000, "sellingAndMarketingExpenses": 0, "sellingGeneralAndAdministrativeExpenses": 126620000, "otherExpenses": -125000, "operatingExpenses": 126495000, "costAndExpenses": 1012003000, "interestIncome": 2585000, "interestExpense": 616000, "depreciationAndAmortization": 5365000, "ebitda": 49662000, "ebitdaratio": 0.0470050401, "operatingIncome": 44522000, "operatingIncomeRatio": 0.0421400345, "totalOtherIncomeExpensesNet": 225000, "incomeBeforeTax": 46591000, "incomeBeforeTaxRatio": 0.0440983413, "incomeTaxExpense": 17874000, "netIncome": 28724000, "netIncomeRatio": 0.0271872412, "eps": 0.71, "epsdiluted": 0.7, "weightedAverageShsOut": 40247000, "weightedAverageShsOutDil": 41146000, "link": "https://www.sec.gov/Archives/edgar/data/1035983/000110465907015093/0001104659-07-015093-index.htm", "finalLink": "https://www.sec.gov/Archives/edgar/data/1035983/000110465907015093/a07-5471_110k.htm", "calculatedOtherExpenses": -125000, "calculatedOperatingExpenses": 126495000, "calculatedNetInterest": 1969000, "calculatedOtherIncome": 100000, "calculatedIncomeNonControlling": -7000, "calculatedEbitda": 49887000}, {"date": "2005-12-31", "symbol": "FIX", "reportedCurrency": "USD", "cik": "0001035983", "fillingDate": "2006-02-28", "acceptedDate": "2006-02-27 19:08:04", "calendarYear": "2005", "period": "FY", "revenue": 899531000, "costOfRevenue": 752354000, "grossProfit": 147177000, "grossProfitRatio": 0.1636152617, "researchAndDevelopmentExpenses": 0, "generalAndAdministrativeExpenses": 114611000, "sellingAndMarketingExpenses": 0, "sellingGeneralAndAdministrativeExpenses": 114611000, "otherExpenses": 33841000, "operatingExpenses": 148452000, "costAndExpenses": 900806000, "interestIncome": 766000, "interestExpense": 1075000, "depreciationAndAmortization": 5113000, "ebitda": 38442000, "ebitdaratio": 0.0427356033, "operatingIncome": -1275000, "operatingIncomeRatio": -0.0014174053, "totalOtherIncomeExpensesNet": -34604000, "incomeBeforeTax": -2347000, "incomeBeforeTaxRatio": -0.0026091374, "incomeTaxExpense": 14027000, "netIncome": -6226000, "netIncomeRatio": -0.0069213846, "eps": -0.16, "epsdiluted": -0.16, "weightedAverageShsOut": 39298000, "weightedAverageShsOutDil": 39298000, "link": "https://www.sec.gov/Archives/edgar/data/1035983/000110465906012318/0001104659-06-012318-index.htm", "finalLink": "https://www.sec.gov/Archives/edgar/data/1035983/000110465906012318/a06-1884_110k.htm", "calculatedOtherExpenses": 33841000, "calculatedOperatingExpenses": 148452000, "calculatedNetInterest": -309000, "calculatedOtherIncome": -763000, "calculatedIncomeNonControlling": -10148000, "calculatedEbitda": 3838000}, {"date": "2004-12-31", "symbol": "FIX", "reportedCurrency": "USD", "cik": "0001035983", "fillingDate": "2005-03-02", "acceptedDate": "2005-03-02 16:03:30", "calendarYear": "2004", "period": "FY", "revenue": 819552000, "costOfRevenue": 687948000, "grossProfit": 131604000, "grossProfitRatio": 0.1605804147, "researchAndDevelopmentExpenses": 0, "generalAndAdministrativeExpenses": 108000000, "sellingAndMarketingExpenses": 0, "sellingGeneralAndAdministrativeExpenses": 108000000, "otherExpenses": 3347000, "operatingExpenses": 111347000, "costAndExpenses": 799295000, "interestIncome": 172000, "interestExpense": 1566000, "depreciationAndAmortization": 8450000, "ebitda": 29110000, "ebitdaratio": 0.0355194057, "operatingIncome": 20257000, "operatingIncomeRatio": 0.0247171625, "totalOtherIncomeExpensesNet": -403000, "incomeBeforeTax": 18460000, "incomeBeforeTaxRatio": 0.0225245012, "incomeTaxExpense": 8267000, "netIncome": 10713000, "netIncomeRatio": 0.0130717758, "eps": 0.28, "epsdiluted": 0.27, "weightedAverageShsOut": 38409000, "weightedAverageShsOutDil": 39505000, "link": "https://www.sec.gov/Archives/edgar/data/1035983/000110465905009133/0001104659-05-009133-index.htm", "finalLink": "https://www.sec.gov/Archives/edgar/data/1035983/000110465905009133/a05-3947_110k.htm", "calculatedOtherExpenses": 3347000, "calculatedOperatingExpenses": 111347000, "calculatedNetInterest": -1394000, "calculatedOtherIncome": -403000, "calculatedIncomeNonControlling": -520000, "calculatedEbitda": 28707000}, {"date": "2003-12-31", "symbol": "FIX", "reportedCurrency": "USD", "cik": "0001035983", "fillingDate": "2004-02-27", "acceptedDate": "2004-02-27 08:17:23", "calendarYear": "2003", "period": "FY", "revenue": 784976000, "costOfRevenue": 658427000, "grossProfit": 126549000, "grossProfitRatio": 0.161213846, "researchAndDevelopmentExpenses": 0, "generalAndAdministrativeExpenses": 114542000, "sellingAndMarketingExpenses": 0, "sellingGeneralAndAdministrativeExpenses": 114542000, "otherExpenses": 2726000, "operatingExpenses": 117268000, "costAndExpenses": 775695000, "interestIncome": 66000, "interestExpense": 3893000, "depreciationAndAmortization": 6839000, "ebitda": 23693000, "ebitdaratio": 0.0301830884, "operatingIncome": 6058000, "operatingIncomeRatio": 0.0077174334, "totalOtherIncomeExpensesNet": -7573000, "incomeBeforeTax": -2119000, "incomeBeforeTaxRatio": -0.0026994456, "incomeTaxExpense": -1095000, "netIncome": -5579000, "netIncomeRatio": -0.0071072237, "eps": -0.15, "epsdiluted": -0.15, "weightedAverageShsOut": 37193333, "weightedAverageShsOutDil": 37193333, "link": "https://www.sec.gov/Archives/edgar/data/1035983/000104746904005828/0001047469-04-005828-index.htm", "finalLink": "https://www.sec.gov/Archives/edgar/data/1035983/000104746904005828/a2129426z10-k.htm", "calculatedOtherExpenses": 5949000, "calculatedOperatingExpenses": 120491000, "calculatedNetInterest": -3827000, "calculatedOtherIncome": -4350000, "calculatedIncomeNonControlling": 4555000, "calculatedEbitda": 12897000}, {"date": "2002-12-31", "symbol": "FIX", "reportedCurrency": "USD", "cik": "0001035983", "fillingDate": "2003-03-31", "acceptedDate": "2003-03-31 14:59:08", "calendarYear": "2002", "period": "FY", "revenue": 819282000, "costOfRevenue": 676268000, "grossProfit": 143014000, "grossProfitRatio": 0.1745601637, "researchAndDevelopmentExpenses": 0, "generalAndAdministrativeExpenses": 127051000, "sellingAndMarketingExpenses": 0, "sellingGeneralAndAdministrativeExpenses": 127051000, "otherExpenses": 218000, "operatingExpenses": 127269000, "costAndExpenses": 803537000, "interestIncome": 71000, "interestExpense": 4951000, "depreciationAndAmortization": 9243000, "ebitda": 25471000, "ebitdaratio": 0.0310894173, "operatingIncome": 13867000, "operatingIncomeRatio": 0.016925796, "totalOtherIncomeExpensesNet": -483000, "incomeBeforeTax": 10382000, "incomeBeforeTaxRatio": 0.0126720714, "incomeTaxExpense": 4903000, "netIncome": -209080000, "netIncomeRatio": -0.2551990645, "eps": -5.56, "epsdiluted": -5.48, "weightedAverageShsOut": 37604317, "weightedAverageShsOutDil": 38153285, "link": "https://www.sec.gov/Archives/edgar/data/1035983/000095012903001732/0000950129-03-001732-index.htm", "finalLink": "https://www.sec.gov/Archives/edgar/data/1035983/000095012903001732/h03366e10vk.txt", "calculatedOtherExpenses": 2096000, "calculatedOperatingExpenses": 129147000, "calculatedNetInterest": -4880000, "calculatedOtherIncome": 1395000, "calculatedIncomeNonControlling": 214559000, "calculatedEbitda": 23110000}, {"date": "2001-12-31", "symbol": "FIX", "reportedCurrency": "USD", "cik": "0001035983", "fillingDate": "2002-03-06", "acceptedDate": "2002-03-06 00:00:00", "calendarYear": "2001", "period": "FY", "revenue": 1546282000, "costOfRevenue": 1270113000, "grossProfit": 276169000, "grossProfitRatio": 0.1786019626, "researchAndDevelopmentExpenses": 0, "generalAndAdministrativeExpenses": 212988000, "sellingAndMarketingExpenses": 0, "sellingGeneralAndAdministrativeExpenses": 212988000, "otherExpenses": 12084000, "operatingExpenses": 225072000, "costAndExpenses": 1495185000, "interestIncome": 186000, "interestExpense": 21962000, "depreciationAndAmortization": 24466000, "ebitda": 75228000, "ebitdaratio": 0.0486508929, "operatingIncome": 50859000, "operatingIncomeRatio": 0.0328911544, "totalOtherIncomeExpensesNet": 335000, "incomeBeforeTax": 29656000, "incomeBeforeTaxRatio": 0.0191789079, "incomeTaxExpense": 16532000, "netIncome": 13124000, "netIncomeRatio": 0.0084874557, "eps": 0.35, "epsdiluted": 0.35, "weightedAverageShsOut": 37497143, "weightedAverageShsOutDil": 37497143, "link": "https://www.sec.gov/Archives/edgar/data/1035983/000095013402001814/0000950134-02-001814-index.htm", "finalLink": "https://www.sec.gov/Archives/edgar/data/1035983/000095013402001814/h94489e10-k.txt", "calculatedOtherExpenses": 12322000, "calculatedOperatingExpenses": 225310000, "calculatedNetInterest": -21776000, "calculatedOtherIncome": 573000, "calculatedIncomeNonControlling": 0, "calculatedEbitda": 75325000}, {"date": "2000-12-31", "symbol": "FIX", "reportedCurrency": "USD", "cik": "0001035983", "fillingDate": "2001-03-27", "acceptedDate": "2001-03-27 00:00:00", "calendarYear": "2000", "period": "FY", "revenue": 1591066000, "costOfRevenue": 1294499000, "grossProfit": 296567000, "grossProfitRatio": 0.186395159, "researchAndDevelopmentExpenses": 0, "generalAndAdministrativeExpenses": 225894000, "sellingAndMarketingExpenses": 0, "sellingGeneralAndAdministrativeExpenses": 225894000, "otherExpenses": 24902000, "operatingExpenses": 250796000, "costAndExpenses": 1545295000, "interestIncome": 514000, "interestExpense": 26886000, "depreciationAndAmortization": 24902000, "ebitda": 101140000, "ebitdaratio": 0.0635674447, "operatingIncome": 45771000, "operatingIncomeRatio": 0.0287675056, "totalOtherIncomeExpensesNet": -30467000, "incomeBeforeTax": -11068000, "incomeBeforeTaxRatio": -0.0069563425, "incomeTaxExpense": 5785000, "netIncome": -16853000, "netIncomeRatio": -0.0105922696, "eps": -0.45, "epsdiluted": -0.45, "weightedAverageShsOut": 37451111, "weightedAverageShsOutDil": 37451111, "link": "https://www.sec.gov/Archives/edgar/data/1035983/000095012901001677/0000950129-01-001677-index.htm", "finalLink": "https://www.sec.gov/Archives/edgar/data/1035983/000095012901001677/h85278e10-k.txt", "calculatedOtherExpenses": 24902000, "calculatedOperatingExpenses": 250796000, "calculatedNetInterest": -26372000, "calculatedOtherIncome": -30467000, "calculatedIncomeNonControlling": 0, "calculatedEbitda": 70673000}, {"date": "1999-12-31", "symbol": "FIX", "reportedCurrency": "USD", "cik": "0001035983", "fillingDate": "2000-03-16", "acceptedDate": "2000-03-16 00:00:00", "calendarYear": "1999", "period": "FY", "revenue": 1370000000, "costOfRevenue": 1066000000, "grossProfit": 304000000, "grossProfitRatio": 0.2218978102, "researchAndDevelopmentExpenses": 0, "generalAndAdministrativeExpenses": 187800000, "sellingAndMarketingExpenses": 0, "sellingGeneralAndAdministrativeExpenses": 187800000, "otherExpenses": 23100000, "operatingExpenses": 210900000, "costAndExpenses": 1276900000, "interestIncome": 0, "interestExpense": 0, "depreciationAndAmortization": 23100000, "ebitda": 116200000, "ebitdaratio": 0.0848175182, "operatingIncome": 93100000, "operatingIncomeRatio": 0.0679562044, "totalOtherIncomeExpensesNet": -19100000, "incomeBeforeTax": 74000000, "incomeBeforeTaxRatio": 0.0540145985, "incomeTaxExpense": 31700000, "netIncome": 42300000, "netIncomeRatio": 0.0308759124, "eps": 1.1, "epsdiluted": 1.09, "weightedAverageShsOut": 38561000, "weightedAverageShsOutDil": 39699000, "link": "https://www.sec.gov/Archives/edgar/data/1035983/000089056600000296/0000890566-00-000296-index.html", "finalLink": "https://www.sec.gov/Archives/edgar/data/1035983/000089056600000296/", "calculatedOtherExpenses": 23100000, "calculatedOperatingExpenses": 210900000, "calculatedNetInterest": 0, "calculatedOtherIncome": -19100000, "calculatedIncomeNonControlling": 0, "calculatedEbitda": 116200000}, {"date": "1998-12-31", "symbol": "FIX", "reportedCurrency": "USD", "cik": "0001035983", "fillingDate": "1999-03-31", "acceptedDate": "1999-03-31 00:00:00", "calendarYear": "1998", "period": "FY", "revenue": 854000000, "costOfRevenue": 633500000, "grossProfit": 220500000, "grossProfitRatio": 0.2581967213, "researchAndDevelopmentExpenses": 0, "generalAndAdministrativeExpenses": 130400000, "sellingAndMarketingExpenses": 0, "sellingGeneralAndAdministrativeExpenses": 130400000, "otherExpenses": 14000000, "operatingExpenses": 144400000, "costAndExpenses": 777900000, "interestIncome": 0, "interestExpense": 7600000, "depreciationAndAmortization": 14000000, "ebitda": 96500000, "ebitdaratio": 0.1129976581, "operatingIncome": 76100000, "operatingIncomeRatio": 0.0891100703, "totalOtherIncomeExpensesNet": -6400000, "incomeBeforeTax": 62000000, "incomeBeforeTaxRatio": 0.0725995316, "incomeTaxExpense": 27000000, "netIncome": 35000000, "netIncomeRatio": 0.0409836066, "eps": 1.06, "epsdiluted": 1.04, "weightedAverageShsOut": 32962000, "weightedAverageShsOutDil": 34329000, "link": "https://www.sec.gov/Archives/edgar/data/1035983/000089056699000401/0000890566-99-000401-index.html", "finalLink": "https://www.sec.gov/Archives/edgar/data/1035983/", "calculatedOtherExpenses": 14000000, "calculatedOperatingExpenses": 144400000, "calculatedNetInterest": -7600000, "calculatedOtherIncome": -6500000, "calculatedIncomeNonControlling": 0, "calculatedEbitda": 90100000}, {"date": "1997-12-31", "symbol": "FIX", "reportedCurrency": "USD", "cik": "0001035983", "fillingDate": "1998-03-30", "acceptedDate": "1998-03-30 00:00:00", "calendarYear": "1997", "period": "FY", "revenue": 237700000, "costOfRevenue": 167900000, "grossProfit": 69800000, "grossProfitRatio": 0.2936474548, "researchAndDevelopmentExpenses": 0, "generalAndAdministrativeExpenses": 61200000, "sellingAndMarketingExpenses": 0, "sellingGeneralAndAdministrativeExpenses": 61200000, "otherExpenses": 4000000, "operatingExpenses": 65200000, "costAndExpenses": 233100000, "interestIncome": 0, "interestExpense": 0, "depreciationAndAmortization": 4000000, "ebitda": 7300000, "ebitdaratio": 0.0307109802, "operatingIncome": 4600000, "operatingIncomeRatio": 0.0193521245, "totalOtherIncomeExpensesNet": 1300000, "incomeBeforeTax": 4600000, "incomeBeforeTaxRatio": 0.0193521245, "incomeTaxExpense": 7400000, "netIncome": -2800000, "netIncomeRatio": -0.0117795541, "eps": -0.15, "epsdiluted": -0.15, "weightedAverageShsOut": 19090909, "weightedAverageShsOutDil": 19090909, "link": "https://www.sec.gov/Archives/edgar/data/1035983/000089056698000491/0000890566-98-000491-index.html", "finalLink": "https://www.sec.gov/Archives/edgar/data/1035983/", "calculatedOtherExpenses": 4000000, "calculatedOperatingExpenses": 65200000, "calculatedNetInterest": 0, "calculatedOtherIncome": 0, "calculatedIncomeNonControlling": 0, "calculatedEbitda": 8600000}]}