{"originalCurrency": "USD", "convertedCurrency": "USD", "report": [{"date": "2023-04-29", "symbol": "FIZZ", "reportedCurrency": "USD", "cik": "0000069891", "fillingDate": "2023-06-28", "acceptedDate": "2023-06-28 17:05:29", "calendarYear": "2023", "period": "FY", "revenue": 1172932000, "costOfRevenue": 776143000, "grossProfit": 396789000, "grossProfitRatio": 0.3382881531, "researchAndDevelopmentExpenses": 0, "generalAndAdministrativeExpenses": 79205000, "sellingAndMarketingExpenses": 130900000, "sellingGeneralAndAdministrativeExpenses": 210105000, "otherExpenses": -2542000, "operatingExpenses": 210105000, "costAndExpenses": 986248000, "interestIncome": 2300000, "interestExpense": 242000, "depreciationAndAmortization": 33281000, "ebitda": 219965000, "ebitdaratio": 0.1875343157, "operatingIncome": 186684000, "operatingIncomeRatio": 0.1591601218, "totalOtherIncomeExpensesNet": -242000, "incomeBeforeTax": 186442000, "incomeBeforeTaxRatio": 0.1589538012, "incomeTaxExpense": 44278000, "netIncome": 142164000, "netIncomeRatio": 0.1212039573, "eps": 1.52, "epsdiluted": 1.52, "weightedAverageShsOut": 93347000, "weightedAverageShsOutDil": 93608000, "link": "https://www.sec.gov/Archives/edgar/data/69891/000143774923018790/0001437749-23-018790-index.htm", "finalLink": "https://www.sec.gov/Archives/edgar/data/69891/000143774923018790/fizz20230429_10k.htm", "calculatedOtherExpenses": 0, "calculatedOperatingExpenses": 210105000, "calculatedNetInterest": 2058000, "calculatedOtherIncome": -2300000, "calculatedIncomeNonControlling": 0, "calculatedEbitda": 219965000}, {"date": "2022-04-30", "symbol": "FIZZ", "reportedCurrency": "USD", "cik": "0000069891", "fillingDate": "2022-06-29", "acceptedDate": "2022-06-29 16:28:34", "calendarYear": "2022", "period": "FY", "revenue": 1138013000, "costOfRevenue": 720208000, "grossProfit": 417805000, "grossProfitRatio": 0.3671355248, "researchAndDevelopmentExpenses": 0, "generalAndAdministrativeExpenses": 74649000, "sellingAndMarketingExpenses": 135300000, "sellingGeneralAndAdministrativeExpenses": 209949000, "otherExpenses": -260000, "operatingExpenses": 209949000, "costAndExpenses": 930157000, "interestIncome": 100000, "interestExpense": 260000, "depreciationAndAmortization": 31802000, "ebitda": 239658000, "ebitdaratio": 0.2105933763, "operatingIncome": 207856000, "operatingIncomeRatio": 0.1826481771, "totalOtherIncomeExpensesNet": -260000, "incomeBeforeTax": 207596000, "incomeBeforeTaxRatio": 0.1824197087, "incomeTaxExpense": 49084000, "netIncome": 158512000, "netIncomeRatio": 0.1392883913, "eps": 1.7, "epsdiluted": 1.69, "weightedAverageShsOut": 93323000, "weightedAverageShsOutDil": 93599000, "link": "https://www.sec.gov/Archives/edgar/data/69891/000143774922016173/0001437749-22-016173-index.htm", "finalLink": "https://www.sec.gov/Archives/edgar/data/69891/000143774922016173/fizz20220623_10k.htm", "calculatedOtherExpenses": 0, "calculatedOperatingExpenses": 209949000, "calculatedNetInterest": -160000, "calculatedOtherIncome": -100000, "calculatedIncomeNonControlling": 0, "calculatedEbitda": 239658000}, {"date": "2021-05-01", "symbol": "FIZZ", "reportedCurrency": "USD", "cik": "0000069891", "fillingDate": "2021-06-30", "acceptedDate": "2021-06-30 16:59:17", "calendarYear": "2021", "period": "FY", "revenue": 1072210000, "costOfRevenue": 650594000, "grossProfit": 421616000, "grossProfitRatio": 0.3932214771, "researchAndDevelopmentExpenses": 0, "generalAndAdministrativeExpenses": 74891000, "sellingAndMarketingExpenses": 118900000, "sellingGeneralAndAdministrativeExpenses": 193791000, "otherExpenses": 312000, "operatingExpenses": 193791000, "costAndExpenses": 844385000, "interestIncome": 600000, "interestExpense": 220000, "depreciationAndAmortization": 31157000, "ebitda": 258982000, "ebitdaratio": 0.2415403699, "operatingIncome": 227825000, "operatingIncomeRatio": 0.2124816967, "totalOtherIncomeExpensesNet": 312000, "incomeBeforeTax": 228137000, "incomeBeforeTaxRatio": 0.2127726845, "incomeTaxExpense": 53991000, "netIncome": 174146000, "netIncomeRatio": 0.1624178099, "eps": 1.87, "epsdiluted": 1.86, "weightedAverageShsOut": 93280000, "weightedAverageShsOutDil": 93620000, "link": "https://www.sec.gov/Archives/edgar/data/69891/000143774921016078/0001437749-21-016078-index.htm", "finalLink": "https://www.sec.gov/Archives/edgar/data/69891/000143774921016078/fizz20210501_10k.htm", "calculatedOtherExpenses": 0, "calculatedOperatingExpenses": 193791000, "calculatedNetInterest": 380000, "calculatedOtherIncome": -68000, "calculatedIncomeNonControlling": 0, "calculatedEbitda": 258982000}, {"date": "2020-05-02", "symbol": "FIZZ", "reportedCurrency": "USD", "cik": "0000069891", "fillingDate": "2020-07-01", "acceptedDate": "2020-07-01 17:31:51", "calendarYear": "2020", "period": "FY", "revenue": 1000394000, "costOfRevenue": 630254000, "grossProfit": 370140000, "grossProfitRatio": 0.3699942223, "researchAndDevelopmentExpenses": 0, "generalAndAdministrativeExpenses": 79794000, "sellingAndMarketingExpenses": 124600000, "sellingGeneralAndAdministrativeExpenses": 204394000, "otherExpenses": 3709000, "operatingExpenses": 204394000, "costAndExpenses": 834648000, "interestIncome": 3900000, "interestExpense": 0, "depreciationAndAmortization": 30585000, "ebitda": 196331000, "ebitdaratio": 0.1962536761, "operatingIncome": 165746000, "operatingIncomeRatio": 0.1656807218, "totalOtherIncomeExpensesNet": 3709000, "incomeBeforeTax": 169455000, "incomeBeforeTaxRatio": 0.169388261, "incomeTaxExpense": 39483000, "netIncome": 129972000, "netIncomeRatio": 0.1299208112, "eps": 1.39, "epsdiluted": 1.39, "weightedAverageShsOut": 93256000, "weightedAverageShsOutDil": 93656000, "link": "https://www.sec.gov/Archives/edgar/data/69891/000143774920014395/0001437749-20-014395-index.htm", "finalLink": "https://www.sec.gov/Archives/edgar/data/69891/000143774920014395/fizz20200502_10k.htm", "calculatedOtherExpenses": 0, "calculatedOperatingExpenses": 204394000, "calculatedNetInterest": 3900000, "calculatedOtherIncome": -191000, "calculatedIncomeNonControlling": 0, "calculatedEbitda": 196331000}, {"date": "2019-04-27", "symbol": "FIZZ", "reportedCurrency": "USD", "cik": "0000069891", "fillingDate": "2019-06-26", "acceptedDate": "2019-06-26 16:37:38", "calendarYear": "2019", "period": "FY", "revenue": 1014105000, "costOfRevenue": 629755000, "grossProfit": 384350000, "grossProfitRatio": 0.3790041465, "researchAndDevelopmentExpenses": 0, "generalAndAdministrativeExpenses": 76715000, "sellingAndMarketingExpenses": 127700000, "sellingGeneralAndAdministrativeExpenses": 204415000, "otherExpenses": 4144000, "operatingExpenses": 204415000, "costAndExpenses": 834170000, "interestIncome": 4099999, "interestExpense": 202000, "depreciationAndAmortization": 15439000, "ebitda": 199518000, "ebitdaratio": 0.1967429408, "operatingIncome": 179935000, "operatingIncomeRatio": 0.1774323172, "totalOtherIncomeExpensesNet": 4144000, "incomeBeforeTax": 183877000, "incomeBeforeTaxRatio": 0.1813194886, "incomeTaxExpense": 43024000, "netIncome": 140853000, "netIncomeRatio": 0.1388939015, "eps": 1.51, "epsdiluted": 1.5, "weightedAverageShsOut": 93266000, "weightedAverageShsOutDil": 93834000, "link": "https://www.sec.gov/Archives/edgar/data/69891/000143774919012816/0001437749-19-012816-index.htm", "finalLink": "https://www.sec.gov/Archives/edgar/data/69891/000143774919012816/fizz20190427_10k.htm", "calculatedOtherExpenses": 0, "calculatedOperatingExpenses": 204415000, "calculatedNetInterest": 3897999, "calculatedOtherIncome": 44001, "calculatedIncomeNonControlling": 0, "calculatedEbitda": 195374000}, {"date": "2018-04-28", "symbol": "FIZZ", "reportedCurrency": "USD", "cik": "0000069891", "fillingDate": "2018-06-27", "acceptedDate": "2018-06-27 10:53:33", "calendarYear": "2018", "period": "FY", "revenue": 975734000, "costOfRevenue": 584599000, "grossProfit": 391135000, "grossProfitRatio": 0.4008623252, "researchAndDevelopmentExpenses": 0, "generalAndAdministrativeExpenses": 73947000, "sellingAndMarketingExpenses": 113000000, "sellingGeneralAndAdministrativeExpenses": 186947000, "otherExpenses": 1502000, "operatingExpenses": 186947000, "costAndExpenses": 771546000, "interestIncome": 0, "interestExpense": 201000, "depreciationAndAmortization": 13226000, "ebitda": 218916000, "ebitdaratio": 0.2243603277, "operatingIncome": 204188000, "operatingIncomeRatio": 0.20926605, "totalOtherIncomeExpensesNet": 1502000, "incomeBeforeTax": 205489000, "incomeBeforeTaxRatio": 0.2105994052, "incomeTaxExpense": 55715000, "netIncome": 149774000, "netIncomeRatio": 0.1534988019, "eps": 1.61, "epsdiluted": 1.6, "weightedAverageShsOut": 93196000, "weightedAverageShsOutDil": 93842000, "link": "https://www.sec.gov/Archives/edgar/data/69891/000143774918012472/0001437749-18-012472-index.htm", "finalLink": "https://www.sec.gov/Archives/edgar/data/69891/000143774918012472/fizz20180428_10k.htm", "calculatedOtherExpenses": 0, "calculatedOperatingExpenses": 186947000, "calculatedNetInterest": -201000, "calculatedOtherIncome": 1502000, "calculatedIncomeNonControlling": 0, "calculatedEbitda": 217414000}, {"date": "2017-04-29", "symbol": "FIZZ", "reportedCurrency": "USD", "cik": "0000069891", "fillingDate": "2017-07-13", "acceptedDate": "2017-07-13 11:04:52", "calendarYear": "2017", "period": "FY", "revenue": 826918000, "costOfRevenue": 500841000, "grossProfit": 326077000, "grossProfitRatio": 0.3943280954, "researchAndDevelopmentExpenses": 0, "generalAndAdministrativeExpenses": 68700000, "sellingAndMarketingExpenses": 94900000, "sellingGeneralAndAdministrativeExpenses": 163600000, "otherExpenses": 537000, "operatingExpenses": 163600000, "costAndExpenses": 664441000, "interestIncome": 0, "interestExpense": 189000, "depreciationAndAmortization": 12834000, "ebitda": 175848000, "ebitdaratio": 0.2126547009, "operatingIncome": 162477000, "operatingIncomeRatio": 0.1964850203, "totalOtherIncomeExpensesNet": 537000, "incomeBeforeTax": 162825000, "incomeBeforeTaxRatio": 0.1969058601, "incomeTaxExpense": 55780000, "netIncome": 107045000, "netIncomeRatio": 0.1294505622, "eps": 1.15, "epsdiluted": 1.15, "weightedAverageShsOut": 93128000, "weightedAverageShsOutDil": 93540000, "link": "https://www.sec.gov/Archives/edgar/data/69891/000143774917012545/0001437749-17-012545-index.htm", "finalLink": "https://www.sec.gov/Archives/edgar/data/69891/000143774917012545/fizz20170429_10k.htm", "calculatedOtherExpenses": 0, "calculatedOperatingExpenses": 163600000, "calculatedNetInterest": -189000, "calculatedOtherIncome": 537000, "calculatedIncomeNonControlling": 0, "calculatedEbitda": 175311000}, {"date": "2016-04-30", "symbol": "FIZZ", "reportedCurrency": "USD", "cik": "0000069891", "fillingDate": "2016-07-14", "acceptedDate": "2016-07-14 17:18:32", "calendarYear": "2016", "period": "FY", "revenue": 704785000, "costOfRevenue": 463348000, "grossProfit": 241437000, "grossProfitRatio": 0.342568301, "researchAndDevelopmentExpenses": 0, "generalAndAdministrativeExpenses": 64984000, "sellingAndMarketingExpenses": 83400000, "sellingGeneralAndAdministrativeExpenses": 148384000, "otherExpenses": -145000, "operatingExpenses": 148384000, "costAndExpenses": 611732000, "interestIncome": 0, "interestExpense": 203000, "depreciationAndAmortization": 12056000, "ebitda": 104964000, "ebitdaratio": 0.1489305249, "operatingIncome": 93053000, "operatingIncomeRatio": 0.1320303355, "totalOtherIncomeExpensesNet": -145000, "incomeBeforeTax": 92705000, "incomeBeforeTaxRatio": 0.1315365679, "incomeTaxExpense": 31507000, "netIncome": 61198000, "netIncomeRatio": 0.0868321545, "eps": 0.66, "epsdiluted": 0.66, "weightedAverageShsOut": 92904000, "weightedAverageShsOutDil": 93342000, "link": "https://www.sec.gov/Archives/edgar/data/69891/000143774916035243/0001437749-16-035243-index.htm", "finalLink": "https://www.sec.gov/Archives/edgar/data/69891/000143774916035243/fizz20160430_10k.htm", "calculatedOtherExpenses": 0, "calculatedOperatingExpenses": 148384000, "calculatedNetInterest": -203000, "calculatedOtherIncome": -145000, "calculatedIncomeNonControlling": 0, "calculatedEbitda": 105109000}, {"date": "2015-05-02", "symbol": "FIZZ", "reportedCurrency": "USD", "cik": "0000069891", "fillingDate": "2015-07-16", "acceptedDate": "2015-07-16 17:12:55", "calendarYear": "2015", "period": "FY", "revenue": 645825000, "costOfRevenue": 426685000, "grossProfit": 219140000, "grossProfitRatio": 0.3393179267, "researchAndDevelopmentExpenses": 0, "generalAndAdministrativeExpenses": 58357000, "sellingAndMarketingExpenses": 86800000, "sellingGeneralAndAdministrativeExpenses": 145157000, "otherExpenses": 1101000, "operatingExpenses": 145157000, "costAndExpenses": 571842000, "interestIncome": 0, "interestExpense": 371000, "depreciationAndAmortization": 11580000, "ebitda": 86664000, "ebitdaratio": 0.1341911509, "operatingIncome": 73983000, "operatingIncomeRatio": 0.1145558007, "totalOtherIncomeExpensesNet": 1101000, "incomeBeforeTax": 74713000, "incomeBeforeTaxRatio": 0.1156861379, "incomeTaxExpense": 25402000, "netIncome": 49311000, "netIncomeRatio": 0.0763535013, "eps": 0.53, "epsdiluted": 0.53, "weightedAverageShsOut": 92706000, "weightedAverageShsOutDil": 93118000, "link": "https://www.sec.gov/Archives/edgar/data/69891/000143774915013692/0001437749-15-013692-index.htm", "finalLink": "https://www.sec.gov/Archives/edgar/data/69891/000143774915013692/fizz20150430_10k.htm", "calculatedOtherExpenses": 0, "calculatedOperatingExpenses": 145157000, "calculatedNetInterest": -371000, "calculatedOtherIncome": 1101000, "calculatedIncomeNonControlling": 0, "calculatedEbitda": 85563000}, {"date": "2014-05-03", "symbol": "FIZZ", "reportedCurrency": "USD", "cik": "0000069891", "fillingDate": "2014-07-17", "acceptedDate": "2014-07-17 17:26:57", "calendarYear": "2014", "period": "FY", "revenue": 641135000, "costOfRevenue": 423480000, "grossProfit": 217655000, "grossProfitRatio": 0.339483884, "researchAndDevelopmentExpenses": 0, "generalAndAdministrativeExpenses": 58620000, "sellingAndMarketingExpenses": 94600000, "sellingGeneralAndAdministrativeExpenses": 153220000, "otherExpenses": -666000, "operatingExpenses": 153220000, "costAndExpenses": 576700000, "interestIncome": 0, "interestExpense": 660000, "depreciationAndAmortization": 11708000, "ebitda": 75477000, "ebitdaratio": 0.1177240363, "operatingIncome": 64435000, "operatingIncomeRatio": 0.1005014545, "totalOtherIncomeExpensesNet": -666000, "incomeBeforeTax": 63109000, "incomeBeforeTaxRatio": 0.0984332473, "incomeTaxExpense": 19474000, "netIncome": 43635000, "netIncomeRatio": 0.0680589891, "eps": 0.47, "epsdiluted": 0.46, "weightedAverageShsOut": 92662000, "weightedAverageShsOutDil": 93038000, "link": "https://www.sec.gov/Archives/edgar/data/69891/000143774914012942/0001437749-14-012942-index.htm", "finalLink": "https://www.sec.gov/Archives/edgar/data/69891/000143774914012942/fizz20140430_10k.htm", "calculatedOtherExpenses": 0, "calculatedOperatingExpenses": 153220000, "calculatedNetInterest": -660000, "calculatedOtherIncome": -666000, "calculatedIncomeNonControlling": 0, "calculatedEbitda": 76143000}, {"date": "2013-04-27", "symbol": "FIZZ", "reportedCurrency": "USD", "cik": "0000069891", "fillingDate": "2013-07-11", "acceptedDate": "2013-07-11 14:05:30", "calendarYear": "2013", "period": "FY", "revenue": 662007000, "costOfRevenue": 444757000, "grossProfit": 217250000, "grossProfitRatio": 0.3281687354, "researchAndDevelopmentExpenses": 0, "generalAndAdministrativeExpenses": 57423000, "sellingAndMarketingExpenses": 88800000, "sellingGeneralAndAdministrativeExpenses": 146223000, "otherExpenses": -147000, "operatingExpenses": 146223000, "costAndExpenses": 590980000, "interestIncome": 37000, "interestExpense": 403000, "depreciationAndAmortization": 11002000, "ebitda": 81919000, "ebitdaratio": 0.1237434045, "operatingIncome": 71027000, "operatingIncomeRatio": 0.1072904063, "totalOtherIncomeExpensesNet": -210000, "incomeBeforeTax": 70451000, "incomeBeforeTaxRatio": 0.1064203249, "incomeTaxExpense": 23531000, "netIncome": 46920000, "netIncomeRatio": 0.0708753835, "eps": 0.51, "epsdiluted": 0.51, "weightedAverageShsOut": 92620000, "weightedAverageShsOutDil": 92964000, "link": "https://www.sec.gov/Archives/edgar/data/69891/000143774913008687/0001437749-13-008687-index.htm", "finalLink": "https://www.sec.gov/Archives/edgar/data/69891/000143774913008687/fizz20130702_10k.htm", "calculatedOtherExpenses": 0, "calculatedOperatingExpenses": 146223000, "calculatedNetInterest": -366000, "calculatedOtherIncome": -210000, "calculatedIncomeNonControlling": 0, "calculatedEbitda": 82029000}, {"date": "2012-04-28", "symbol": "FIZZ", "reportedCurrency": "USD", "cik": "0000069891", "fillingDate": "2012-07-12", "acceptedDate": "2012-07-12 15:48:29", "calendarYear": "2012", "period": "FY", "revenue": 628886000, "costOfRevenue": 415629000, "grossProfit": 213257000, "grossProfitRatio": 0.3391027945, "researchAndDevelopmentExpenses": 0, "generalAndAdministrativeExpenses": 0, "sellingAndMarketingExpenses": 0, "sellingGeneralAndAdministrativeExpenses": 146169000, "otherExpenses": 0, "operatingExpenses": 146169000, "costAndExpenses": 561798000, "interestIncome": 69000, "interestExpense": 107000, "depreciationAndAmortization": 10651000, "ebitda": 77808000, "ebitdaratio": 0.1237235365, "operatingIncome": 67088000, "operatingIncomeRatio": 0.1066775218, "totalOtherIncomeExpensesNet": -154000, "incomeBeforeTax": 66896000, "incomeBeforeTaxRatio": 0.1063722201, "incomeTaxExpense": 22903000, "netIncome": 43993000, "netIncomeRatio": 0.0699538549, "eps": 0.48, "epsdiluted": 0.48, "weightedAverageShsOut": 92534000, "weightedAverageShsOutDil": 92896000, "link": "https://www.sec.gov/Archives/edgar/data/69891/000143774912006867/0001437749-12-006867-index.htm", "finalLink": "https://www.sec.gov/Archives/edgar/data/69891/000143774912006867/nbc_10k-042812.htm", "calculatedOtherExpenses": 0, "calculatedOperatingExpenses": 146169000, "calculatedNetInterest": -38000, "calculatedOtherIncome": -154000, "calculatedIncomeNonControlling": 0, "calculatedEbitda": 77739000}, {"date": "2011-04-30", "symbol": "FIZZ", "reportedCurrency": "USD", "cik": "0000069891", "fillingDate": "2011-07-14", "acceptedDate": "2011-07-14 17:24:52", "calendarYear": "2011", "period": "FY", "revenue": 600193000, "costOfRevenue": 381539000, "grossProfit": 218654000, "grossProfitRatio": 0.3643061482, "researchAndDevelopmentExpenses": 0, "generalAndAdministrativeExpenses": 0, "sellingAndMarketingExpenses": 0, "sellingGeneralAndAdministrativeExpenses": 155885000, "otherExpenses": 0, "operatingExpenses": 155885000, "costAndExpenses": 537424000, "interestIncome": 0, "interestExpense": 99000, "depreciationAndAmortization": 11356000, "ebitda": 74125000, "ebitdaratio": 0.1235019402, "operatingIncome": 62769000, "operatingIncomeRatio": 0.1045813597, "totalOtherIncomeExpensesNet": -20000, "incomeBeforeTax": 62650000, "incomeBeforeTaxRatio": 0.1043830901, "incomeTaxExpense": 21896000, "netIncome": 40754000, "netIncomeRatio": 0.0679014917, "eps": 0.44, "epsdiluted": 0.44, "weightedAverageShsOut": 92376000, "weightedAverageShsOutDil": 92746000, "link": "https://www.sec.gov/Archives/edgar/data/69891/000143774911004830/0001437749-11-004830-index.htm", "finalLink": "https://www.sec.gov/Archives/edgar/data/69891/000143774911004830/natbev_10k-043011.htm", "calculatedOtherExpenses": 0, "calculatedOperatingExpenses": 155885000, "calculatedNetInterest": -99000, "calculatedOtherIncome": -20000, "calculatedIncomeNonControlling": 0, "calculatedEbitda": 74125000}, {"date": "2010-05-01", "symbol": "FIZZ", "reportedCurrency": "USD", "cik": "0000069891", "fillingDate": "2010-07-15", "acceptedDate": "2010-07-15 17:24:30", "calendarYear": "2010", "period": "FY", "revenue": 593465000, "costOfRevenue": 396450000, "grossProfit": 197015000, "grossProfitRatio": 0.3319740844, "researchAndDevelopmentExpenses": 0, "generalAndAdministrativeExpenses": 0, "sellingAndMarketingExpenses": 0, "sellingGeneralAndAdministrativeExpenses": 145159000, "otherExpenses": 0, "operatingExpenses": 145159000, "costAndExpenses": 541609000, "interestIncome": 0, "interestExpense": 120000, "depreciationAndAmortization": 12350000, "ebitda": 64206000, "ebitdaratio": 0.1081883515, "operatingIncome": 51856000, "operatingIncomeRatio": 0.0873783627, "totalOtherIncomeExpensesNet": -351000, "incomeBeforeTax": 51385000, "incomeBeforeTaxRatio": 0.0865847186, "incomeTaxExpense": 18532000, "netIncome": 32853000, "netIncomeRatio": 0.0553579402, "eps": 0.36, "epsdiluted": 0.36, "weightedAverageShsOut": 92130000, "weightedAverageShsOutDil": 92588000, "link": "https://www.sec.gov/Archives/edgar/data/69891/000095012310065795/0000950123-10-065795-index.htm", "finalLink": "https://www.sec.gov/Archives/edgar/data/69891/000095012310065795/g24048e10vk.htm", "calculatedOtherExpenses": 0, "calculatedOperatingExpenses": 145159000, "calculatedNetInterest": -120000, "calculatedOtherIncome": -351000, "calculatedIncomeNonControlling": 0, "calculatedEbitda": 64206000}, {"date": "2009-05-02", "symbol": "FIZZ", "reportedCurrency": "USD", "cik": "0000069891", "fillingDate": "2009-07-16", "acceptedDate": "2009-07-16 15:39:03", "calendarYear": "2009", "period": "FY", "revenue": 575177000, "costOfRevenue": 405322000, "grossProfit": 169855000, "grossProfitRatio": 0.2953090962, "researchAndDevelopmentExpenses": 0, "generalAndAdministrativeExpenses": 0, "sellingAndMarketingExpenses": 0, "sellingGeneralAndAdministrativeExpenses": 131918000, "otherExpenses": 0, "operatingExpenses": 131918000, "costAndExpenses": 537240000, "interestIncome": 0, "interestExpense": 107000, "depreciationAndAmortization": 11782000, "ebitda": 49719000, "ebitdaratio": 0.0864412172, "operatingIncome": 37937000, "operatingIncomeRatio": 0.065957088, "totalOtherIncomeExpensesNet": 967000, "incomeBeforeTax": 38797000, "incomeBeforeTaxRatio": 0.0674522799, "incomeTaxExpense": 14055000, "netIncome": 24742000, "netIncomeRatio": 0.0430163237, "eps": 0.27, "epsdiluted": 0.27, "weightedAverageShsOut": 91998000, "weightedAverageShsOutDil": 92382000, "link": "https://www.sec.gov/Archives/edgar/data/69891/000095012309022773/0000950123-09-022773-index.htm", "finalLink": "https://www.sec.gov/Archives/edgar/data/69891/000095012309022773/g19757e10vk.htm", "calculatedOtherExpenses": 0, "calculatedOperatingExpenses": 131918000, "calculatedNetInterest": -107000, "calculatedOtherIncome": 967000, "calculatedIncomeNonControlling": 0, "calculatedEbitda": 49719000}, {"date": "2008-05-03", "symbol": "FIZZ", "reportedCurrency": "USD", "cik": "0000069891", "fillingDate": "2008-07-17", "acceptedDate": "2008-07-17 17:28:46", "calendarYear": "2008", "period": "FY", "revenue": 566001000, "costOfRevenue": 393420000, "grossProfit": 172581000, "grossProfitRatio": 0.3049128888, "researchAndDevelopmentExpenses": 0, "generalAndAdministrativeExpenses": 0, "sellingAndMarketingExpenses": 0, "sellingGeneralAndAdministrativeExpenses": 138447000, "otherExpenses": 0, "operatingExpenses": 138447000, "costAndExpenses": 531867000, "interestIncome": 0, "interestExpense": 109000, "depreciationAndAmortization": 11584000, "ebitda": 44665000, "ebitdaratio": 0.0789132881, "operatingIncome": 34134000, "operatingIncomeRatio": 0.0603073139, "totalOtherIncomeExpensesNet": 1053000, "incomeBeforeTax": 35078000, "incomeBeforeTaxRatio": 0.0619751555, "incomeTaxExpense": 12598000, "netIncome": 22480000, "netIncomeRatio": 0.0397172443, "eps": 0.25, "epsdiluted": 0.25, "weightedAverageShsOut": 91788000, "weightedAverageShsOutDil": 92218000, "link": "https://www.sec.gov/Archives/edgar/data/69891/000095014408005567/0000950144-08-005567-index.htm", "finalLink": "https://www.sec.gov/Archives/edgar/data/69891/000095014408005567/g14259e10vk.htm", "calculatedOtherExpenses": 0, "calculatedOperatingExpenses": 138447000, "calculatedNetInterest": -109000, "calculatedOtherIncome": 1053000, "calculatedIncomeNonControlling": 0, "calculatedEbitda": 45718000}, {"date": "2007-04-28", "symbol": "FIZZ", "reportedCurrency": "USD", "cik": "0000069891", "fillingDate": "2007-07-12", "acceptedDate": "2007-07-12 17:26:23", "calendarYear": "2007", "period": "FY", "revenue": 539030000, "costOfRevenue": 365793000, "grossProfit": 173237000, "grossProfitRatio": 0.3213865648, "researchAndDevelopmentExpenses": 0, "generalAndAdministrativeExpenses": 0, "sellingAndMarketingExpenses": 0, "sellingGeneralAndAdministrativeExpenses": 137212000, "otherExpenses": 0, "operatingExpenses": 137212000, "costAndExpenses": 503005000, "interestIncome": 0, "interestExpense": 105000, "depreciationAndAmortization": 11650000, "ebitda": 45088000, "ebitdaratio": 0.0836465503, "operatingIncome": 36025000, "operatingIncomeRatio": 0.0668330149, "totalOtherIncomeExpensesNet": 2587000, "incomeBeforeTax": 38506000, "incomeBeforeTaxRatio": 0.0714357271, "incomeTaxExpense": 13824000, "netIncome": 24682000, "netIncomeRatio": 0.0457896592, "eps": 0.27, "epsdiluted": 0.27, "weightedAverageShsOut": 91526000, "weightedAverageShsOutDil": 92146000, "link": "https://www.sec.gov/Archives/edgar/data/69891/000095014407006550/0000950144-07-006550-index.htm", "finalLink": "https://www.sec.gov/Archives/edgar/data/69891/000095014407006550/g08320e10vk.htm", "calculatedOtherExpenses": 0, "calculatedOperatingExpenses": 137212000, "calculatedNetInterest": -105000, "calculatedOtherIncome": 2586000, "calculatedIncomeNonControlling": 0, "calculatedEbitda": 47675000}, {"date": "2006-04-29", "symbol": "FIZZ", "reportedCurrency": "USD", "cik": "0000069891", "fillingDate": "2006-07-28", "acceptedDate": "2006-07-28 16:41:36", "calendarYear": "2006", "period": "FY", "revenue": 516802000, "costOfRevenue": 349131000, "grossProfit": 167671000, "grossProfitRatio": 0.3244395339, "researchAndDevelopmentExpenses": 0, "generalAndAdministrativeExpenses": 0, "sellingAndMarketingExpenses": 0, "sellingGeneralAndAdministrativeExpenses": 135090000, "otherExpenses": 0, "operatingExpenses": 135090000, "costAndExpenses": 484221000, "interestIncome": 0, "interestExpense": 105000, "depreciationAndAmortization": 13587000, "ebitda": 43752000, "ebitdaratio": 0.0846591151, "operatingIncome": 32581000, "operatingIncomeRatio": 0.0630434867, "totalOtherIncomeExpensesNet": 2416000, "incomeBeforeTax": 34892000, "incomeBeforeTaxRatio": 0.0675152186, "incomeTaxExpense": 12666000, "netIncome": 22226000, "netIncomeRatio": 0.0430067995, "eps": 0.25, "epsdiluted": 0.24, "weightedAverageShsOut": 90734000, "weightedAverageShsOutDil": 91892000, "link": "https://www.sec.gov/Archives/edgar/data/69891/000095014406007084/0000950144-06-007084-index.htm", "finalLink": "https://www.sec.gov/Archives/edgar/data/69891/000095014406007084/g02587e10vk.htm", "calculatedOtherExpenses": 0, "calculatedOperatingExpenses": 135090000, "calculatedNetInterest": -105000, "calculatedOtherIncome": 2416000, "calculatedIncomeNonControlling": 0, "calculatedEbitda": 46168000}, {"date": "2005-04-30", "symbol": "FIZZ", "reportedCurrency": "USD", "cik": "0000069891", "fillingDate": "2005-07-29", "acceptedDate": "2005-07-29 15:58:58", "calendarYear": "2005", "period": "FY", "revenue": 495572000, "costOfRevenue": 340206000, "grossProfit": 155366000, "grossProfitRatio": 0.3135084307, "researchAndDevelopmentExpenses": 0, "generalAndAdministrativeExpenses": 0, "sellingAndMarketingExpenses": 0, "sellingGeneralAndAdministrativeExpenses": 130037000, "otherExpenses": 0, "operatingExpenses": 130037000, "costAndExpenses": 470243000, "interestIncome": 0, "interestExpense": 106000, "depreciationAndAmortization": 12464000, "ebitda": 36594000, "ebitdaratio": 0.0738419443, "operatingIncome": 25329000, "operatingIncomeRatio": 0.0511106358, "totalOtherIncomeExpensesNet": 1199000, "incomeBeforeTax": 26422000, "incomeBeforeTaxRatio": 0.053316168, "incomeTaxExpense": 9536000, "netIncome": 16886000, "netIncomeRatio": 0.0340737572, "eps": 0.19, "epsdiluted": 0.19, "weightedAverageShsOut": 90190000, "weightedAverageShsOutDil": 91810000, "link": "https://www.sec.gov/Archives/edgar/data/69891/000095014405007936/0000950144-05-007936-index.htm", "finalLink": "https://www.sec.gov/Archives/edgar/data/69891/000095014405007936/g96512e10vk.htm", "calculatedOtherExpenses": 0, "calculatedOperatingExpenses": 130037000, "calculatedNetInterest": -106000, "calculatedOtherIncome": 1199000, "calculatedIncomeNonControlling": 0, "calculatedEbitda": 37793000}, {"date": "2004-05-01", "symbol": "FIZZ", "reportedCurrency": "USD", "cik": "0000069891", "fillingDate": "2004-07-30", "acceptedDate": "2004-07-30 17:24:15", "calendarYear": "2004", "period": "FY", "revenue": 512061000, "costOfRevenue": 343316000, "grossProfit": 168745000, "grossProfitRatio": 0.3295408164, "researchAndDevelopmentExpenses": 0, "generalAndAdministrativeExpenses": 0, "sellingAndMarketingExpenses": 0, "sellingGeneralAndAdministrativeExpenses": 139058000, "otherExpenses": 0, "operatingExpenses": 139058000, "costAndExpenses": 482374000, "interestIncome": 0, "interestExpense": 316000, "depreciationAndAmortization": 11394000, "ebitda": 40537000, "ebitdaratio": 0.0791643964, "operatingIncome": 29687000, "operatingIncomeRatio": 0.0579755146, "totalOtherIncomeExpensesNet": 544000, "incomeBeforeTax": 30099000, "incomeBeforeTaxRatio": 0.0587801063, "incomeTaxExpense": 11408000, "netIncome": 18691000, "netIncomeRatio": 0.0365015106, "eps": 0.21, "epsdiluted": 0.2, "weightedAverageShsOut": 88648800, "weightedAverageShsOutDil": 91598400, "link": "https://www.sec.gov/Archives/edgar/data/69891/000095014404007513/0000950144-04-007513-index.htm", "finalLink": "https://www.sec.gov/Archives/edgar/data/69891/000095014404007513/g90168e10vk.htm", "calculatedOtherExpenses": 0, "calculatedOperatingExpenses": 139058000, "calculatedNetInterest": -316000, "calculatedOtherIncome": 728000, "calculatedIncomeNonControlling": 0, "calculatedEbitda": 41081000}, {"date": "2003-05-03", "symbol": "FIZZ", "reportedCurrency": "USD", "cik": "0000069891", "fillingDate": "2003-07-31", "acceptedDate": "2003-07-31 17:17:11", "calendarYear": "2003", "period": "FY", "revenue": 500430000, "costOfRevenue": 335457000, "grossProfit": 164973000, "grossProfitRatio": 0.3296624903, "researchAndDevelopmentExpenses": 0, "generalAndAdministrativeExpenses": 0, "sellingAndMarketingExpenses": 0, "sellingGeneralAndAdministrativeExpenses": 136902000, "otherExpenses": 0, "operatingExpenses": 136902000, "costAndExpenses": 472359000, "interestIncome": 0, "interestExpense": 2110000, "depreciationAndAmortization": 11319000, "ebitda": 38684000, "ebitdaratio": 0.0773015207, "operatingIncome": 28071000, "operatingIncomeRatio": 0.0560937594, "totalOtherIncomeExpensesNet": 706000, "incomeBeforeTax": 28461000, "incomeBeforeTaxRatio": 0.0568730891, "incomeTaxExpense": 10872000, "netIncome": 17589000, "netIncomeRatio": 0.0351477729, "eps": 0.2, "epsdiluted": 0.19, "weightedAverageShsOut": 88320000, "weightedAverageShsOutDil": 91488000, "link": "https://www.sec.gov/Archives/edgar/data/69891/000095014403009157/0000950144-03-009157-index.htm", "finalLink": "https://www.sec.gov/Archives/edgar/data/69891/000095014403009157/g84100e10vk.htm", "calculatedOtherExpenses": 0, "calculatedOperatingExpenses": 136902000, "calculatedNetInterest": -2110000, "calculatedOtherIncome": 2500000, "calculatedIncomeNonControlling": 0, "calculatedEbitda": 39390000}, {"date": "2002-04-27", "symbol": "FIZZ", "reportedCurrency": "USD", "cik": "0000069891", "fillingDate": "2002-07-26", "acceptedDate": "2002-07-26 17:32:42", "calendarYear": "2002", "period": "FY", "revenue": 502778000, "costOfRevenue": 339041000, "grossProfit": 163737000, "grossProfitRatio": 0.3256646074, "researchAndDevelopmentExpenses": 0, "generalAndAdministrativeExpenses": 0, "sellingAndMarketingExpenses": 0, "sellingGeneralAndAdministrativeExpenses": 136925000, "otherExpenses": 0, "operatingExpenses": 136925000, "costAndExpenses": 475966000, "interestIncome": 0, "interestExpense": 857000, "depreciationAndAmortization": 11750000, "ebitda": 37695000, "ebitdaratio": 0.0749734475, "operatingIncome": 26812000, "operatingIncomeRatio": 0.0533277112, "totalOtherIncomeExpensesNet": 867000, "incomeBeforeTax": 26822000, "incomeBeforeTaxRatio": 0.0533476007, "incomeTaxExpense": 10270000, "netIncome": 16552000, "netIncomeRatio": 0.0329210904, "eps": 0.19, "epsdiluted": 0.18, "weightedAverageShsOut": 87417600, "weightedAverageShsOutDil": 91161600, "link": "https://www.sec.gov/Archives/edgar/data/69891/000095014402007672/0000950144-02-007672-index.htm", "finalLink": "https://www.sec.gov/Archives/edgar/data/69891/000095014402007672/g77361e10vk.htm", "calculatedOtherExpenses": 0, "calculatedOperatingExpenses": 136925000, "calculatedNetInterest": -857000, "calculatedOtherIncome": 867000, "calculatedIncomeNonControlling": 0, "calculatedEbitda": 38562000}, {"date": "2001-04-28", "symbol": "FIZZ", "reportedCurrency": "USD", "cik": "0000069891", "fillingDate": "2001-07-27", "acceptedDate": "2001-07-27 00:00:00", "calendarYear": "2001", "period": "FY", "revenue": 480415000, "costOfRevenue": 312004000, "grossProfit": 168411000, "grossProfitRatio": 0.3505531676, "researchAndDevelopmentExpenses": 0, "generalAndAdministrativeExpenses": 0, "sellingAndMarketingExpenses": 0, "sellingGeneralAndAdministrativeExpenses": 131852000, "otherExpenses": 11739000, "operatingExpenses": 143591000, "costAndExpenses": 455595000, "interestIncome": 0, "interestExpense": 0, "depreciationAndAmortization": 11739000, "ebitda": 35053000, "ebitdaratio": 0.0729639999, "operatingIncome": 24820000, "operatingIncomeRatio": 0.0516636658, "totalOtherIncomeExpensesNet": 1506000, "incomeBeforeTax": 24216000, "incomeBeforeTaxRatio": 0.0504064194, "incomeTaxExpense": 9236000, "netIncome": 14980000, "netIncomeRatio": 0.0311813744, "eps": 0.17, "epsdiluted": 0.17, "weightedAverageShsOut": 87168000, "weightedAverageShsOutDil": 90432000, "link": "https://www.sec.gov/Archives/edgar/data/69891/000095014401504924/0000950144-01-504924-index.htm", "finalLink": "https://www.sec.gov/Archives/edgar/data/69891/000095014401504924/g70700e10-k405.txt", "calculatedOtherExpenses": 11739000, "calculatedOperatingExpenses": 143591000, "calculatedNetInterest": 0, "calculatedOtherIncome": -604000, "calculatedIncomeNonControlling": 0, "calculatedEbitda": 36559000}, {"date": "2000-04-29", "symbol": "FIZZ", "reportedCurrency": "USD", "cik": "0000069891", "fillingDate": "2000-07-28", "acceptedDate": "2000-07-28 00:00:00", "calendarYear": "2000", "period": "FY", "revenue": 426269000, "costOfRevenue": 276082000, "grossProfit": 150187000, "grossProfitRatio": 0.352329163, "researchAndDevelopmentExpenses": 0, "generalAndAdministrativeExpenses": 0, "sellingAndMarketingExpenses": 0, "sellingGeneralAndAdministrativeExpenses": 120104000, "otherExpenses": 10163000, "operatingExpenses": 130267000, "costAndExpenses": 406349000, "interestIncome": 0, "interestExpense": 0, "depreciationAndAmortization": 10163000, "ebitda": 25329000, "ebitdaratio": 0.0594202253, "operatingIncome": 19920000, "operatingIncomeRatio": 0.0467310548, "totalOtherIncomeExpensesNet": 4754000, "incomeBeforeTax": 21885000, "incomeBeforeTaxRatio": 0.05134082, "incomeTaxExpense": 8302000, "netIncome": 13583000, "netIncomeRatio": 0.0318648553, "eps": 0.15, "epsdiluted": 0.15, "weightedAverageShsOut": 87940800, "weightedAverageShsOutDil": 91286400, "link": "https://www.sec.gov/Archives/edgar/data/69891/000095014400009163/0000950144-00-009163-index.htm", "finalLink": "https://www.sec.gov/Archives/edgar/data/69891/000095014400009163/e10-k405.txt", "calculatedOtherExpenses": 10163000, "calculatedOperatingExpenses": 130267000, "calculatedNetInterest": 0, "calculatedOtherIncome": 1965000, "calculatedIncomeNonControlling": 0, "calculatedEbitda": 30083000}, {"date": "1999-05-01", "symbol": "FIZZ", "reportedCurrency": "USD", "cik": "0000069891", "fillingDate": "1999-07-30", "acceptedDate": "1999-07-30 00:00:00", "calendarYear": "1999", "period": "FY", "revenue": 402100000, "costOfRevenue": 258900000, "grossProfit": 143200000, "grossProfitRatio": 0.3561303158, "researchAndDevelopmentExpenses": 0, "generalAndAdministrativeExpenses": 0, "sellingAndMarketingExpenses": 0, "sellingGeneralAndAdministrativeExpenses": 110200000, "otherExpenses": 9900000, "operatingExpenses": 120100000, "costAndExpenses": 379000000, "interestIncome": 0, "interestExpense": 0, "depreciationAndAmortization": 9900000, "ebitda": 31700000, "ebitdaratio": 0.0788361104, "operatingIncome": 23100000, "operatingIncomeRatio": 0.0574483959, "totalOtherIncomeExpensesNet": 1300000, "incomeBeforeTax": 21100000, "incomeBeforeTaxRatio": 0.0524745088, "incomeTaxExpense": 7900000, "netIncome": 13200000, "netIncomeRatio": 0.0328276548, "eps": 0.15, "epsdiluted": 0.14, "weightedAverageShsOut": 88675200, "weightedAverageShsOutDil": 92534400, "link": "https://www.sec.gov/Archives/edgar/data/69891/000095014499009424/0000950144-99-009424-index.htm", "finalLink": "https://www.sec.gov/Archives/edgar/data/69891/000095014499009424/0000950144-99-009424.txt", "calculatedOtherExpenses": 9900000, "calculatedOperatingExpenses": 120100000, "calculatedNetInterest": 0, "calculatedOtherIncome": -2000000, "calculatedIncomeNonControlling": 0, "calculatedEbitda": 33000000}, {"date": "1998-05-02", "symbol": "FIZZ", "reportedCurrency": "USD", "cik": "0000069891", "fillingDate": "1998-07-31", "acceptedDate": "1998-07-31 00:00:00", "calendarYear": "1998", "period": "FY", "revenue": 400700000, "costOfRevenue": 265800000, "grossProfit": 134900000, "grossProfitRatio": 0.3366608435, "researchAndDevelopmentExpenses": 0, "generalAndAdministrativeExpenses": 0, "sellingAndMarketingExpenses": 0, "sellingGeneralAndAdministrativeExpenses": 102200000, "otherExpenses": 9300000, "operatingExpenses": 111500000, "costAndExpenses": 377300000, "interestIncome": 0, "interestExpense": 0, "depreciationAndAmortization": 9300000, "ebitda": 31100000, "ebitdaratio": 0.0776141752, "operatingIncome": 23400000, "operatingIncomeRatio": 0.0583978038, "totalOtherIncomeExpensesNet": 1600000, "incomeBeforeTax": 20900000, "incomeBeforeTaxRatio": 0.0521587222, "incomeTaxExpense": 7800000, "netIncome": 13100000, "netIncomeRatio": 0.0326927876, "eps": 0.15, "epsdiluted": 0.14, "weightedAverageShsOut": 88689600, "weightedAverageShsOutDil": 92750400, "link": "https://www.sec.gov/Archives/edgar/data/69891/000095014498009003/0000950144-98-009003-index.htm", "finalLink": "https://www.sec.gov/Archives/edgar/data/69891/0000950144-98-009003.txt", "calculatedOtherExpenses": 9300000, "calculatedOperatingExpenses": 111500000, "calculatedNetInterest": 0, "calculatedOtherIncome": -2500000, "calculatedIncomeNonControlling": 0, "calculatedEbitda": 32700000}, {"date": "1997-05-03", "symbol": "FIZZ", "reportedCurrency": "USD", "cik": "0000069891", "fillingDate": "1997-08-01", "acceptedDate": "1997-08-01 00:00:00", "calendarYear": "1997", "period": "FY", "revenue": 385400000, "costOfRevenue": 267600000, "grossProfit": 117800000, "grossProfitRatio": 0.3056564608, "researchAndDevelopmentExpenses": 0, "generalAndAdministrativeExpenses": 0, "sellingAndMarketingExpenses": 0, "sellingGeneralAndAdministrativeExpenses": 88900000, "otherExpenses": 7800000, "operatingExpenses": 96700000, "costAndExpenses": 364300000, "interestIncome": 0, "interestExpense": 0, "depreciationAndAmortization": 7800000, "ebitda": 28000000, "ebitdaratio": 0.0726517903, "operatingIncome": 21100000, "operatingIncomeRatio": 0.0547483134, "totalOtherIncomeExpensesNet": 900000, "incomeBeforeTax": 17000000, "incomeBeforeTaxRatio": 0.0441100156, "incomeTaxExpense": 6300000, "netIncome": 10700000, "netIncomeRatio": 0.0277633627, "eps": 0.12, "epsdiluted": 0.12, "weightedAverageShsOut": 91723200, "weightedAverageShsOutDil": 91723200, "link": "https://www.sec.gov/Archives/edgar/data/69891/000095014497008440/0000950144-97-008440-index.htm", "finalLink": "https://www.sec.gov/Archives/edgar/data/69891/", "calculatedOtherExpenses": 7800000, "calculatedOperatingExpenses": 96700000, "calculatedNetInterest": 0, "calculatedOtherIncome": -4100000, "calculatedIncomeNonControlling": 0, "calculatedEbitda": 28900000}, {"date": "1996-04-30", "symbol": "FIZZ", "reportedCurrency": "USD", "cik": "0000069891", "fillingDate": "1996-04-30", "acceptedDate": "1996-04-30 00:00:00", "calendarYear": "1996", "period": "FY", "revenue": 350400000, "costOfRevenue": 254800000, "grossProfit": 95600000, "grossProfitRatio": 0.2728310502, "researchAndDevelopmentExpenses": 0, "generalAndAdministrativeExpenses": 0, "sellingAndMarketingExpenses": 0, "sellingGeneralAndAdministrativeExpenses": 70000000, "otherExpenses": 7100000, "operatingExpenses": 77100000, "costAndExpenses": 331900000, "interestIncome": 0, "interestExpense": 0, "depreciationAndAmortization": 7100000, "ebitda": 24600000, "ebitdaratio": 0.0702054795, "operatingIncome": 18500000, "operatingIncomeRatio": 0.0527968037, "totalOtherIncomeExpensesNet": 1000000, "incomeBeforeTax": 14500000, "incomeBeforeTaxRatio": 0.0413812785, "incomeTaxExpense": 5500000, "netIncome": 9000000, "netIncomeRatio": 0.0256849315, "eps": 0.0916, "epsdiluted": 0.0895, "weightedAverageShsOut": 78576885, "weightedAverageShsOutDil": 80404255, "link": null, "finalLink": null, "calculatedOtherExpenses": 7100000, "calculatedOperatingExpenses": 77100000, "calculatedNetInterest": 0, "calculatedOtherIncome": -4000000, "calculatedIncomeNonControlling": 0, "calculatedEbitda": 25600000}, {"date": "1995-04-30", "symbol": "FIZZ", "reportedCurrency": "USD", "cik": "0000069891", "fillingDate": "1995-04-30", "acceptedDate": "1995-04-30 00:00:00", "calendarYear": "1995", "period": "FY", "revenue": 348700000, "costOfRevenue": 254300000, "grossProfit": 94400000, "grossProfitRatio": 0.2707198165, "researchAndDevelopmentExpenses": 0, "generalAndAdministrativeExpenses": 0, "sellingAndMarketingExpenses": 0, "sellingGeneralAndAdministrativeExpenses": 68600000, "otherExpenses": 7400000, "operatingExpenses": 76000000, "costAndExpenses": 330300000, "interestIncome": 0, "interestExpense": 0, "depreciationAndAmortization": 7400000, "ebitda": 24900000, "ebitdaratio": 0.0714080872, "operatingIncome": 18400000, "operatingIncomeRatio": 0.0527674219, "totalOtherIncomeExpensesNet": 900000, "incomeBeforeTax": 14100000, "incomeBeforeTaxRatio": 0.0404359048, "incomeTaxExpense": 5500000, "netIncome": 8600000, "netIncomeRatio": 0.0246630341, "eps": 0.0854, "epsdiluted": 0.0833, "weightedAverageShsOut": 87840014, "weightedAverageShsOutDil": 90036014, "link": null, "finalLink": null, "calculatedOtherExpenses": 7400000, "calculatedOperatingExpenses": 76000000, "calculatedNetInterest": 0, "calculatedOtherIncome": -4300000, "calculatedIncomeNonControlling": 0, "calculatedEbitda": 25800000}, {"date": "1994-04-30", "symbol": "FIZZ", "reportedCurrency": "USD", "cik": "0000069891", "fillingDate": "1994-04-30", "acceptedDate": "1994-04-30 00:00:00", "calendarYear": "1994", "period": "FY", "revenue": 347700000, "costOfRevenue": 251000000, "grossProfit": 96700000, "grossProfitRatio": 0.2781133161, "researchAndDevelopmentExpenses": 0, "generalAndAdministrativeExpenses": 0, "sellingAndMarketingExpenses": 0, "sellingGeneralAndAdministrativeExpenses": 66800000, "otherExpenses": 7200000, "operatingExpenses": 74000000, "costAndExpenses": 325000000, "interestIncome": 0, "interestExpense": 0, "depreciationAndAmortization": 7200000, "ebitda": 38800000, "ebitdaratio": 0.1115904515, "operatingIncome": 22700000, "operatingIncomeRatio": 0.0652861662, "totalOtherIncomeExpensesNet": -8900000, "incomeBeforeTax": 6200000, "incomeBeforeTaxRatio": 0.0178314639, "incomeTaxExpense": 2700000, "netIncome": 13500000, "netIncomeRatio": 0.0388265746, "eps": 0.14, "epsdiluted": 0.14, "weightedAverageShsOut": 86295388, "weightedAverageShsOutDil": 86295388, "link": null, "finalLink": null, "calculatedOtherExpenses": 7200000, "calculatedOperatingExpenses": 74000000, "calculatedNetInterest": 0, "calculatedOtherIncome": -16500000, "calculatedIncomeNonControlling": -10000000, "calculatedEbitda": 29900000}, {"date": "1993-04-30", "symbol": "FIZZ", "reportedCurrency": "USD", "cik": "0000069891", "fillingDate": "1993-04-30", "acceptedDate": "1993-04-30 00:00:00", "calendarYear": "1993", "period": "FY", "revenue": 332600000, "costOfRevenue": 240400000, "grossProfit": 92200000, "grossProfitRatio": 0.2772098617, "researchAndDevelopmentExpenses": 0, "generalAndAdministrativeExpenses": 0, "sellingAndMarketingExpenses": 0, "sellingGeneralAndAdministrativeExpenses": 63700000, "otherExpenses": 6900000, "operatingExpenses": 70600000, "costAndExpenses": 311000000, "interestIncome": 0, "interestExpense": 0, "depreciationAndAmortization": 6900000, "ebitda": 42100000, "ebitdaratio": 0.1265784726, "operatingIncome": 21600000, "operatingIncomeRatio": 0.0649428743, "totalOtherIncomeExpensesNet": -13600000, "incomeBeforeTax": -400000, "incomeBeforeTaxRatio": -0.0012026458, "incomeTaxExpense": 5600000, "netIncome": -6000000, "netIncomeRatio": -0.0180396873, "eps": -0.0634, "epsdiluted": -0.0634, "weightedAverageShsOut": 94704548, "weightedAverageShsOutDil": 94704548, "link": null, "finalLink": null, "calculatedOtherExpenses": 6900000, "calculatedOperatingExpenses": 70600000, "calculatedNetInterest": 0, "calculatedOtherIncome": -22000000, "calculatedIncomeNonControlling": 0, "calculatedEbitda": 28500000}, {"date": "1992-04-30", "symbol": "FIZZ", "reportedCurrency": "USD", "cik": "0000069891", "fillingDate": "1992-04-30", "acceptedDate": "1992-04-30 00:00:00", "calendarYear": "1992", "period": "FY", "revenue": 335800000, "costOfRevenue": 241000000, "grossProfit": 94800000, "grossProfitRatio": 0.2823108993, "researchAndDevelopmentExpenses": 0, "generalAndAdministrativeExpenses": 0, "sellingAndMarketingExpenses": 0, "sellingGeneralAndAdministrativeExpenses": 68200000, "otherExpenses": 6500000, "operatingExpenses": 74700000, "costAndExpenses": 315700000, "interestIncome": 0, "interestExpense": 0, "depreciationAndAmortization": 6500000, "ebitda": 25700000, "ebitdaratio": 0.076533651, "operatingIncome": 20100000, "operatingIncomeRatio": 0.0598570578, "totalOtherIncomeExpensesNet": 900000, "incomeBeforeTax": 12200000, "incomeBeforeTaxRatio": 0.0363311495, "incomeTaxExpense": 6600000, "netIncome": 5600000, "netIncomeRatio": 0.0166765932, "eps": 0.0562, "epsdiluted": 0.0562, "weightedAverageShsOut": 99595394, "weightedAverageShsOutDil": 99595394, "link": null, "finalLink": null, "calculatedOtherExpenses": 6500000, "calculatedOperatingExpenses": 74700000, "calculatedNetInterest": 0, "calculatedOtherIncome": -7900000, "calculatedIncomeNonControlling": 0, "calculatedEbitda": 26600000}]}