{"originalCurrency": "USD", "convertedCurrency": "USD", "report": [{"date": "2024-02-03", "symbol": "FL", "reportedCurrency": "USD", "cik": "0000850209", "fillingDate": "2024-03-28", "acceptedDate": "2024-03-28 17:03:41", "calendarYear": "2023", "period": "FY", "revenue": 8168000000, "costOfRevenue": 6094000000, "grossProfit": 2074000000, "grossProfitRatio": 0.2539177277, "researchAndDevelopmentExpenses": 0, "generalAndAdministrativeExpenses": 1935000000, "sellingAndMarketingExpenses": -83000000, "sellingGeneralAndAdministrativeExpenses": 1852000000, "otherExpenses": -27000000, "operatingExpenses": 1852000000, "costAndExpenses": 7946000000, "interestIncome": 0, "interestExpense": 9000000, "depreciationAndAmortization": 199000000, "ebitda": 421000000, "ebitdaratio": 0.0515426053, "operatingIncome": 222000000, "operatingIncomeRatio": 0.027179236, "totalOtherIncomeExpensesNet": -645000000, "incomeBeforeTax": -423000000, "incomeBeforeTaxRatio": -0.0517874633, "incomeTaxExpense": -93000000, "netIncome": -330000000, "netIncomeRatio": -0.0404015671, "eps": -3.5, "epsdiluted": -3.5, "weightedAverageShsOut": 94200000, "weightedAverageShsOutDil": 94200000, "link": "https://www.sec.gov/Archives/edgar/data/850209/000143774924009866/0001437749-24-009866-index.htm", "finalLink": "https://www.sec.gov/Archives/edgar/data/850209/000143774924009866/floc20240203_10k.htm", "calculatedOtherExpenses": 0, "calculatedOperatingExpenses": 1852000000, "calculatedNetInterest": -9000000, "calculatedOtherIncome": -636000000, "calculatedIncomeNonControlling": 0, "calculatedEbitda": 421000000}, {"date": "2023-01-28", "symbol": "FL", "reportedCurrency": "USD", "cik": "0000850209", "fillingDate": "2023-03-27", "acceptedDate": "2023-03-27 17:00:26", "calendarYear": "2022", "period": "FY", "revenue": 8759000000, "costOfRevenue": 5955000000, "grossProfit": 2804000000, "grossProfitRatio": 0.3201278685, "researchAndDevelopmentExpenses": 0, "generalAndAdministrativeExpenses": 1718000000, "sellingAndMarketingExpenses": 185000000, "sellingGeneralAndAdministrativeExpenses": 1903000000, "otherExpenses": 208000000, "operatingExpenses": 2111000000, "costAndExpenses": 8066000000, "interestIncome": 9000000, "interestExpense": 15000000, "depreciationAndAmortization": 278000000, "ebitda": 859000000, "ebitdaratio": 0.098070556, "operatingIncome": 581000000, "operatingIncomeRatio": 0.066331773, "totalOtherIncomeExpensesNet": -57000000, "incomeBeforeTax": 524000000, "incomeBeforeTaxRatio": 0.0598241808, "incomeTaxExpense": 180000000, "netIncome": 342000000, "netIncomeRatio": 0.0390455531, "eps": 3.63, "epsdiluted": 3.58, "weightedAverageShsOut": 94300000, "weightedAverageShsOutDil": 95500000, "link": "https://www.sec.gov/Archives/edgar/data/850209/000085020923000006/0000850209-23-000006-index.htm", "finalLink": "https://www.sec.gov/Archives/edgar/data/850209/000085020923000006/fl-20230128x10k.htm", "calculatedOtherExpenses": 320000000, "calculatedOperatingExpenses": 2223000000, "calculatedNetInterest": -6000000, "calculatedOtherIncome": -51000000, "calculatedIncomeNonControlling": 2000000, "calculatedEbitda": 859000000}, {"date": "2022-01-29", "symbol": "FL", "reportedCurrency": "USD", "cik": "0000850209", "fillingDate": "2022-03-24", "acceptedDate": "2022-03-24 16:28:30", "calendarYear": "2021", "period": "FY", "revenue": 8958000000, "costOfRevenue": 5878000000, "grossProfit": 3080000000, "grossProfitRatio": 0.343826747, "researchAndDevelopmentExpenses": 0, "generalAndAdministrativeExpenses": 1851000000, "sellingAndMarketingExpenses": 194000000, "sellingGeneralAndAdministrativeExpenses": 1851000000, "otherExpenses": 197000000, "operatingExpenses": 2048000000, "costAndExpenses": 7926000000, "interestIncome": 3000000, "interestExpense": 14000000, "depreciationAndAmortization": 197000000, "ebitda": 1623000000, "ebitdaratio": 0.1811788346, "operatingIncome": 1426000000, "operatingIncomeRatio": 0.1591873186, "totalOtherIncomeExpensesNet": -186000000, "incomeBeforeTax": 1240000000, "incomeBeforeTaxRatio": 0.1384237553, "incomeTaxExpense": 348000000, "netIncome": 893000000, "netIncomeRatio": 0.0996874302, "eps": 8.71, "epsdiluted": 8.6, "weightedAverageShsOut": 102500000, "weightedAverageShsOutDil": 103800000, "link": "https://www.sec.gov/Archives/edgar/data/850209/000085020922000003/0000850209-22-000003-index.htm", "finalLink": "https://www.sec.gov/Archives/edgar/data/850209/000085020922000003/fl-20220129x10k.htm", "calculatedOtherExpenses": -197000000, "calculatedOperatingExpenses": 1654000000, "calculatedNetInterest": -11000000, "calculatedOtherIncome": -175000000, "calculatedIncomeNonControlling": -1000000, "calculatedEbitda": 1623000000}, {"date": "2021-01-30", "symbol": "FL", "reportedCurrency": "USD", "cik": "0000850209", "fillingDate": "2021-03-25", "acceptedDate": "2021-03-25 16:34:36", "calendarYear": "2020", "period": "FY", "revenue": 7548000000, "costOfRevenue": 5365000000, "grossProfit": 2183000000, "grossProfitRatio": 0.2892156863, "researchAndDevelopmentExpenses": 0, "generalAndAdministrativeExpenses": 1589000000, "sellingAndMarketingExpenses": -2000000, "sellingGeneralAndAdministrativeExpenses": 1587000000, "otherExpenses": 176000000, "operatingExpenses": 1763000000, "costAndExpenses": 7128000000, "interestIncome": 6000000, "interestExpense": 13000000, "depreciationAndAmortization": 176000000, "ebitda": 713000000, "ebitdaratio": 0.0944621092, "operatingIncome": 537000000, "operatingIncomeRatio": 0.0711446741, "totalOtherIncomeExpensesNet": -43000000, "incomeBeforeTax": 494000000, "incomeBeforeTaxRatio": 0.0654478007, "incomeTaxExpense": 171000000, "netIncome": 323000000, "netIncomeRatio": 0.0427927928, "eps": 3.1, "epsdiluted": 3.07, "weightedAverageShsOut": 104300000, "weightedAverageShsOutDil": 105100000, "link": "https://www.sec.gov/Archives/edgar/data/850209/000085020921000003/0000850209-21-000003-index.htm", "finalLink": "https://www.sec.gov/Archives/edgar/data/850209/000085020921000003/fl-20210130x10k.htm", "calculatedOtherExpenses": 59000000, "calculatedOperatingExpenses": 1646000000, "calculatedNetInterest": -7000000, "calculatedOtherIncome": -36000000, "calculatedIncomeNonControlling": 0, "calculatedEbitda": 713000000}, {"date": "2020-02-01", "symbol": "FL", "reportedCurrency": "USD", "cik": "0000850209", "fillingDate": "2020-03-27", "acceptedDate": "2020-03-27 16:48:38", "calendarYear": "2019", "period": "FY", "revenue": 8005000000, "costOfRevenue": 5462000000, "grossProfit": 2543000000, "grossProfitRatio": 0.3176764522, "researchAndDevelopmentExpenses": 0, "generalAndAdministrativeExpenses": 1654000000, "sellingAndMarketingExpenses": -4000000, "sellingGeneralAndAdministrativeExpenses": 1650000000, "otherExpenses": 179000000, "operatingExpenses": 1829000000, "costAndExpenses": 7291000000, "interestIncome": 21000000, "interestExpense": 10000000, "depreciationAndAmortization": 289000000, "ebitda": 948000000, "ebitdaratio": 0.1184259838, "operatingIncome": 659000000, "operatingIncomeRatio": 0.0823235478, "totalOtherIncomeExpensesNet": 23000000, "incomeBeforeTax": 682000000, "incomeBeforeTaxRatio": 0.085196752, "incomeTaxExpense": 184000000, "netIncome": 491000000, "netIncomeRatio": 0.0613366646, "eps": 4.52, "epsdiluted": 4.5, "weightedAverageShsOut": 108700000, "weightedAverageShsOutDil": 109100000, "link": "https://www.sec.gov/Archives/edgar/data/850209/000085020920000007/0000850209-20-000007-index.htm", "finalLink": "https://www.sec.gov/Archives/edgar/data/850209/000085020920000007/fl-20200201x10k.htm", "calculatedOtherExpenses": 234000000, "calculatedOperatingExpenses": 1884000000, "calculatedNetInterest": 11000000, "calculatedOtherIncome": 12000000, "calculatedIncomeNonControlling": 7000000, "calculatedEbitda": 948000000}, {"date": "2019-02-02", "symbol": "FL", "reportedCurrency": "USD", "cik": "0000850209", "fillingDate": "2019-04-02", "acceptedDate": "2019-04-02 16:07:13", "calendarYear": "2018", "period": "FY", "revenue": 7939000000, "costOfRevenue": 5411000000, "grossProfit": 2528000000, "grossProfitRatio": 0.3184280136, "researchAndDevelopmentExpenses": 0, "generalAndAdministrativeExpenses": 1614000000, "sellingAndMarketingExpenses": 182000000, "sellingGeneralAndAdministrativeExpenses": 1614000000, "otherExpenses": 5000000, "operatingExpenses": 1792000000, "costAndExpenses": 7203000000, "interestIncome": 20000000, "interestExpense": 11000000, "depreciationAndAmortization": 178000000, "ebitda": 951000000, "ebitdaratio": 0.1197883864, "operatingIncome": 699000000, "operatingIncomeRatio": 0.0880463534, "totalOtherIncomeExpensesNet": -32000000, "incomeBeforeTax": 713000000, "incomeBeforeTaxRatio": 0.0898097997, "incomeTaxExpense": 172000000, "netIncome": 541000000, "netIncomeRatio": 0.0681446026, "eps": 4.68, "epsdiluted": 4.66, "weightedAverageShsOut": 115600000, "weightedAverageShsOutDil": 116100000, "link": "https://www.sec.gov/Archives/edgar/data/850209/000155837019002753/0001558370-19-002753-index.htm", "finalLink": "https://www.sec.gov/Archives/edgar/data/850209/000155837019002753/fl-20190202x10k.htm", "calculatedOtherExpenses": 215000000, "calculatedOperatingExpenses": 1829000000, "calculatedNetInterest": 9000000, "calculatedOtherIncome": 5000000, "calculatedIncomeNonControlling": 0, "calculatedEbitda": 877000000}, {"date": "2018-02-03", "symbol": "FL", "reportedCurrency": "USD", "cik": "0000850209", "fillingDate": "2018-03-29", "acceptedDate": "2018-03-29 16:03:21", "calendarYear": "2017", "period": "FY", "revenue": 7782000000, "costOfRevenue": 5326000000, "grossProfit": 2456000000, "grossProfitRatio": 0.3156001028, "researchAndDevelopmentExpenses": 0, "generalAndAdministrativeExpenses": 1501000000, "sellingAndMarketingExpenses": 184000000, "sellingGeneralAndAdministrativeExpenses": 1501000000, "otherExpenses": 5000000, "operatingExpenses": 1674000000, "costAndExpenses": 7000000000, "interestIncome": 14000000, "interestExpense": 12000000, "depreciationAndAmortization": 173000000, "ebitda": 1166000000, "ebitdaratio": 0.1498329478, "operatingIncome": 571000000, "operatingIncomeRatio": 0.0733744539, "totalOtherIncomeExpensesNet": -206000000, "incomeBeforeTax": 578000000, "incomeBeforeTaxRatio": 0.0742739656, "incomeTaxExpense": 294000000, "netIncome": 284000000, "netIncomeRatio": 0.0364944744, "eps": 2.23, "epsdiluted": 2.22, "weightedAverageShsOut": 127200000, "weightedAverageShsOutDil": 127900000, "link": "https://www.sec.gov/Archives/edgar/data/850209/000085020918000004/0000850209-18-000004-index.htm", "finalLink": "https://www.sec.gov/Archives/edgar/data/850209/000085020918000004/fl-20180203x10k.htm", "calculatedOtherExpenses": 384000000, "calculatedOperatingExpenses": 1885000000, "calculatedNetInterest": 2000000, "calculatedOtherIncome": 5000000, "calculatedIncomeNonControlling": 0, "calculatedEbitda": 744000000}, {"date": "2017-01-28", "symbol": "FL", "reportedCurrency": "USD", "cik": "0000850209", "fillingDate": "2017-03-23", "acceptedDate": "2017-03-23 16:25:28", "calendarYear": "2016", "period": "FY", "revenue": 7766000000, "costOfRevenue": 5130000000, "grossProfit": 2636000000, "grossProfitRatio": 0.3394282771, "researchAndDevelopmentExpenses": 0, "generalAndAdministrativeExpenses": 1472000000, "sellingAndMarketingExpenses": 182000000, "sellingGeneralAndAdministrativeExpenses": 1472000000, "otherExpenses": 6000000, "operatingExpenses": 1630000000, "costAndExpenses": 6760000000, "interestIncome": 9000000, "interestExpense": 11000000, "depreciationAndAmortization": 158000000, "ebitda": 1170000000, "ebitdaratio": 0.1506567087, "operatingIncome": 1006000000, "operatingIncomeRatio": 0.1295390162, "totalOtherIncomeExpensesNet": -2000000, "incomeBeforeTax": 1004000000, "incomeBeforeTaxRatio": 0.1292814834, "incomeTaxExpense": 340000000, "netIncome": 664000000, "netIncomeRatio": 0.0855009014, "eps": 4.95, "epsdiluted": 4.91, "weightedAverageShsOut": 134000000, "weightedAverageShsOutDil": 135100000, "link": "https://www.sec.gov/Archives/edgar/data/850209/000085020917000003/0000850209-17-000003-index.htm", "finalLink": "https://www.sec.gov/Archives/edgar/data/850209/000085020917000003/fl-20170128x10k.htm", "calculatedOtherExpenses": 158000000, "calculatedOperatingExpenses": 1630000000, "calculatedNetInterest": -2000000, "calculatedOtherIncome": 0, "calculatedIncomeNonControlling": 0, "calculatedEbitda": 1164000000}, {"date": "2016-01-30", "symbol": "FL", "reportedCurrency": "USD", "cik": "0000850209", "fillingDate": "2016-03-24", "acceptedDate": "2016-03-24 16:40:45", "calendarYear": "2015", "period": "FY", "revenue": 7412000000, "costOfRevenue": 4907000000, "grossProfit": 2505000000, "grossProfitRatio": 0.3379654614, "researchAndDevelopmentExpenses": 0, "generalAndAdministrativeExpenses": 1415000000, "sellingAndMarketingExpenses": 165000000, "sellingGeneralAndAdministrativeExpenses": 1415000000, "otherExpenses": 4000000, "operatingExpenses": 1563000000, "costAndExpenses": 6470000000, "interestIncome": 7000000, "interestExpense": 11000000, "depreciationAndAmortization": 148000000, "ebitda": 1195000000, "ebitdaratio": 0.1612250405, "operatingIncome": 942000000, "operatingIncomeRatio": 0.1270912035, "totalOtherIncomeExpensesNet": -101000000, "incomeBeforeTax": 837000000, "incomeBeforeTaxRatio": 0.1129249865, "incomeTaxExpense": 296000000, "netIncome": 541000000, "netIncomeRatio": 0.0729897464, "eps": 3.89, "epsdiluted": 3.84, "weightedAverageShsOut": 139100000, "weightedAverageShsOutDil": 140800000, "link": "https://www.sec.gov/Archives/edgar/data/850209/000114420416090138/0001144204-16-090138-index.htm", "finalLink": "https://www.sec.gov/Archives/edgar/data/850209/000114420416090138/v429676_10k.htm", "calculatedOtherExpenses": 148000000, "calculatedOperatingExpenses": 1563000000, "calculatedNetInterest": -4000000, "calculatedOtherIncome": -101000000, "calculatedIncomeNonControlling": 0, "calculatedEbitda": 1090000000}, {"date": "2015-01-31", "symbol": "FL", "reportedCurrency": "USD", "cik": "0000850209", "fillingDate": "2015-03-30", "acceptedDate": "2015-03-30 16:25:38", "calendarYear": "2014", "period": "FY", "revenue": 7151000000, "costOfRevenue": 4777000000, "grossProfit": 2374000000, "grossProfitRatio": 0.331981541, "researchAndDevelopmentExpenses": 0, "generalAndAdministrativeExpenses": 1426000000, "sellingAndMarketingExpenses": 161000000, "sellingGeneralAndAdministrativeExpenses": 1426000000, "otherExpenses": 9000000, "operatingExpenses": 1565000000, "costAndExpenses": 6342000000, "interestIncome": 6000000, "interestExpense": 11000000, "depreciationAndAmortization": 139000000, "ebitda": 952000000, "ebitdaratio": 0.1331282338, "operatingIncome": 809000000, "operatingIncomeRatio": 0.1131310306, "totalOtherIncomeExpensesNet": 5000000, "incomeBeforeTax": 809000000, "incomeBeforeTaxRatio": 0.1131310306, "incomeTaxExpense": 289000000, "netIncome": 520000000, "netIncomeRatio": 0.0727171025, "eps": 3.61, "epsdiluted": 3.56, "weightedAverageShsOut": 143900000, "weightedAverageShsOutDil": 146000000, "link": "https://www.sec.gov/Archives/edgar/data/850209/000114420415019391/0001144204-15-019391-index.htm", "finalLink": "https://www.sec.gov/Archives/edgar/data/850209/000114420415019391/v403865_10k.htm", "calculatedOtherExpenses": 139000000, "calculatedOperatingExpenses": 1565000000, "calculatedNetInterest": -5000000, "calculatedOtherIncome": 5000000, "calculatedIncomeNonControlling": 0, "calculatedEbitda": 948000000}, {"date": "2014-02-01", "symbol": "FL", "reportedCurrency": "USD", "cik": "0000850209", "fillingDate": "2014-03-31", "acceptedDate": "2014-03-31 16:51:43", "calendarYear": "2013", "period": "FY", "revenue": 6505000000, "costOfRevenue": 4372000000, "grossProfit": 2133000000, "grossProfitRatio": 0.3279016141, "researchAndDevelopmentExpenses": 0, "generalAndAdministrativeExpenses": 1334000000, "sellingAndMarketingExpenses": 102000000, "sellingGeneralAndAdministrativeExpenses": 1334000000, "otherExpenses": 4000000, "operatingExpenses": 1467000000, "costAndExpenses": 5839000000, "interestIncome": 6000000, "interestExpense": 11000000, "depreciationAndAmortization": 133000000, "ebitda": 801000000, "ebitdaratio": 0.1231360492, "operatingIncome": 666000000, "operatingIncomeRatio": 0.1023827825, "totalOtherIncomeExpensesNet": 2000000, "incomeBeforeTax": 663000000, "incomeBeforeTaxRatio": 0.1019215988, "incomeTaxExpense": 234000000, "netIncome": 429000000, "netIncomeRatio": 0.0659492698, "eps": 2.89, "epsdiluted": 2.85, "weightedAverageShsOut": 148400000, "weightedAverageShsOutDil": 150500000, "link": "https://www.sec.gov/Archives/edgar/data/850209/000114420414019510/0001144204-14-019510-index.htm", "finalLink": "https://www.sec.gov/Archives/edgar/data/850209/000114420414019510/v367190_10k.htm", "calculatedOtherExpenses": 133000000, "calculatedOperatingExpenses": 1467000000, "calculatedNetInterest": -5000000, "calculatedOtherIncome": 2000000, "calculatedIncomeNonControlling": 0, "calculatedEbitda": 799000000}, {"date": "2013-02-02", "symbol": "FL", "reportedCurrency": "USD", "cik": "0000850209", "fillingDate": "2013-04-01", "acceptedDate": "2013-04-01 16:54:03", "calendarYear": "2012", "period": "FY", "revenue": 6182000000, "costOfRevenue": 4148000000, "grossProfit": 2034000000, "grossProfitRatio": 0.3290197347, "researchAndDevelopmentExpenses": 0, "generalAndAdministrativeExpenses": 1294000000, "sellingAndMarketingExpenses": 107000000, "sellingGeneralAndAdministrativeExpenses": 1294000000, "otherExpenses": 2000000, "operatingExpenses": 1412000000, "costAndExpenses": 5560000000, "interestIncome": 6000000, "interestExpense": 11000000, "depreciationAndAmortization": 118000000, "ebitda": 752000000, "ebitdaratio": 0.1216434811, "operatingIncome": 622000000, "operatingIncomeRatio": 0.1006146878, "totalOtherIncomeExpensesNet": -10000000, "incomeBeforeTax": 607000000, "incomeBeforeTaxRatio": 0.0981882886, "incomeTaxExpense": 210000000, "netIncome": 397000000, "netIncomeRatio": 0.0642186995, "eps": 2.62, "epsdiluted": 2.58, "weightedAverageShsOut": 151200000, "weightedAverageShsOutDil": 154000000, "link": "https://www.sec.gov/Archives/edgar/data/850209/000114420413019239/0001144204-13-019239-index.htm", "finalLink": "https://www.sec.gov/Archives/edgar/data/850209/000114420413019239/v335590_10k.htm", "calculatedOtherExpenses": 118000000, "calculatedOperatingExpenses": 1412000000, "calculatedNetInterest": -5000000, "calculatedOtherIncome": -10000000, "calculatedIncomeNonControlling": 0, "calculatedEbitda": 740000000}, {"date": "2012-01-28", "symbol": "FL", "reportedCurrency": "USD", "cik": "0000850209", "fillingDate": "2012-03-26", "acceptedDate": "2012-03-26 16:52:52", "calendarYear": "2011", "period": "FY", "revenue": 5623000000, "costOfRevenue": 3827000000, "grossProfit": 1796000000, "grossProfitRatio": 0.3194024542, "researchAndDevelopmentExpenses": 0, "generalAndAdministrativeExpenses": 1244000000, "sellingAndMarketingExpenses": 0, "sellingGeneralAndAdministrativeExpenses": 1244000000, "otherExpenses": 4000000, "operatingExpenses": 1354000000, "costAndExpenses": 5181000000, "interestIncome": 7000000, "interestExpense": 13000000, "depreciationAndAmortization": 110000000, "ebitda": 557000000, "ebitdaratio": 0.0990574426, "operatingIncome": 442000000, "operatingIncomeRatio": 0.0786057265, "totalOtherIncomeExpensesNet": -1000000, "incomeBeforeTax": 435000000, "incomeBeforeTaxRatio": 0.0773608394, "incomeTaxExpense": 157000000, "netIncome": 278000000, "netIncomeRatio": 0.0494398008, "eps": 1.81, "epsdiluted": 1.8, "weightedAverageShsOut": 153000000, "weightedAverageShsOutDil": 154400000, "link": "https://www.sec.gov/Archives/edgar/data/850209/000114420412017162/0001144204-12-017162-index.htm", "finalLink": "https://www.sec.gov/Archives/edgar/data/850209/000114420412017162/v243491_10k.htm", "calculatedOtherExpenses": 110000000, "calculatedOperatingExpenses": 1354000000, "calculatedNetInterest": -6000000, "calculatedOtherIncome": -1000000, "calculatedIncomeNonControlling": 0, "calculatedEbitda": 552000000}, {"date": "2011-01-29", "symbol": "FL", "reportedCurrency": "USD", "cik": "0000850209", "fillingDate": "2011-03-28", "acceptedDate": "2011-03-28 16:34:07", "calendarYear": "2010", "period": "FY", "revenue": 5049000000, "costOfRevenue": 3533000000, "grossProfit": 1516000000, "grossProfitRatio": 0.3002574767, "researchAndDevelopmentExpenses": 0, "generalAndAdministrativeExpenses": 1138000000, "sellingAndMarketingExpenses": 0, "sellingGeneralAndAdministrativeExpenses": 1138000000, "otherExpenses": 112000000, "operatingExpenses": 1240000000, "costAndExpenses": 4773000000, "interestIncome": 14000000, "interestExpense": 9000000, "depreciationAndAmortization": 106000000, "ebitda": 382000000, "ebitdaratio": 0.0756585462, "operatingIncome": 262000000, "operatingIncomeRatio": 0.0518914637, "totalOtherIncomeExpensesNet": -10000000, "incomeBeforeTax": 257000000, "incomeBeforeTaxRatio": 0.0509011685, "incomeTaxExpense": 88000000, "netIncome": 169000000, "netIncomeRatio": 0.0334719746, "eps": 1.08, "epsdiluted": 1.07, "weightedAverageShsOut": 155700000, "weightedAverageShsOutDil": 156700000, "link": "https://www.sec.gov/Archives/edgar/data/850209/000114420411017589/0001144204-11-017589-index.htm", "finalLink": "https://www.sec.gov/Archives/edgar/data/850209/000114420411017589/v213718_10k.htm", "calculatedOtherExpenses": 116000000, "calculatedOperatingExpenses": 1254000000, "calculatedNetInterest": 5000000, "calculatedOtherIncome": -10000000, "calculatedIncomeNonControlling": 0, "calculatedEbitda": 368000000}, {"date": "2010-01-30", "symbol": "FL", "reportedCurrency": "USD", "cik": "0000850209", "fillingDate": "2010-03-29", "acceptedDate": "2010-03-29 17:27:53", "calendarYear": "2009", "period": "FY", "revenue": 4854000000, "costOfRevenue": 3522000000, "grossProfit": 1332000000, "grossProfitRatio": 0.2744128554, "researchAndDevelopmentExpenses": 0, "generalAndAdministrativeExpenses": 1099000000, "sellingAndMarketingExpenses": 0, "sellingGeneralAndAdministrativeExpenses": 1099000000, "otherExpenses": 150000000, "operatingExpenses": 1211000000, "costAndExpenses": 4733000000, "interestIncome": 0, "interestExpense": 10000000, "depreciationAndAmortization": 112000000, "ebitda": 239000000, "ebitdaratio": 0.0492377421, "operatingIncome": 121000000, "operatingIncomeRatio": 0.0249278945, "totalOtherIncomeExpensesNet": -44000000, "incomeBeforeTax": 73000000, "incomeBeforeTaxRatio": 0.015039143, "incomeTaxExpense": 26000000, "netIncome": 234000000, "netIncomeRatio": 0.0482076638, "eps": 1.5, "epsdiluted": 1.5, "weightedAverageShsOut": 155900000, "weightedAverageShsOutDil": 156300000, "link": "https://www.sec.gov/Archives/edgar/data/850209/000114420410016376/0001144204-10-016376-index.htm", "finalLink": "https://www.sec.gov/Archives/edgar/data/850209/000114420410016376/v177389_10k.htm", "calculatedOtherExpenses": 112000000, "calculatedOperatingExpenses": 1211000000, "calculatedNetInterest": -10000000, "calculatedOtherIncome": -38000000, "calculatedIncomeNonControlling": -187000000, "calculatedEbitda": 233000000}, {"date": "2009-01-31", "symbol": "FL", "reportedCurrency": "USD", "cik": "0000850209", "fillingDate": "2009-03-30", "acceptedDate": "2009-03-30 17:08:13", "calendarYear": "2008", "period": "FY", "revenue": 5237000000, "costOfRevenue": 3777000000, "grossProfit": 1460000000, "grossProfitRatio": 0.2787855643, "researchAndDevelopmentExpenses": 0, "generalAndAdministrativeExpenses": 1174000000, "sellingAndMarketingExpenses": 0, "sellingGeneralAndAdministrativeExpenses": 1174000000, "otherExpenses": 130000000, "operatingExpenses": 1304000000, "costAndExpenses": 5081000000, "interestIncome": 0, "interestExpense": 0, "depreciationAndAmortization": 130000000, "ebitda": 537000000, "ebitdaratio": 0.1025396219, "operatingIncome": 156000000, "operatingIncomeRatio": 0.0297880466, "totalOtherIncomeExpensesNet": -251000000, "incomeBeforeTax": -100000000, "incomeBeforeTaxRatio": -0.0190949017, "incomeTaxExpense": -21000000, "netIncome": -80000000, "netIncomeRatio": -0.0152759213, "eps": -0.52, "epsdiluted": -0.52, "weightedAverageShsOut": 154000000, "weightedAverageShsOutDil": 154000000, "link": "https://www.sec.gov/Archives/edgar/data/850209/000120677409000650/0001206774-09-000650-index.htm", "finalLink": "https://www.sec.gov/Archives/edgar/data/850209/000120677409000650/footlocker_10k.htm", "calculatedOtherExpenses": 130000000, "calculatedOperatingExpenses": 1304000000, "calculatedNetInterest": 0, "calculatedOtherIncome": -256000000, "calculatedIncomeNonControlling": 1000000, "calculatedEbitda": 286000000}, {"date": "2008-02-02", "symbol": "FL", "reportedCurrency": "USD", "cik": "0000850209", "fillingDate": "2008-03-31", "acceptedDate": "2008-03-31 17:16:58", "calendarYear": "2007", "period": "FY", "revenue": 5437000000, "costOfRevenue": 4017000000, "grossProfit": 1420000000, "grossProfitRatio": 0.2611734412, "researchAndDevelopmentExpenses": 0, "generalAndAdministrativeExpenses": 1176000000, "sellingAndMarketingExpenses": 0, "sellingGeneralAndAdministrativeExpenses": 1176000000, "otherExpenses": 293000000, "operatingExpenses": 1342000000, "costAndExpenses": 5359000000, "interestIncome": 0, "interestExpense": 0, "depreciationAndAmortization": 166000000, "ebitda": 371000000, "ebitdaratio": 0.0682361596, "operatingIncome": 78000000, "operatingIncomeRatio": 0.0143461468, "totalOtherIncomeExpensesNet": -127000000, "incomeBeforeTax": -50000000, "incomeBeforeTaxRatio": -0.0091962479, "incomeTaxExpense": -99000000, "netIncome": 51000000, "netIncomeRatio": 0.0093801729, "eps": 0.3, "epsdiluted": 0.29, "weightedAverageShsOut": 150000000, "weightedAverageShsOutDil": 155172414, "link": "https://www.sec.gov/Archives/edgar/data/850209/000120677408000652/0001206774-08-000652-index.htm", "finalLink": "https://www.sec.gov/Archives/edgar/data/850209/000120677408000652/footlocker_10k.htm", "calculatedOtherExpenses": 166000000, "calculatedOperatingExpenses": 1342000000, "calculatedNetInterest": 0, "calculatedOtherIncome": -128000000, "calculatedIncomeNonControlling": -2000000, "calculatedEbitda": 244000000}, {"date": "2007-02-03", "symbol": "FL", "reportedCurrency": "USD", "cik": "0000850209", "fillingDate": "2007-04-02", "acceptedDate": "2007-04-02 16:49:57", "calendarYear": "2006", "period": "FY", "revenue": 5750000000, "costOfRevenue": 4014000000, "grossProfit": 1736000000, "grossProfitRatio": 0.3019130435, "researchAndDevelopmentExpenses": 0, "generalAndAdministrativeExpenses": 0, "sellingAndMarketingExpenses": 0, "sellingGeneralAndAdministrativeExpenses": 1163000000, "otherExpenses": 1338000000, "operatingExpenses": 1338000000, "costAndExpenses": 5352000000, "interestIncome": 0, "interestExpense": 0, "depreciationAndAmortization": 175000000, "ebitda": 576000000, "ebitdaratio": 0.100173913, "operatingIncome": 398000000, "operatingIncomeRatio": 0.0692173913, "totalOtherIncomeExpensesNet": -3000000, "incomeBeforeTax": 392000000, "incomeBeforeTaxRatio": 0.068173913, "incomeTaxExpense": 145000000, "netIncome": 251000000, "netIncomeRatio": 0.0436521739, "eps": 1.62, "epsdiluted": 1.6, "weightedAverageShsOut": 154938272, "weightedAverageShsOutDil": 156875000, "link": "https://www.sec.gov/Archives/edgar/data/850209/000120677407000876/0001206774-07-000876-index.htm", "finalLink": "https://www.sec.gov/Archives/edgar/data/850209/000120677407000876/footlocker_10k.htm", "calculatedOtherExpenses": 175000000, "calculatedOperatingExpenses": 1338000000, "calculatedNetInterest": 0, "calculatedOtherIncome": -6000000, "calculatedIncomeNonControlling": -4000000, "calculatedEbitda": 573000000}, {"date": "2006-01-31", "symbol": "FL", "reportedCurrency": "USD", "cik": "0000850209", "fillingDate": "2006-03-27", "acceptedDate": "2006-03-27 16:23:22", "calendarYear": "2005", "period": "FY", "revenue": 5653000000, "costOfRevenue": 3944000000, "grossProfit": 1709000000, "grossProfitRatio": 0.3023173536, "researchAndDevelopmentExpenses": 0, "generalAndAdministrativeExpenses": 0, "sellingAndMarketingExpenses": 0, "sellingGeneralAndAdministrativeExpenses": 1129000000, "otherExpenses": 1300000000, "operatingExpenses": 1300000000, "costAndExpenses": 5244000000, "interestIncome": 0, "interestExpense": 0, "depreciationAndAmortization": 171000000, "ebitda": 574000000, "ebitdaratio": 0.1015390058, "operatingIncome": 409000000, "operatingIncomeRatio": 0.0723509641, "totalOtherIncomeExpensesNet": 6000000, "incomeBeforeTax": 405000000, "incomeBeforeTaxRatio": 0.0716433752, "incomeTaxExpense": 142000000, "netIncome": 264000000, "netIncomeRatio": 0.0467008668, "eps": 1.71, "epsdiluted": 1.68, "weightedAverageShsOut": 155100000, "weightedAverageShsOutDil": 157600000, "link": "https://www.sec.gov/Archives/edgar/data/850209/000120677406000567/0001206774-06-000567-index.htm", "finalLink": "https://www.sec.gov/Archives/edgar/data/850209/000120677406000567/d18788_10k.htm", "calculatedOtherExpenses": 171000000, "calculatedOperatingExpenses": 1300000000, "calculatedNetInterest": 0, "calculatedOtherIncome": -4000000, "calculatedIncomeNonControlling": -1000000, "calculatedEbitda": 580000000}, {"date": "2005-01-29", "symbol": "FL", "reportedCurrency": "USD", "cik": "0000850209", "fillingDate": "2005-03-29", "acceptedDate": "2005-03-29 16:32:35", "calendarYear": "2004", "period": "FY", "revenue": 5355000000, "costOfRevenue": 3722000000, "grossProfit": 1633000000, "grossProfitRatio": 0.3049486461, "researchAndDevelopmentExpenses": 0, "generalAndAdministrativeExpenses": 0, "sellingAndMarketingExpenses": 0, "sellingGeneralAndAdministrativeExpenses": 1088000000, "otherExpenses": 1242000000, "operatingExpenses": 1242000000, "costAndExpenses": 4964000000, "interestIncome": 0, "interestExpense": 0, "depreciationAndAmortization": 154000000, "ebitda": 547000000, "ebitdaratio": 0.1021475257, "operatingIncome": 389000000, "operatingIncomeRatio": 0.0726423903, "totalOtherIncomeExpensesNet": -2000000, "incomeBeforeTax": 374000000, "incomeBeforeTaxRatio": 0.0698412698, "incomeTaxExpense": 119000000, "netIncome": 293000000, "netIncomeRatio": 0.0547152194, "eps": 1.94, "epsdiluted": 1.88, "weightedAverageShsOut": 150900000, "weightedAverageShsOutDil": 157100000, "link": "https://www.sec.gov/Archives/edgar/data/850209/000120677405000473/0001206774-05-000473-index.htm", "finalLink": "https://www.sec.gov/Archives/edgar/data/850209/000120677405000473/d16563.htm", "calculatedOtherExpenses": 156000000, "calculatedOperatingExpenses": 1244000000, "calculatedNetInterest": 0, "calculatedOtherIncome": -15000000, "calculatedIncomeNonControlling": -38000000, "calculatedEbitda": 543000000}, {"date": "2004-01-31", "symbol": "FL", "reportedCurrency": "USD", "cik": "0000850209", "fillingDate": "2004-04-05", "acceptedDate": "2004-04-05 17:12:46", "calendarYear": "2003", "period": "FY", "revenue": 4779000000, "costOfRevenue": 3302000000, "grossProfit": 1477000000, "grossProfitRatio": 0.3090604729, "researchAndDevelopmentExpenses": 0, "generalAndAdministrativeExpenses": 987000000, "sellingAndMarketingExpenses": 0, "sellingGeneralAndAdministrativeExpenses": 987000000, "otherExpenses": 147000000, "operatingExpenses": 1134000000, "costAndExpenses": 4436000000, "interestIncome": 0, "interestExpense": 0, "depreciationAndAmortization": 147000000, "ebitda": 491000000, "ebitdaratio": 0.1027411592, "operatingIncome": 342000000, "operatingIncomeRatio": 0.0715630885, "totalOtherIncomeExpensesNet": -1000000, "incomeBeforeTax": 324000000, "incomeBeforeTaxRatio": 0.0677966102, "incomeTaxExpense": 115000000, "netIncome": 207000000, "netIncomeRatio": 0.0433145009, "eps": 1.46, "epsdiluted": 1.39, "weightedAverageShsOut": 141780822, "weightedAverageShsOutDil": 148920863, "link": "https://www.sec.gov/Archives/edgar/data/850209/000120677404000280/0001206774-04-000280-index.htm", "finalLink": "https://www.sec.gov/Archives/edgar/data/850209/000120677404000280/d14229.htm", "calculatedOtherExpenses": 148000000, "calculatedOperatingExpenses": 1135000000, "calculatedNetInterest": 0, "calculatedOtherIncome": -18000000, "calculatedIncomeNonControlling": 2000000, "calculatedEbitda": 489000000}, {"date": "2003-02-01", "symbol": "FL", "reportedCurrency": "USD", "cik": "0000850209", "fillingDate": "2003-05-19", "acceptedDate": "2003-05-19 10:41:15", "calendarYear": "2002", "period": "FY", "revenue": 4509000000, "costOfRevenue": 3165000000, "grossProfit": 1344000000, "grossProfitRatio": 0.2980705256, "researchAndDevelopmentExpenses": 0, "generalAndAdministrativeExpenses": 928000000, "sellingAndMarketingExpenses": 0, "sellingGeneralAndAdministrativeExpenses": 928000000, "otherExpenses": 144000000, "operatingExpenses": 1077000000, "costAndExpenses": 4242000000, "interestIncome": 0, "interestExpense": 0, "depreciationAndAmortization": 149000000, "ebitda": 411000000, "ebitdaratio": 0.0911510313, "operatingIncome": 269000000, "operatingIncomeRatio": 0.0596584609, "totalOtherIncomeExpensesNet": 5000000, "incomeBeforeTax": 246000000, "incomeBeforeTaxRatio": 0.0545575516, "incomeTaxExpense": 84000000, "netIncome": 153000000, "netIncomeRatio": 0.0339321357, "eps": 1.09, "epsdiluted": 1.05, "weightedAverageShsOut": 140366972, "weightedAverageShsOutDil": 145714286, "link": "https://www.sec.gov/Archives/edgar/data/850209/000095012303006233/0000950123-03-006233-index.htm", "finalLink": "https://www.sec.gov/Archives/edgar/data/850209/000095012303006233/y85989e10vk.txt", "calculatedOtherExpenses": 147000000, "calculatedOperatingExpenses": 1075000000, "calculatedNetInterest": 0, "calculatedOtherIncome": -23000000, "calculatedIncomeNonControlling": 9000000, "calculatedEbitda": 418000000}, {"date": "2002-02-02", "symbol": "FL", "reportedCurrency": "USD", "cik": "0000850209", "fillingDate": "2002-04-29", "acceptedDate": "2002-04-29 16:39:53", "calendarYear": "2001", "period": "FY", "revenue": 4379000000, "costOfRevenue": 3071000000, "grossProfit": 1308000000, "grossProfitRatio": 0.298698333, "researchAndDevelopmentExpenses": 0, "generalAndAdministrativeExpenses": 923000000, "sellingAndMarketingExpenses": 0, "sellingGeneralAndAdministrativeExpenses": 923000000, "otherExpenses": 186000000, "operatingExpenses": 1077000000, "costAndExpenses": 4148000000, "interestIncome": 0, "interestExpense": 0, "depreciationAndAmortization": 154000000, "ebitda": 417000000, "ebitdaratio": 0.0952272208, "operatingIncome": 197000000, "operatingIncomeRatio": 0.0449874401, "totalOtherIncomeExpensesNet": -32000000, "incomeBeforeTax": 175000000, "incomeBeforeTaxRatio": 0.039963462, "incomeTaxExpense": 64000000, "netIncome": 92000000, "netIncomeRatio": 0.0210093629, "eps": 0.66, "epsdiluted": 0.64, "weightedAverageShsOut": 139400000, "weightedAverageShsOutDil": 146900000, "link": "https://www.sec.gov/Archives/edgar/data/850209/000095012302004331/0000950123-02-004331-index.htm", "finalLink": "https://www.sec.gov/Archives/edgar/data/850209/000095012302004331/y59968e10-k.txt", "calculatedOtherExpenses": 188000000, "calculatedOperatingExpenses": 1111000000, "calculatedNetInterest": 0, "calculatedOtherIncome": -22000000, "calculatedIncomeNonControlling": 19000000, "calculatedEbitda": 351000000}, {"date": "2001-02-03", "symbol": "FL", "reportedCurrency": "USD", "cik": "0000850209", "fillingDate": "2001-04-23", "acceptedDate": "2001-04-23 00:00:00", "calendarYear": "2000", "period": "FY", "revenue": 4356000000, "costOfRevenue": 3047000000, "grossProfit": 1309000000, "grossProfitRatio": 0.3005050505, "researchAndDevelopmentExpenses": 0, "generalAndAdministrativeExpenses": 975000000, "sellingAndMarketingExpenses": 0, "sellingGeneralAndAdministrativeExpenses": 975000000, "otherExpenses": 136000000, "operatingExpenses": 1126000000, "costAndExpenses": 4173000000, "interestIncome": 0, "interestExpense": 0, "depreciationAndAmortization": 151000000, "ebitda": 319000000, "ebitdaratio": 0.0732323232, "operatingIncome": 182000000, "operatingIncomeRatio": 0.0417814509, "totalOtherIncomeExpensesNet": 15000000, "incomeBeforeTax": 176000000, "incomeBeforeTaxRatio": 0.0404040404, "incomeTaxExpense": 69000000, "netIncome": -240000000, "netIncomeRatio": -0.0550964187, "eps": -1.74, "epsdiluted": -1.73, "weightedAverageShsOut": 137900000, "weightedAverageShsOutDil": 139100000, "link": "https://www.sec.gov/Archives/edgar/data/850209/000095012301501033/0000950123-01-501033-index.htm", "finalLink": "https://www.sec.gov/Archives/edgar/data/850209/000095012301501033/y47964e10-k405.txt", "calculatedOtherExpenses": 152000000, "calculatedOperatingExpenses": 1127000000, "calculatedNetInterest": 0, "calculatedOtherIncome": -6000000, "calculatedIncomeNonControlling": 347000000, "calculatedEbitda": 333000000}, {"date": "2000-01-29", "symbol": "FL", "reportedCurrency": "USD", "cik": "0000850209", "fillingDate": "2000-04-21", "acceptedDate": "2000-04-21 00:00:00", "calendarYear": "1999", "period": "FY", "revenue": 4647000000, "costOfRevenue": 3381000000, "grossProfit": 1266000000, "grossProfitRatio": 0.2724338283, "researchAndDevelopmentExpenses": 0, "generalAndAdministrativeExpenses": 1078000000, "sellingAndMarketingExpenses": 0, "sellingGeneralAndAdministrativeExpenses": 1078000000, "otherExpenses": 103000000, "operatingExpenses": 1260000000, "costAndExpenses": 4641000000, "interestIncome": 0, "interestExpense": 0, "depreciationAndAmortization": 182000000, "ebitda": 109000000, "ebitdaratio": 0.0234559931, "operatingIncome": 6000000, "operatingIncomeRatio": 0.0012911556, "totalOtherIncomeExpensesNet": 79000000, "incomeBeforeTax": 28000000, "incomeBeforeTaxRatio": 0.0060253927, "incomeTaxExpense": 11000000, "netIncome": 48000000, "netIncomeRatio": 0.0103292447, "eps": 0.43, "epsdiluted": 0.43, "weightedAverageShsOut": 111627907, "weightedAverageShsOutDil": 111627907, "link": "https://www.sec.gov/Archives/edgar/data/850209/000095012300003916/0000950123-00-003916-index.html", "finalLink": "https://www.sec.gov/Archives/edgar/data/850209/000095012300003916/", "calculatedOtherExpenses": 182000000, "calculatedOperatingExpenses": 1260000000, "calculatedNetInterest": 0, "calculatedOtherIncome": 22000000, "calculatedIncomeNonControlling": -31000000, "calculatedEbitda": 188000000}, {"date": "1999-01-30", "symbol": "FL", "reportedCurrency": "USD", "cik": "0000850209", "fillingDate": "1999-05-28", "acceptedDate": "1999-05-28 00:00:00", "calendarYear": "1998", "period": "FY", "revenue": 4555000000, "costOfRevenue": 3333000000, "grossProfit": 1222000000, "grossProfitRatio": 0.2682766191, "researchAndDevelopmentExpenses": 0, "generalAndAdministrativeExpenses": 1166000000, "sellingAndMarketingExpenses": 0, "sellingGeneralAndAdministrativeExpenses": 1166000000, "otherExpenses": 51000000, "operatingExpenses": 1318000000, "costAndExpenses": 4651000000, "interestIncome": 0, "interestExpense": 0, "depreciationAndAmortization": 152000000, "ebitda": -45000000, "ebitdaratio": -0.0098792536, "operatingIncome": -96000000, "operatingIncomeRatio": -0.0210757409, "totalOtherIncomeExpensesNet": 101000000, "incomeBeforeTax": -39000000, "incomeBeforeTaxRatio": -0.0085620198, "incomeTaxExpense": -42000000, "netIncome": -136000000, "netIncomeRatio": -0.0298572997, "eps": -1.3, "epsdiluted": -1.3, "weightedAverageShsOut": 105000000, "weightedAverageShsOutDil": 105000000, "link": "https://www.sec.gov/Archives/edgar/data/850209/000095012399005256/0000950123-99-005256-index.html", "finalLink": "https://www.sec.gov/Archives/edgar/data/850209/000095012399005256/", "calculatedOtherExpenses": 152000000, "calculatedOperatingExpenses": 1318000000, "calculatedNetInterest": 0, "calculatedOtherIncome": 57000000, "calculatedIncomeNonControlling": 139000000, "calculatedEbitda": 56000000}, {"date": "1998-01-31", "symbol": "FL", "reportedCurrency": "USD", "cik": "0000850209", "fillingDate": "1998-04-21", "acceptedDate": "1998-04-21 00:00:00", "calendarYear": "1997", "period": "FY", "revenue": 6624000000, "costOfRevenue": 4568000000, "grossProfit": 2056000000, "grossProfitRatio": 0.3103864734, "researchAndDevelopmentExpenses": 0, "generalAndAdministrativeExpenses": 1535000000, "sellingAndMarketingExpenses": 0, "sellingGeneralAndAdministrativeExpenses": 1535000000, "otherExpenses": 168000000, "operatingExpenses": 1703000000, "costAndExpenses": 6271000000, "interestIncome": 0, "interestExpense": 0, "depreciationAndAmortization": 168000000, "ebitda": 492000000, "ebitdaratio": 0.0742753623, "operatingIncome": 353000000, "operatingIncomeRatio": 0.0532910628, "totalOtherIncomeExpensesNet": 29000000, "incomeBeforeTax": 338000000, "incomeBeforeTaxRatio": 0.05102657, "incomeTaxExpense": 125000000, "netIncome": -10000000, "netIncomeRatio": -0.0015096618, "eps": -0.0744, "epsdiluted": -0.0736, "weightedAverageShsOut": 134408602, "weightedAverageShsOutDil": 135869565, "link": "https://www.sec.gov/Archives/edgar/data/850209/000095012398003982/0000950123-98-003982-index.html", "finalLink": "https://www.sec.gov/Archives/edgar/data/850209/", "calculatedOtherExpenses": 168000000, "calculatedOperatingExpenses": 1703000000, "calculatedNetInterest": 0, "calculatedOtherIncome": -15000000, "calculatedIncomeNonControlling": 223000000, "calculatedEbitda": 521000000}, {"date": "1997-01-25", "symbol": "FL", "reportedCurrency": "USD", "cik": "0000850209", "fillingDate": "1997-04-25", "acceptedDate": "1997-04-25 00:00:00", "calendarYear": "1996", "period": "FY", "revenue": 8092000000, "costOfRevenue": 5581000000, "grossProfit": 2511000000, "grossProfitRatio": 0.3103064755, "researchAndDevelopmentExpenses": 0, "generalAndAdministrativeExpenses": 2006000000, "sellingAndMarketingExpenses": 0, "sellingGeneralAndAdministrativeExpenses": 2006000000, "otherExpenses": 152000000, "operatingExpenses": 2193000000, "costAndExpenses": 7774000000, "interestIncome": 0, "interestExpense": 0, "depreciationAndAmortization": 187000000, "ebitda": 470000000, "ebitdaratio": 0.0580820564, "operatingIncome": 318000000, "operatingIncomeRatio": 0.0392980722, "totalOtherIncomeExpensesNet": 35000000, "incomeBeforeTax": 280000000, "incomeBeforeTaxRatio": 0.0346020761, "incomeTaxExpense": 111000000, "netIncome": 169000000, "netIncomeRatio": 0.0208848245, "eps": 1.26, "epsdiluted": 1.26, "weightedAverageShsOut": 134126984, "weightedAverageShsOutDil": 134126984, "link": "https://www.sec.gov/Archives/edgar/data/850209/000095012397003497/0000950123-97-003497-index.html", "finalLink": "https://www.sec.gov/Archives/edgar/data/850209/", "calculatedOtherExpenses": 187000000, "calculatedOperatingExpenses": 2193000000, "calculatedNetInterest": 0, "calculatedOtherIncome": -38000000, "calculatedIncomeNonControlling": 0, "calculatedEbitda": 505000000}, {"date": "1996-01-31", "symbol": "FL", "reportedCurrency": "USD", "cik": "0000850209", "fillingDate": "1996-01-31", "acceptedDate": "1996-01-30 19:00:00", "calendarYear": "1995", "period": "FY", "revenue": 8224000000, "costOfRevenue": 5735000000, "grossProfit": 2489000000, "grossProfitRatio": 0.3026507782, "researchAndDevelopmentExpenses": 0, "generalAndAdministrativeExpenses": 0, "sellingAndMarketingExpenses": 0, "sellingGeneralAndAdministrativeExpenses": 2166000000, "otherExpenses": 2405000000, "operatingExpenses": 2405000000, "costAndExpenses": 8140000000, "interestIncome": 0, "interestExpense": 0, "depreciationAndAmortization": 239000000, "ebitda": 521000000, "ebitdaratio": 0.0633511673, "operatingIncome": 84000000, "operatingIncomeRatio": 0.0102140078, "totalOtherIncomeExpensesNet": -198000000, "incomeBeforeTax": -233000000, "incomeBeforeTaxRatio": -0.0283317121, "incomeTaxExpense": -69000000, "netIncome": -164000000, "netIncomeRatio": -0.0199416342, "eps": -1.23, "epsdiluted": -1.23, "weightedAverageShsOut": 133333333, "weightedAverageShsOutDil": 133333333, "link": "", "finalLink": "", "calculatedOtherExpenses": 239000000, "calculatedOperatingExpenses": 2405000000, "calculatedNetInterest": 0, "calculatedOtherIncome": -317000000, "calculatedIncomeNonControlling": 0, "calculatedEbitda": 323000000}, {"date": "1995-01-31", "symbol": "FL", "reportedCurrency": "USD", "cik": "0000850209", "fillingDate": "1995-01-31", "acceptedDate": "1995-01-30 19:00:00", "calendarYear": "1994", "period": "FY", "revenue": 8293000000, "costOfRevenue": 5626000000, "grossProfit": 2667000000, "grossProfitRatio": 0.3215965272, "researchAndDevelopmentExpenses": 0, "generalAndAdministrativeExpenses": 0, "sellingAndMarketingExpenses": 0, "sellingGeneralAndAdministrativeExpenses": 2231000000, "otherExpenses": 2464000000, "operatingExpenses": 2464000000, "costAndExpenses": 8090000000, "interestIncome": 0, "interestExpense": 0, "depreciationAndAmortization": 233000000, "ebitda": 436000000, "ebitdaratio": 0.0525744604, "operatingIncome": 203000000, "operatingIncomeRatio": 0.0244784758, "totalOtherIncomeExpensesNet": -107000000, "incomeBeforeTax": 96000000, "incomeBeforeTaxRatio": 0.011576028, "incomeTaxExpense": 49000000, "netIncome": 47000000, "netIncomeRatio": 0.0056674304, "eps": 0.36, "epsdiluted": 0.36, "weightedAverageShsOut": 130555556, "weightedAverageShsOutDil": 130555556, "link": "", "finalLink": "", "calculatedOtherExpenses": 233000000, "calculatedOperatingExpenses": 2464000000, "calculatedNetInterest": 0, "calculatedOtherIncome": -107000000, "calculatedIncomeNonControlling": 0, "calculatedEbitda": 436000000}, {"date": "1994-01-31", "symbol": "FL", "reportedCurrency": "USD", "cik": "0000850209", "fillingDate": "1994-01-31", "acceptedDate": "1994-01-30 19:00:00", "calendarYear": "1993", "period": "FY", "revenue": 9626000000, "costOfRevenue": 6747000000, "grossProfit": 2879000000, "grossProfitRatio": 0.2990858093, "researchAndDevelopmentExpenses": 0, "generalAndAdministrativeExpenses": 0, "sellingAndMarketingExpenses": 0, "sellingGeneralAndAdministrativeExpenses": 2615000000, "otherExpenses": 2872000000, "operatingExpenses": 2872000000, "costAndExpenses": 9619000000, "interestIncome": 0, "interestExpense": 0, "depreciationAndAmortization": 257000000, "ebitda": 990000000, "ebitdaratio": 0.1028464575, "operatingIncome": 7000000, "operatingIncomeRatio": 0.0007271972, "totalOtherIncomeExpensesNet": -726000000, "incomeBeforeTax": -798000000, "incomeBeforeTaxRatio": -0.0829004779, "incomeTaxExpense": -303000000, "netIncome": -495000000, "netIncomeRatio": -0.0514232288, "eps": -3.76, "epsdiluted": -3.76, "weightedAverageShsOut": 131648936, "weightedAverageShsOutDil": 131648936, "link": "", "finalLink": "", "calculatedOtherExpenses": 257000000, "calculatedOperatingExpenses": 2872000000, "calculatedNetInterest": 0, "calculatedOtherIncome": -805000000, "calculatedIncomeNonControlling": 0, "calculatedEbitda": 264000000}, {"date": "1993-01-31", "symbol": "FL", "reportedCurrency": "USD", "cik": "0000850209", "fillingDate": "1993-01-31", "acceptedDate": "1993-01-30 19:00:00", "calendarYear": "1992", "period": "FY", "revenue": 9962000000, "costOfRevenue": 6683000000, "grossProfit": 3279000000, "grossProfitRatio": 0.3291507729, "researchAndDevelopmentExpenses": 0, "generalAndAdministrativeExpenses": 0, "sellingAndMarketingExpenses": 0, "sellingGeneralAndAdministrativeExpenses": 2501000000, "otherExpenses": 2755000000, "operatingExpenses": 2755000000, "costAndExpenses": 9438000000, "interestIncome": 0, "interestExpense": 0, "depreciationAndAmortization": 254000000, "ebitda": 778000000, "ebitdaratio": 0.0780967677, "operatingIncome": 524000000, "operatingIncomeRatio": 0.0525998795, "totalOtherIncomeExpensesNet": -87000000, "incomeBeforeTax": 437000000, "incomeBeforeTaxRatio": 0.0438666934, "incomeTaxExpense": 157000000, "netIncome": 280000000, "netIncomeRatio": 0.0281068059, "eps": 2.14, "epsdiluted": 2.14, "weightedAverageShsOut": 130841121, "weightedAverageShsOutDil": 130841121, "link": "", "finalLink": "", "calculatedOtherExpenses": 254000000, "calculatedOperatingExpenses": 2755000000, "calculatedNetInterest": 0, "calculatedOtherIncome": -87000000, "calculatedIncomeNonControlling": 0, "calculatedEbitda": 778000000}, {"date": "1992-01-31", "symbol": "FL", "reportedCurrency": "USD", "cik": "0000850209", "fillingDate": "1992-01-31", "acceptedDate": "1992-01-30 19:00:00", "calendarYear": "1991", "period": "FY", "revenue": 9914000000, "costOfRevenue": 6684000000, "grossProfit": 3230000000, "grossProfitRatio": 0.3258018963, "researchAndDevelopmentExpenses": 0, "generalAndAdministrativeExpenses": 0, "sellingAndMarketingExpenses": 0, "sellingGeneralAndAdministrativeExpenses": 2575000000, "otherExpenses": 2836000000, "operatingExpenses": 2836000000, "costAndExpenses": 9520000000, "interestIncome": 0, "interestExpense": 0, "depreciationAndAmortization": 261000000, "ebitda": 1045000000, "ebitdaratio": 0.1054064959, "operatingIncome": 394000000, "operatingIncomeRatio": 0.0397417793, "totalOtherIncomeExpensesNet": -390000000, "incomeBeforeTax": -83000000, "incomeBeforeTaxRatio": -0.0083719992, "incomeTaxExpense": -30000000, "netIncome": -53000000, "netIncomeRatio": -0.0053459754, "eps": -0.41, "epsdiluted": -0.41, "weightedAverageShsOut": 129268293, "weightedAverageShsOutDil": 129268293, "link": "", "finalLink": "", "calculatedOtherExpenses": 261000000, "calculatedOperatingExpenses": 2836000000, "calculatedNetInterest": 0, "calculatedOtherIncome": -477000000, "calculatedIncomeNonControlling": 0, "calculatedEbitda": 655000000}, {"date": "1991-01-31", "symbol": "FL", "reportedCurrency": "USD", "cik": "0000850209", "fillingDate": "1991-01-31", "acceptedDate": "1991-01-30 19:00:00", "calendarYear": "1990", "period": "FY", "revenue": 9789000000, "costOfRevenue": 6534000000, "grossProfit": 3255000000, "grossProfitRatio": 0.3325160895, "researchAndDevelopmentExpenses": 0, "generalAndAdministrativeExpenses": 0, "sellingAndMarketingExpenses": 0, "sellingGeneralAndAdministrativeExpenses": 2433000000, "otherExpenses": 2667000000, "operatingExpenses": 2667000000, "costAndExpenses": 9201000000, "interestIncome": 0, "interestExpense": 0, "depreciationAndAmortization": 234000000, "ebitda": 822000000, "ebitdaratio": 0.0839718051, "operatingIncome": 588000000, "operatingIncomeRatio": 0.0600674226, "totalOtherIncomeExpensesNet": -95000000, "incomeBeforeTax": 493000000, "incomeBeforeTaxRatio": 0.050362652, "incomeTaxExpense": 176000000, "netIncome": 317000000, "netIncomeRatio": 0.0323832874, "eps": 2.45, "epsdiluted": 2.45, "weightedAverageShsOut": 129387755, "weightedAverageShsOutDil": 129387755, "link": "", "finalLink": "", "calculatedOtherExpenses": 234000000, "calculatedOperatingExpenses": 2667000000, "calculatedNetInterest": 0, "calculatedOtherIncome": -95000000, "calculatedIncomeNonControlling": 0, "calculatedEbitda": 822000000}, {"date": "1990-01-31", "symbol": "FL", "reportedCurrency": "USD", "cik": "0000850209", "fillingDate": "1990-01-31", "acceptedDate": "1990-01-30 19:00:00", "calendarYear": "1989", "period": "FY", "revenue": 8820000000, "costOfRevenue": 5759000000, "grossProfit": 3061000000, "grossProfitRatio": 0.3470521542, "researchAndDevelopmentExpenses": 0, "generalAndAdministrativeExpenses": 0, "sellingAndMarketingExpenses": 0, "sellingGeneralAndAdministrativeExpenses": 2242000000, "otherExpenses": 2446000000, "operatingExpenses": 2446000000, "costAndExpenses": 8205000000, "interestIncome": 0, "interestExpense": 0, "depreciationAndAmortization": 204000000, "ebitda": 819000000, "ebitdaratio": 0.0928571429, "operatingIncome": 615000000, "operatingIncomeRatio": 0.0697278912, "totalOtherIncomeExpensesNet": -101000000, "incomeBeforeTax": 514000000, "incomeBeforeTaxRatio": 0.058276644, "incomeTaxExpense": 185000000, "netIncome": 329000000, "netIncomeRatio": 0.0373015873, "eps": 2.56, "epsdiluted": 2.56, "weightedAverageShsOut": 128515625, "weightedAverageShsOutDil": 128515625, "link": "", "finalLink": "", "calculatedOtherExpenses": 204000000, "calculatedOperatingExpenses": 2446000000, "calculatedNetInterest": 0, "calculatedOtherIncome": -101000000, "calculatedIncomeNonControlling": 0, "calculatedEbitda": 819000000}, {"date": "1989-01-31", "symbol": "FL", "reportedCurrency": "USD", "cik": "0000850209", "fillingDate": "1989-01-31", "acceptedDate": "1989-01-30 19:00:00", "calendarYear": "1988", "period": "FY", "revenue": 8088000000, "costOfRevenue": 5333000000, "grossProfit": 2755000000, "grossProfitRatio": 0.340628091, "researchAndDevelopmentExpenses": 0, "generalAndAdministrativeExpenses": 0, "sellingAndMarketingExpenses": 0, "sellingGeneralAndAdministrativeExpenses": 2063000000, "otherExpenses": 2240000000, "operatingExpenses": 2240000000, "costAndExpenses": 7573000000, "interestIncome": 0, "interestExpense": 0, "depreciationAndAmortization": 177000000, "ebitda": 692000000, "ebitdaratio": 0.0855588526, "operatingIncome": 515000000, "operatingIncomeRatio": 0.0636745796, "totalOtherIncomeExpensesNet": -71000000, "incomeBeforeTax": 444000000, "incomeBeforeTaxRatio": 0.0548961424, "incomeTaxExpense": 156000000, "netIncome": 288000000, "netIncomeRatio": 0.0356083086, "eps": 2.24, "epsdiluted": 2.24, "weightedAverageShsOut": 128571429, "weightedAverageShsOutDil": 128571429, "link": "", "finalLink": "", "calculatedOtherExpenses": 177000000, "calculatedOperatingExpenses": 2240000000, "calculatedNetInterest": 0, "calculatedOtherIncome": -71000000, "calculatedIncomeNonControlling": 0, "calculatedEbitda": 692000000}, {"date": "1988-01-31", "symbol": "FL", "reportedCurrency": "USD", "cik": "0000850209", "fillingDate": "1988-01-31", "acceptedDate": "1988-01-30 19:00:00", "calendarYear": "1987", "period": "FY", "revenue": 7134000000, "costOfRevenue": 4714000000, "grossProfit": 2420000000, "grossProfitRatio": 0.3392206336, "researchAndDevelopmentExpenses": 0, "generalAndAdministrativeExpenses": 0, "sellingAndMarketingExpenses": 0, "sellingGeneralAndAdministrativeExpenses": 1859000000, "otherExpenses": 2006000000, "operatingExpenses": 2006000000, "costAndExpenses": 6720000000, "interestIncome": 0, "interestExpense": 0, "depreciationAndAmortization": 147000000, "ebitda": 518000000, "ebitdaratio": 0.0726100364, "operatingIncome": 414000000, "operatingIncomeRatio": 0.0580319596, "totalOtherIncomeExpensesNet": 43000000, "incomeBeforeTax": 406000000, "incomeBeforeTaxRatio": 0.0569105691, "incomeTaxExpense": 155000000, "netIncome": 251000000, "netIncomeRatio": 0.0351836277, "eps": 1.91, "epsdiluted": 1.91, "weightedAverageShsOut": 131413613, "weightedAverageShsOutDil": 131413613, "link": "", "finalLink": "", "calculatedOtherExpenses": 147000000, "calculatedOperatingExpenses": 2006000000, "calculatedNetInterest": 0, "calculatedOtherIncome": -8000000, "calculatedIncomeNonControlling": 0, "calculatedEbitda": 561000000}, {"date": "1987-01-31", "symbol": "FL", "reportedCurrency": "USD", "cik": "0000850209", "fillingDate": "1987-01-31", "acceptedDate": "1987-01-30 19:00:00", "calendarYear": "1986", "period": "FY", "revenue": 6501000000, "costOfRevenue": 4287000000, "grossProfit": 2214000000, "grossProfitRatio": 0.3405629903, "researchAndDevelopmentExpenses": 0, "generalAndAdministrativeExpenses": 0, "sellingAndMarketingExpenses": 0, "sellingGeneralAndAdministrativeExpenses": 1689000000, "otherExpenses": 1814000000, "operatingExpenses": 1814000000, "costAndExpenses": 6101000000, "interestIncome": 0, "interestExpense": 0, "depreciationAndAmortization": 125000000, "ebitda": 495000000, "ebitdaratio": 0.076142132, "operatingIncome": 400000000, "operatingIncomeRatio": 0.0615289955, "totalOtherIncomeExpensesNet": 30000000, "incomeBeforeTax": 374000000, "incomeBeforeTaxRatio": 0.0575296108, "incomeTaxExpense": 160000000, "netIncome": 214000000, "netIncomeRatio": 0.0329180126, "eps": 1.63, "epsdiluted": 1.63, "weightedAverageShsOut": 130674847, "weightedAverageShsOutDil": 130674847, "link": "", "finalLink": "", "calculatedOtherExpenses": 125000000, "calculatedOperatingExpenses": 1814000000, "calculatedNetInterest": 0, "calculatedOtherIncome": -26000000, "calculatedIncomeNonControlling": 0, "calculatedEbitda": 525000000}, {"date": "1986-01-31", "symbol": "FL", "reportedCurrency": "USD", "cik": "0000850209", "fillingDate": "1986-01-31", "acceptedDate": "1986-01-30 19:00:00", "calendarYear": "1985", "period": "FY", "revenue": 5958000000, "costOfRevenue": 3952000000, "grossProfit": 2006000000, "grossProfitRatio": 0.3366901645, "researchAndDevelopmentExpenses": 0, "generalAndAdministrativeExpenses": 0, "sellingAndMarketingExpenses": 0, "sellingGeneralAndAdministrativeExpenses": 1545000000, "otherExpenses": 1656000000, "operatingExpenses": 1656000000, "costAndExpenses": 5608000000, "interestIncome": 0, "interestExpense": 0, "depreciationAndAmortization": 111000000, "ebitda": 429000000, "ebitdaratio": 0.0720040282, "operatingIncome": 350000000, "operatingIncomeRatio": 0.0587445451, "totalOtherIncomeExpensesNet": 32000000, "incomeBeforeTax": 314000000, "incomeBeforeTaxRatio": 0.0527022491, "incomeTaxExpense": 137000000, "netIncome": 177000000, "netIncomeRatio": 0.0297079557, "eps": 1.38, "epsdiluted": 1.38, "weightedAverageShsOut": 127536232, "weightedAverageShsOutDil": 127536232, "link": "", "finalLink": "", "calculatedOtherExpenses": 111000000, "calculatedOperatingExpenses": 1656000000, "calculatedNetInterest": 0, "calculatedOtherIncome": -36000000, "calculatedIncomeNonControlling": 0, "calculatedEbitda": 461000000}]}