{"originalCurrency": "USD", "convertedCurrency": "USD", "report": [{"date": "2023-12-30", "symbol": "FLO", "reportedCurrency": "USD", "cik": "0001128928", "fillingDate": "2024-02-21", "acceptedDate": "2024-02-21 11:03:57", "calendarYear": "2023", "period": "FY", "revenue": 5090830000, "costOfRevenue": 2783845000, "grossProfit": 2306985000, "grossProfitRatio": 0.4531648081, "researchAndDevelopmentExpenses": 5900000, "generalAndAdministrativeExpenses": 2119449000, "sellingAndMarketingExpenses": -140972000, "sellingGeneralAndAdministrativeExpenses": 1978477000, "otherExpenses": 0, "operatingExpenses": 1978477000, "costAndExpenses": 4762322000, "interestIncome": 20577000, "interestExpense": 16032000, "depreciationAndAmortization": 151709000, "ebitda": 480217000, "ebitdaratio": 0.0943298048, "operatingIncome": 328508000, "operatingIncomeRatio": 0.0645293597, "totalOtherIncomeExpensesNet": -171401000, "incomeBeforeTax": 157107000, "incomeBeforeTaxRatio": 0.030860783, "incomeTaxExpense": 33691000, "netIncome": 123416000, "netIncomeRatio": 0.0242428052, "eps": 0.58, "epsdiluted": 0.58, "weightedAverageShsOut": 211630000, "weightedAverageShsOutDil": 213356000, "link": "https://www.sec.gov/Archives/edgar/data/1128928/000095017024017647/0000950170-24-017647-index.htm", "finalLink": "https://www.sec.gov/Archives/edgar/data/1128928/000095017024017647/flo-20231230.htm", "calculatedOtherExpenses": -5900000, "calculatedOperatingExpenses": 1978477000, "calculatedNetInterest": 4545000, "calculatedOtherIncome": -175946000, "calculatedIncomeNonControlling": 0, "calculatedEbitda": 480217000}, {"date": "2022-12-31", "symbol": "FLO", "reportedCurrency": "USD", "cik": "0001128928", "fillingDate": "2023-02-22", "acceptedDate": "2023-02-22 11:03:30", "calendarYear": "2022", "period": "FY", "revenue": 4805822000, "costOfRevenue": 2501995000, "grossProfit": 2303827000, "grossProfitRatio": 0.4793825073, "researchAndDevelopmentExpenses": 6100000, "generalAndAdministrativeExpenses": 1850594000, "sellingAndMarketingExpenses": 74600000, "sellingGeneralAndAdministrativeExpenses": 1850594000, "otherExpenses": 141957000, "operatingExpenses": 1992551000, "costAndExpenses": 4494546000, "interestIncome": 23644000, "interestExpense": 5277000, "depreciationAndAmortization": 149782000, "ebitda": 452997000, "ebitdaratio": 0.0942600454, "operatingIncome": 303215000, "operatingIncomeRatio": 0.0630932648, "totalOtherIncomeExpensesNet": -4504000, "incomeBeforeTax": 298711000, "incomeBeforeTaxRatio": 0.0621560682, "incomeTaxExpense": 70317000, "netIncome": 228394000, "netIncomeRatio": 0.0475244401, "eps": 1.08, "epsdiluted": 1.07, "weightedAverageShsOut": 211895000, "weightedAverageShsOutDil": 213227000, "link": "https://www.sec.gov/Archives/edgar/data/1128928/000095017023003619/0000950170-23-003619-index.htm", "finalLink": "https://www.sec.gov/Archives/edgar/data/1128928/000095017023003619/flo-20221231.htm", "calculatedOtherExpenses": 143918000, "calculatedOperatingExpenses": 2000612000, "calculatedNetInterest": 18367000, "calculatedOtherIncome": -22871000, "calculatedIncomeNonControlling": 0, "calculatedEbitda": 452997000}, {"date": "2021-12-31", "symbol": "FLO", "reportedCurrency": "USD", "cik": "0001128928", "fillingDate": "2022-02-23", "acceptedDate": "2022-02-23 10:56:44", "calendarYear": "2021", "period": "FY", "revenue": 4330767000, "costOfRevenue": 2175247000, "grossProfit": 2155520000, "grossProfitRatio": 0.4977224589, "researchAndDevelopmentExpenses": 5600000, "generalAndAdministrativeExpenses": 1719797000, "sellingAndMarketingExpenses": 77700000, "sellingGeneralAndAdministrativeExpenses": 1719797000, "otherExpenses": 136559000, "operatingExpenses": 1856356000, "costAndExpenses": 4031603000, "interestIncome": 23533000, "interestExpense": 8001000, "depreciationAndAmortization": 139859000, "ebitda": 434779000, "ebitdaratio": 0.1003930713, "operatingIncome": 294920000, "operatingIncomeRatio": 0.0680987917, "totalOtherIncomeExpensesNet": -24148000, "incomeBeforeTax": 270772000, "incomeBeforeTaxRatio": 0.0625228741, "incomeTaxExpense": 64585000, "netIncome": 206187000, "netIncomeRatio": 0.0476098114, "eps": 0.97, "epsdiluted": 0.97, "weightedAverageShsOut": 211840000, "weightedAverageShsOutDil": 213033000, "link": "https://www.sec.gov/Archives/edgar/data/1128928/000156459022006065/0001564590-22-006065-index.htm", "finalLink": "https://www.sec.gov/Archives/edgar/data/1128928/000156459022006065/flo-10k_20220101.htm", "calculatedOtherExpenses": 135203000, "calculatedOperatingExpenses": 1860600000, "calculatedNetInterest": 15532000, "calculatedOtherIncome": -39680000, "calculatedIncomeNonControlling": 0, "calculatedEbitda": 434779000}, {"date": "2020-12-31", "symbol": "FLO", "reportedCurrency": "USD", "cik": "0001128928", "fillingDate": "2021-02-24", "acceptedDate": "2021-02-24 11:53:16", "calendarYear": "2020", "period": "FY", "revenue": 4387991000, "costOfRevenue": 2196142000, "grossProfit": 2191849000, "grossProfitRatio": 0.499510824, "researchAndDevelopmentExpenses": 4000000, "generalAndAdministrativeExpenses": 1693387000, "sellingAndMarketingExpenses": 60400000, "sellingGeneralAndAdministrativeExpenses": 1693387000, "otherExpenses": 141384000, "operatingExpenses": 1834771000, "costAndExpenses": 4030913000, "interestIncome": 26696000, "interestExpense": 12094000, "depreciationAndAmortization": 176867000, "ebitda": 498355000, "ebitdaratio": 0.1135724754, "operatingIncome": 321488000, "operatingIncomeRatio": 0.0732654192, "totalOtherIncomeExpensesNet": -120777000, "incomeBeforeTax": 200711000, "incomeBeforeTaxRatio": 0.045740978, "incomeTaxExpense": 48393000, "netIncome": 152318000, "netIncomeRatio": 0.0347124686, "eps": 0.72, "epsdiluted": 0.72, "weightedAverageShsOut": 211782000, "weightedAverageShsOutDil": 212345000, "link": "https://www.sec.gov/Archives/edgar/data/1128928/000156459021007896/0001564590-21-007896-index.htm", "finalLink": "https://www.sec.gov/Archives/edgar/data/1128928/000156459021007896/flo-10k_20210102.htm", "calculatedOtherExpenses": 172974000, "calculatedOperatingExpenses": 1870361000, "calculatedNetInterest": 14602000, "calculatedOtherIncome": -135379000, "calculatedIncomeNonControlling": 0, "calculatedEbitda": 498355000}, {"date": "2019-12-28", "symbol": "FLO", "reportedCurrency": "USD", "cik": "0001128928", "fillingDate": "2020-02-19", "acceptedDate": "2020-02-19 11:08:00", "calendarYear": "2019", "period": "FY", "revenue": 4123974000, "costOfRevenue": 2155709000, "grossProfit": 1968265000, "grossProfitRatio": 0.4772738625, "researchAndDevelopmentExpenses": 4300000, "generalAndAdministrativeExpenses": 1575122000, "sellingAndMarketingExpenses": 48200000, "sellingGeneralAndAdministrativeExpenses": 1575122000, "otherExpenses": 144228000, "operatingExpenses": 1719350000, "costAndExpenses": 3875059000, "interestIncome": 27750000, "interestExpense": 11097000, "depreciationAndAmortization": 167752000, "ebitda": 393180000, "ebitdaratio": 0.0953400773, "operatingIncome": 225428000, "operatingIncomeRatio": 0.0546628083, "totalOtherIncomeExpensesNet": -13345000, "incomeBeforeTax": 212083000, "incomeBeforeTaxRatio": 0.0514268519, "incomeTaxExpense": 47545000, "netIncome": 164538000, "netIncomeRatio": 0.0398979237, "eps": 0.78, "epsdiluted": 0.78, "weightedAverageShsOut": 211606000, "weightedAverageShsOutDil": 211974000, "link": "https://www.sec.gov/Archives/edgar/data/1128928/000156459020005163/0001564590-20-005163-index.htm", "finalLink": "https://www.sec.gov/Archives/edgar/data/1128928/000156459020005163/flo-10k_20191228.htm", "calculatedOtherExpenses": 163415000, "calculatedOperatingExpenses": 1742837000, "calculatedNetInterest": 16653000, "calculatedOtherIncome": -29998000, "calculatedIncomeNonControlling": 0, "calculatedEbitda": 393180000}, {"date": "2018-12-29", "symbol": "FLO", "reportedCurrency": "USD", "cik": "0001128928", "fillingDate": "2019-02-20", "acceptedDate": "2019-02-20 12:50:25", "calendarYear": "2018", "period": "FY", "revenue": 3951852000, "costOfRevenue": 2066828000, "grossProfit": 1885024000, "grossProfitRatio": 0.4769976204, "researchAndDevelopmentExpenses": 4900000, "generalAndAdministrativeExpenses": 1507256000, "sellingAndMarketingExpenses": 40500000, "sellingGeneralAndAdministrativeExpenses": 1507256000, "otherExpenses": -3212000, "operatingExpenses": 1651380000, "costAndExpenses": 3718208000, "interestIncome": 27755000, "interestExpense": 7931000, "depreciationAndAmortization": 144124000, "ebitda": 374556000, "ebitdaratio": 0.0947798652, "operatingIncome": 212344000, "operatingIncomeRatio": 0.0537327815, "totalOtherIncomeExpensesNet": -28552000, "incomeBeforeTax": 197161000, "incomeBeforeTaxRatio": 0.0498907854, "incomeTaxExpense": 40001000, "netIncome": 157160000, "netIncomeRatio": 0.0397686958, "eps": 0.74, "epsdiluted": 0.74, "weightedAverageShsOut": 211016000, "weightedAverageShsOutDil": 211632000, "link": "https://www.sec.gov/Archives/edgar/data/1128928/000156459019003388/0001564590-19-003388-index.htm", "finalLink": "https://www.sec.gov/Archives/edgar/data/1128928/000156459019003388/flo-10k_20181229.htm", "calculatedOtherExpenses": 160524000, "calculatedOperatingExpenses": 1672680000, "calculatedNetInterest": 19824000, "calculatedOtherIncome": -35007000, "calculatedIncomeNonControlling": 0, "calculatedEbitda": 356468000}, {"date": "2017-12-30", "symbol": "FLO", "reportedCurrency": "USD", "cik": "0001128928", "fillingDate": "2018-02-21", "acceptedDate": "2018-02-21 14:22:45", "calendarYear": "2017", "period": "FY", "revenue": 3920733000, "costOfRevenue": 2009063000, "grossProfit": 1911670000, "grossProfitRatio": 0.4875797459, "researchAndDevelopmentExpenses": 2400000, "generalAndAdministrativeExpenses": 1503867000, "sellingAndMarketingExpenses": 33800000, "sellingGeneralAndAdministrativeExpenses": 1503867000, "otherExpenses": -4649000, "operatingExpenses": 1650586000, "costAndExpenses": 3659649000, "interestIncome": 22938000, "interestExpense": 13619000, "depreciationAndAmortization": 146719000, "ebitda": 407803000, "ebitdaratio": 0.1040119284, "operatingIncome": 162912000, "operatingIncomeRatio": 0.041551414, "totalOtherIncomeExpensesNet": -98172000, "incomeBeforeTax": 149293000, "incomeBeforeTaxRatio": 0.0380778288, "incomeTaxExpense": -827000, "netIncome": 150120000, "netIncomeRatio": 0.0382887588, "eps": 0.72, "epsdiluted": 0.71, "weightedAverageShsOut": 209573000, "weightedAverageShsOutDil": 210435000, "link": "https://www.sec.gov/Archives/edgar/data/1128928/000156459018002612/0001564590-18-002612-index.htm", "finalLink": "https://www.sec.gov/Archives/edgar/data/1128928/000156459018002612/flo-10k_20171230.htm", "calculatedOtherExpenses": 242491000, "calculatedOperatingExpenses": 1748758000, "calculatedNetInterest": 9319000, "calculatedOtherIncome": -22938000, "calculatedIncomeNonControlling": 0, "calculatedEbitda": 309631000}, {"date": "2016-12-31", "symbol": "FLO", "reportedCurrency": "USD", "cik": "0001128928", "fillingDate": "2017-02-23", "acceptedDate": "2017-02-23 06:33:26", "calendarYear": "2016", "period": "FY", "revenue": 3926885000, "costOfRevenue": 2026367000, "grossProfit": 1900518000, "grossProfitRatio": 0.4839759759, "researchAndDevelopmentExpenses": 3000000, "generalAndAdministrativeExpenses": 1464236000, "sellingAndMarketingExpenses": 33900000, "sellingGeneralAndAdministrativeExpenses": 1464236000, "otherExpenses": -6646000, "operatingExpenses": 1605105000, "costAndExpenses": 3631472000, "interestIncome": 20552000, "interestExpense": 14353000, "depreciationAndAmortization": 140869000, "ebitda": 436282000, "ebitdaratio": 0.1111012928, "operatingIncome": 263890000, "operatingIncomeRatio": 0.0672008475, "totalOtherIncomeExpensesNet": -31523000, "incomeBeforeTax": 249537000, "incomeBeforeTaxRatio": 0.0635457876, "incomeTaxExpense": 85761000, "netIncome": 163776000, "netIncomeRatio": 0.0417063398, "eps": 0.79, "epsdiluted": 0.78, "weightedAverageShsOut": 208511000, "weightedAverageShsOutDil": 210354000, "link": "https://www.sec.gov/Archives/edgar/data/1128928/000156459017002099/0001564590-17-002099-index.htm", "finalLink": "https://www.sec.gov/Archives/edgar/data/1128928/000156459017002099/flo-10k_20161231.htm", "calculatedOtherExpenses": 169392000, "calculatedOperatingExpenses": 1636628000, "calculatedNetInterest": 6199000, "calculatedOtherIncome": -20552000, "calculatedIncomeNonControlling": 0, "calculatedEbitda": 404759000}, {"date": "2015-12-31", "symbol": "FLO", "reportedCurrency": "USD", "cik": "0001128928", "fillingDate": "2016-02-24", "acceptedDate": "2016-02-24 13:45:44", "calendarYear": "2015", "period": "FY", "revenue": 3778505000, "costOfRevenue": 1963153000, "grossProfit": 1815352000, "grossProfitRatio": 0.4804418679, "researchAndDevelopmentExpenses": 3300000, "generalAndAdministrativeExpenses": 1381527000, "sellingAndMarketingExpenses": 23500000, "sellingGeneralAndAdministrativeExpenses": 1381527000, "otherExpenses": 132175000, "operatingExpenses": 1513702000, "costAndExpenses": 3476855000, "interestIncome": 21967000, "interestExpense": 4848000, "depreciationAndAmortization": 132175000, "ebitda": 433825000, "ebitdaratio": 0.1148139277, "operatingIncome": 297879000, "operatingIncomeRatio": 0.0788351478, "totalOtherIncomeExpensesNet": -3771000, "incomeBeforeTax": 293031000, "incomeBeforeTaxRatio": 0.0775521006, "incomeTaxExpense": 103840000, "netIncome": 189191000, "netIncomeRatio": 0.050070332, "eps": 0.9, "epsdiluted": 0.89, "weightedAverageShsOut": 210793000, "weightedAverageShsOutDil": 213356000, "link": "https://www.sec.gov/Archives/edgar/data/1128928/000156459016013151/0001564590-16-013151-index.htm", "finalLink": "https://www.sec.gov/Archives/edgar/data/1128928/000156459016013151/flo-10k_20160102.htm", "calculatedOtherExpenses": 132646000, "calculatedOperatingExpenses": 1517473000, "calculatedNetInterest": 17119000, "calculatedOtherIncome": -21967000, "calculatedIncomeNonControlling": 0, "calculatedEbitda": 430054000}, {"date": "2014-12-31", "symbol": "FLO", "reportedCurrency": "USD", "cik": "0001128928", "fillingDate": "2015-02-25", "acceptedDate": "2015-02-25 12:07:07", "calendarYear": "2014", "period": "FY", "revenue": 3748973000, "costOfRevenue": 1950633000, "grossProfit": 1798340000, "grossProfitRatio": 0.4796887041, "researchAndDevelopmentExpenses": 5600000, "generalAndAdministrativeExpenses": 1368289000, "sellingAndMarketingExpenses": 22900000, "sellingGeneralAndAdministrativeExpenses": 1368289000, "otherExpenses": -15387000, "operatingExpenses": 1497250000, "costAndExpenses": 3447883000, "interestIncome": 20947000, "interestExpense": 7341000, "depreciationAndAmortization": 128961000, "ebitda": 430051000, "ebitdaratio": 0.1147116824, "operatingIncome": 275395000, "operatingIncomeRatio": 0.0734587846, "totalOtherIncomeExpensesNet": -25695000, "incomeBeforeTax": 268054000, "incomeBeforeTaxRatio": 0.0715006483, "incomeTaxExpense": 92315000, "netIncome": 175739000, "netIncomeRatio": 0.0468765713, "eps": 0.84, "epsdiluted": 0.82, "weightedAverageShsOut": 209683000, "weightedAverageShsOutDil": 213092000, "link": "https://www.sec.gov/Archives/edgar/data/1128928/000119312515061804/0001193125-15-061804-index.htm", "finalLink": "https://www.sec.gov/Archives/edgar/data/1128928/000119312515061804/d831372d10k.htm", "calculatedOtherExpenses": 149056000, "calculatedOperatingExpenses": 1522945000, "calculatedNetInterest": 13606000, "calculatedOtherIncome": -20947000, "calculatedIncomeNonControlling": 0, "calculatedEbitda": 404356000}, {"date": "2013-12-28", "symbol": "FLO", "reportedCurrency": "USD", "cik": "0001128928", "fillingDate": "2014-02-19", "acceptedDate": "2014-02-19 15:11:31", "calendarYear": "2013", "period": "FY", "revenue": 3751005000, "costOfRevenue": 1972221000, "grossProfit": 1778784000, "grossProfitRatio": 0.4742153103, "researchAndDevelopmentExpenses": 5800000, "generalAndAdministrativeExpenses": 1375131000, "sellingAndMarketingExpenses": 28100000, "sellingGeneralAndAdministrativeExpenses": 1375131000, "otherExpenses": 118491000, "operatingExpenses": 1493622000, "costAndExpenses": 3465843000, "interestIncome": 16015000, "interestExpense": 12860000, "depreciationAndAmortization": 118491000, "ebitda": 403653000, "ebitdaratio": 0.10761196, "operatingIncome": 335233000, "operatingIncomeRatio": 0.0893715151, "totalOtherIncomeExpensesNet": 50071000, "incomeBeforeTax": 322373000, "incomeBeforeTaxRatio": 0.0859431006, "incomeTaxExpense": 91479000, "netIncome": 230894000, "netIncomeRatio": 0.0615552365, "eps": 1.11, "epsdiluted": 1.09, "weightedAverageShsOut": 207935000, "weightedAverageShsOutDil": 211927000, "link": "https://www.sec.gov/Archives/edgar/data/1128928/000119312514058624/0001193125-14-058624-index.htm", "finalLink": "https://www.sec.gov/Archives/edgar/data/1128928/000119312514058624/d634175d10k.htm", "calculatedOtherExpenses": 62620000, "calculatedOperatingExpenses": 1443551000, "calculatedNetInterest": 3155000, "calculatedOtherIncome": -16015000, "calculatedIncomeNonControlling": 0, "calculatedEbitda": 453724000}, {"date": "2012-12-29", "symbol": "FLO", "reportedCurrency": "USD", "cik": "0001128928", "fillingDate": "2013-02-20", "acceptedDate": "2013-02-20 16:07:51", "calendarYear": "2012", "period": "FY", "revenue": 3046491000, "costOfRevenue": 1617810000, "grossProfit": 1428681000, "grossProfitRatio": 0.4689595341, "researchAndDevelopmentExpenses": 1600000, "generalAndAdministrativeExpenses": 1107480000, "sellingAndMarketingExpenses": 19100000, "sellingGeneralAndAdministrativeExpenses": 1107480000, "otherExpenses": 102690000, "operatingExpenses": 1210170000, "costAndExpenses": 2827980000, "interestIncome": 13672000, "interestExpense": 9739000, "depreciationAndAmortization": 102690000, "ebitda": 321201000, "ebitdaratio": 0.1054331032, "operatingIncome": 218511000, "operatingIncomeRatio": 0.0717254704, "totalOtherIncomeExpensesNet": -9739000, "incomeBeforeTax": 208772000, "incomeBeforeTaxRatio": 0.0685286777, "incomeTaxExpense": 72651000, "netIncome": 136121000, "netIncomeRatio": 0.0446812415, "eps": 0.66, "epsdiluted": 0.66, "weightedAverageShsOut": 205005000, "weightedAverageShsOutDil": 207674000, "link": "https://www.sec.gov/Archives/edgar/data/1128928/000119312513067201/0001193125-13-067201-index.htm", "finalLink": "https://www.sec.gov/Archives/edgar/data/1128928/000119312513067201/d446898d10k.htm", "calculatedOtherExpenses": 101090000, "calculatedOperatingExpenses": 1210170000, "calculatedNetInterest": 3933000, "calculatedOtherIncome": -13672000, "calculatedIncomeNonControlling": 0, "calculatedEbitda": 321201000}, {"date": "2011-12-31", "symbol": "FLO", "reportedCurrency": "USD", "cik": "0001128928", "fillingDate": "2012-02-29", "acceptedDate": "2012-02-29 09:55:20", "calendarYear": "2011", "period": "FY", "revenue": 2773356000, "costOfRevenue": 1473201000, "grossProfit": 1300155000, "grossProfitRatio": 0.4688020579, "researchAndDevelopmentExpenses": 0, "generalAndAdministrativeExpenses": 0, "sellingAndMarketingExpenses": 0, "sellingGeneralAndAdministrativeExpenses": 1016491000, "otherExpenses": 94638000, "operatingExpenses": 1111129000, "costAndExpenses": 2584330000, "interestIncome": 13112000, "interestExpense": 10172000, "depreciationAndAmortization": 94638000, "ebitda": 283664000, "ebitdaratio": 0.1022818564, "operatingIncome": 189026000, "operatingIncomeRatio": 0.0681578564, "totalOtherIncomeExpensesNet": 2940000, "incomeBeforeTax": 191966000, "incomeBeforeTaxRatio": 0.0692179439, "incomeTaxExpense": 68538000, "netIncome": 123428000, "netIncomeRatio": 0.0445049247, "eps": 0.61, "epsdiluted": 0.6, "weightedAverageShsOut": 203081000, "weightedAverageShsOutDil": 205322000, "link": "https://www.sec.gov/Archives/edgar/data/1128928/000119312512087463/0001193125-12-087463-index.htm", "finalLink": "https://www.sec.gov/Archives/edgar/data/1128928/000119312512087463/d265418d10k.htm", "calculatedOtherExpenses": 94638000, "calculatedOperatingExpenses": 1111129000, "calculatedNetInterest": 2940000, "calculatedOtherIncome": 0, "calculatedIncomeNonControlling": 0, "calculatedEbitda": 283664000}, {"date": "2010-12-31", "symbol": "FLO", "reportedCurrency": "USD", "cik": "0001128928", "fillingDate": "2011-02-23", "acceptedDate": "2011-02-23 17:10:38", "calendarYear": "2010", "period": "FY", "revenue": 2573769000, "costOfRevenue": 1346790000, "grossProfit": 1226979000, "grossProfitRatio": 0.4767246012, "researchAndDevelopmentExpenses": 0, "generalAndAdministrativeExpenses": 0, "sellingAndMarketingExpenses": 0, "sellingGeneralAndAdministrativeExpenses": 935999000, "otherExpenses": 85118000, "operatingExpenses": 1021117000, "costAndExpenses": 2367907000, "interestIncome": 4518000, "interestExpense": 8164000, "depreciationAndAmortization": 85118000, "ebitda": 290980000, "ebitdaratio": 0.1130559891, "operatingIncome": 205862000, "operatingIncomeRatio": 0.0799846451, "totalOtherIncomeExpensesNet": 4518000, "incomeBeforeTax": 210380000, "incomeBeforeTaxRatio": 0.0817400474, "incomeTaxExpense": 73333000, "netIncome": 137047000, "netIncomeRatio": 0.0532475914, "eps": 0.67, "epsdiluted": 0.66, "weightedAverageShsOut": 205693500, "weightedAverageShsOutDil": 207243000, "link": "https://www.sec.gov/Archives/edgar/data/1128928/000095012311017197/0000950123-11-017197-index.htm", "finalLink": "https://www.sec.gov/Archives/edgar/data/1128928/000095012311017197/g25674e10vk.htm", "calculatedOtherExpenses": 85118000, "calculatedOperatingExpenses": 1021117000, "calculatedNetInterest": -3646000, "calculatedOtherIncome": 8164000, "calculatedIncomeNonControlling": 0, "calculatedEbitda": 290980000}, {"date": "2009-12-31", "symbol": "FLO", "reportedCurrency": "USD", "cik": "0001128928", "fillingDate": "2010-03-03", "acceptedDate": "2010-03-03 15:05:20", "calendarYear": "2009", "period": "FY", "revenue": 2600849000, "costOfRevenue": 1390183000, "grossProfit": 1210666000, "grossProfitRatio": 0.4654887692, "researchAndDevelopmentExpenses": 0, "generalAndAdministrativeExpenses": 0, "sellingAndMarketingExpenses": 0, "sellingGeneralAndAdministrativeExpenses": 926418000, "otherExpenses": 77915000, "operatingExpenses": 1007346000, "costAndExpenses": 2397529000, "interestIncome": 13013000, "interestExpense": 11587000, "depreciationAndAmortization": 80928000, "ebitda": 287261000, "ebitdaratio": 0.1104489342, "operatingIncome": 206333000, "operatingIncomeRatio": 0.0793329409, "totalOtherIncomeExpensesNet": -3013000, "incomeBeforeTax": 207759000, "incomeBeforeTaxRatio": 0.0798812234, "incomeTaxExpense": 74047000, "netIncome": 130297000, "netIncomeRatio": 0.0500978719, "eps": 0.63, "epsdiluted": 0.63, "weightedAverageShsOut": 207450000, "weightedAverageShsOutDil": 208649250, "link": "https://www.sec.gov/Archives/edgar/data/1128928/000095012310020492/0000950123-10-020492-index.htm", "finalLink": "https://www.sec.gov/Archives/edgar/data/1128928/000095012310020492/g22171e10vk.htm", "calculatedOtherExpenses": 77915000, "calculatedOperatingExpenses": 1004333000, "calculatedNetInterest": 1426000, "calculatedOtherIncome": 0, "calculatedIncomeNonControlling": 3415000, "calculatedEbitda": 287261000}, {"date": "2008-12-31", "symbol": "FLO", "reportedCurrency": "USD", "cik": "0001128928", "fillingDate": "2009-03-04", "acceptedDate": "2009-03-04 14:42:09", "calendarYear": "2008", "period": "FY", "revenue": 2414892000, "costOfRevenue": 1263962000, "grossProfit": 1150930000, "grossProfitRatio": 0.476596883, "researchAndDevelopmentExpenses": 0, "generalAndAdministrativeExpenses": 0, "sellingAndMarketingExpenses": 0, "sellingGeneralAndAdministrativeExpenses": 894800000, "otherExpenses": 71006000, "operatingExpenses": 965004000, "costAndExpenses": 2228966000, "interestIncome": 13486000, "interestExpense": 6137000, "depreciationAndAmortization": 73312000, "ebitda": 262346000, "ebitdaratio": 0.1086367423, "operatingIncome": 185124000, "operatingIncomeRatio": 0.0766593289, "totalOtherIncomeExpensesNet": -3108000, "incomeBeforeTax": 190051000, "incomeBeforeTaxRatio": 0.0786995857, "incomeTaxExpense": 67744000, "netIncome": 119233000, "netIncomeRatio": 0.0493740507, "eps": 0.58, "epsdiluted": 0.57, "weightedAverageShsOut": 207036000, "weightedAverageShsOutDil": 209331000, "link": "https://www.sec.gov/Archives/edgar/data/1128928/000095014409001854/0000950144-09-001854-index.htm", "finalLink": "https://www.sec.gov/Archives/edgar/data/1128928/000095014409001854/g17744e10vk.htm", "calculatedOtherExpenses": 71006000, "calculatedOperatingExpenses": 965806000, "calculatedNetInterest": 7349000, "calculatedOtherIncome": -2422000, "calculatedIncomeNonControlling": 3074000, "calculatedEbitda": 258436000}, {"date": "2007-12-29", "symbol": "FLO", "reportedCurrency": "USD", "cik": "0001128928", "fillingDate": "2008-02-27", "acceptedDate": "2008-02-27 15:18:48", "calendarYear": "2007", "period": "FY", "revenue": 2036674000, "costOfRevenue": 1039011000, "grossProfit": 997663000, "grossProfitRatio": 0.4898491364, "researchAndDevelopmentExpenses": 0, "generalAndAdministrativeExpenses": 0, "sellingAndMarketingExpenses": 0, "sellingGeneralAndAdministrativeExpenses": 787821000, "otherExpenses": 65161000, "operatingExpenses": 852982000, "costAndExpenses": 1891993000, "interestIncome": 0, "interestExpense": 0, "depreciationAndAmortization": 66094000, "ebitda": 209842000, "ebitdaratio": 0.1030317076, "operatingIncome": 144681000, "operatingIncomeRatio": 0.0710378784, "totalOtherIncomeExpensesNet": 933000, "incomeBeforeTax": 153085000, "incomeBeforeTaxRatio": 0.0751642138, "incomeTaxExpense": 54970000, "netIncome": 94615000, "netIncomeRatio": 0.0464556429, "eps": 0.46, "epsdiluted": 0.45, "weightedAverageShsOut": 204682500, "weightedAverageShsOutDil": 207828000, "link": "https://www.sec.gov/Archives/edgar/data/1128928/000095014408001429/0000950144-08-001429-index.htm", "finalLink": "https://www.sec.gov/Archives/edgar/data/1128928/000095014408001429/g11794e10vk.htm", "calculatedOtherExpenses": 65161000, "calculatedOperatingExpenses": 852982000, "calculatedNetInterest": 0, "calculatedOtherIncome": 8404000, "calculatedIncomeNonControlling": 3500000, "calculatedEbitda": 210775000}, {"date": "2006-12-30", "symbol": "FLO", "reportedCurrency": "USD", "cik": "0001128928", "fillingDate": "2007-02-28", "acceptedDate": "2007-02-28 15:47:43", "calendarYear": "2006", "period": "FY", "revenue": 1888654000, "costOfRevenue": 949612000, "grossProfit": 939042000, "grossProfitRatio": 0.4972017108, "researchAndDevelopmentExpenses": 0, "generalAndAdministrativeExpenses": 0, "sellingAndMarketingExpenses": 0, "sellingGeneralAndAdministrativeExpenses": 759387000, "otherExpenses": 61162000, "operatingExpenses": 820549000, "costAndExpenses": 1770161000, "interestIncome": 0, "interestExpense": 0, "depreciationAndAmortization": 64250000, "ebitda": 179655000, "ebitdaratio": 0.0951232995, "operatingIncome": 118493000, "operatingIncomeRatio": 0.0627393901, "totalOtherIncomeExpensesNet": 3088000, "incomeBeforeTax": 123439000, "incomeBeforeTaxRatio": 0.0653581863, "incomeTaxExpense": 45304000, "netIncome": 81043000, "netIncomeRatio": 0.0429104537, "eps": 0.26, "epsdiluted": 0.26, "weightedAverageShsOut": 307911375, "weightedAverageShsOutDil": 312525000, "link": "https://www.sec.gov/Archives/edgar/data/1128928/000095014407001715/0000950144-07-001715-index.htm", "finalLink": "https://www.sec.gov/Archives/edgar/data/1128928/000095014407001715/g05592e10vk.htm", "calculatedOtherExpenses": 61162000, "calculatedOperatingExpenses": 820549000, "calculatedNetInterest": 0, "calculatedOtherIncome": 4946000, "calculatedIncomeNonControlling": -2908000, "calculatedEbitda": 182743000}, {"date": "2005-12-31", "symbol": "FLO", "reportedCurrency": "USD", "cik": "0001128928", "fillingDate": "2006-03-01", "acceptedDate": "2006-03-01 16:27:56", "calendarYear": "2005", "period": "FY", "revenue": 1715869000, "costOfRevenue": 861583000, "grossProfit": 854286000, "grossProfitRatio": 0.4978736722, "researchAndDevelopmentExpenses": 0, "generalAndAdministrativeExpenses": 0, "sellingAndMarketingExpenses": 0, "sellingGeneralAndAdministrativeExpenses": 695656000, "otherExpenses": 59344000, "operatingExpenses": 755000000, "costAndExpenses": 1616583000, "interestIncome": 0, "interestExpense": 0, "depreciationAndAmortization": 59344000, "ebitda": 158630000, "ebitdaratio": 0.0924487825, "operatingIncome": 99286000, "operatingIncomeRatio": 0.0578633917, "totalOtherIncomeExpensesNet": 6337000, "incomeBeforeTax": 105623000, "incomeBeforeTaxRatio": 0.0615565641, "incomeTaxExpense": 39861000, "netIncome": 61231000, "netIncomeRatio": 0.0356851251, "eps": 0.29, "epsdiluted": 0.28, "weightedAverageShsOut": 208544625, "weightedAverageShsOutDil": 214579125, "link": "https://www.sec.gov/Archives/edgar/data/1128928/000095014406001674/0000950144-06-001674-index.htm", "finalLink": "https://www.sec.gov/Archives/edgar/data/1128928/000095014406001674/g99718e10vk.htm", "calculatedOtherExpenses": 59344000, "calculatedOperatingExpenses": 755000000, "calculatedNetInterest": 0, "calculatedOtherIncome": 6337000, "calculatedIncomeNonControlling": 4531000, "calculatedEbitda": 158630000}, {"date": "2004-12-31", "symbol": "FLO", "reportedCurrency": "USD", "cik": "0001128928", "fillingDate": "2005-03-17", "acceptedDate": "2005-03-17 16:08:32", "calendarYear": "2004", "period": "FY", "revenue": 1551308000, "costOfRevenue": 779437000, "grossProfit": 771871000, "grossProfitRatio": 0.4975614127, "researchAndDevelopmentExpenses": 0, "generalAndAdministrativeExpenses": 0, "sellingAndMarketingExpenses": 0, "sellingGeneralAndAdministrativeExpenses": 632895000, "otherExpenses": 56702000, "operatingExpenses": 689597000, "costAndExpenses": 1469034000, "interestIncome": 0, "interestExpense": 0, "depreciationAndAmortization": 56702000, "ebitda": 138976000, "ebitdaratio": 0.0895863362, "operatingIncome": 82274000, "operatingIncomeRatio": 0.0530352451, "totalOtherIncomeExpensesNet": 8826000, "incomeBeforeTax": 91100000, "incomeBeforeTaxRatio": 0.0587246375, "incomeTaxExpense": 35071000, "netIncome": 50774000, "netIncomeRatio": 0.0327297996, "eps": 0.15, "epsdiluted": 0.15, "weightedAverageShsOut": 332859375, "weightedAverageShsOutDil": 341490937, "link": "https://www.sec.gov/Archives/edgar/data/1128928/000095014405002774/0000950144-05-002774-index.htm", "finalLink": "https://www.sec.gov/Archives/edgar/data/1128928/000095014405002774/g93654e10vk.htm", "calculatedOtherExpenses": 56702000, "calculatedOperatingExpenses": 689597000, "calculatedNetInterest": 0, "calculatedOtherIncome": 8826000, "calculatedIncomeNonControlling": 5255000, "calculatedEbitda": 138976000}, {"date": "2003-12-31", "symbol": "FLO", "reportedCurrency": "USD", "cik": "0001128928", "fillingDate": "2004-03-18", "acceptedDate": "2004-03-18 16:01:01", "calendarYear": "2003", "period": "FY", "revenue": 1452995000, "costOfRevenue": 720162000, "grossProfit": 732833000, "grossProfitRatio": 0.5043603041, "researchAndDevelopmentExpenses": 0, "generalAndAdministrativeExpenses": 0, "sellingAndMarketingExpenses": 0, "sellingGeneralAndAdministrativeExpenses": 601013000, "otherExpenses": 53935000, "operatingExpenses": 654948000, "costAndExpenses": 1375110000, "interestIncome": 0, "interestExpense": 0, "depreciationAndAmortization": 53935000, "ebitda": 131820000, "ebitdaratio": 0.090722955, "operatingIncome": 77885000, "operatingIncomeRatio": 0.053603075, "totalOtherIncomeExpensesNet": 7982000, "incomeBeforeTax": 85867000, "incomeBeforeTaxRatio": 0.0590965557, "incomeTaxExpense": 33063000, "netIncome": 14658000, "netIncomeRatio": 0.0100881283, "eps": 0.0652, "epsdiluted": 0.0632, "weightedAverageShsOut": 227610000, "weightedAverageShsOutDil": 231700500, "link": "https://www.sec.gov/Archives/edgar/data/1128928/000095014404002751/0000950144-04-002751-index.htm", "finalLink": "https://www.sec.gov/Archives/edgar/data/1128928/000095014404002751/g87502e10vk.htm", "calculatedOtherExpenses": 53935000, "calculatedOperatingExpenses": 654948000, "calculatedNetInterest": 0, "calculatedOtherIncome": 7982000, "calculatedIncomeNonControlling": 38146000, "calculatedEbitda": 131820000}, {"date": "2002-12-28", "symbol": "FLO", "reportedCurrency": "USD", "cik": "0001128928", "fillingDate": "2003-03-28", "acceptedDate": "2003-03-28 14:22:04", "calendarYear": "2002", "period": "FY", "revenue": 1652162000, "costOfRevenue": 910369000, "grossProfit": 741793000, "grossProfitRatio": 0.4489832111, "researchAndDevelopmentExpenses": 0, "generalAndAdministrativeExpenses": 0, "sellingAndMarketingExpenses": 0, "sellingGeneralAndAdministrativeExpenses": 613020000, "otherExpenses": 101576000, "operatingExpenses": 714596000, "costAndExpenses": 1624965000, "interestIncome": 0, "interestExpense": 0, "depreciationAndAmortization": 73965000, "ebitda": 128773000, "ebitdaratio": 0.0779421146, "operatingIncome": 27197000, "operatingIncomeRatio": 0.0164614608, "totalOtherIncomeExpensesNet": -27611000, "incomeBeforeTax": 10716000, "incomeBeforeTaxRatio": 0.0064860468, "incomeTaxExpense": 4593000, "netIncome": -16955000, "netIncomeRatio": -0.0102623108, "eps": -0.0499, "epsdiluted": -0.0488, "weightedAverageShsOut": 339850687, "weightedAverageShsOutDil": 347733000, "link": "https://www.sec.gov/Archives/edgar/data/1128928/000095014403004022/0000950144-03-004022-index.htm", "finalLink": "https://www.sec.gov/Archives/edgar/data/1128928/000095014403004022/g81433e10vk.htm", "calculatedOtherExpenses": 101576000, "calculatedOperatingExpenses": 714596000, "calculatedNetInterest": 0, "calculatedOtherIncome": -16481000, "calculatedIncomeNonControlling": 23078000, "calculatedEbitda": 101162000}, {"date": "2001-12-29", "symbol": "FLO", "reportedCurrency": "USD", "cik": "0001128928", "fillingDate": "2002-03-29", "acceptedDate": "2002-03-29 00:00:00", "calendarYear": "2001", "period": "FY", "revenue": 1629004000, "costOfRevenue": 888824000, "grossProfit": 740180000, "grossProfitRatio": 0.4543758026, "researchAndDevelopmentExpenses": 0, "generalAndAdministrativeExpenses": 0, "sellingAndMarketingExpenses": 0, "sellingGeneralAndAdministrativeExpenses": 668030000, "otherExpenses": 66342000, "operatingExpenses": 734372000, "costAndExpenses": 1623196000, "interestIncome": 0, "interestExpense": 0, "depreciationAndAmortization": 73815000, "ebitda": 72150000, "ebitdaratio": 0.0442908673, "operatingIncome": 5808000, "operatingIncomeRatio": 0.0035653688, "totalOtherIncomeExpensesNet": 7473000, "incomeBeforeTax": -26380000, "incomeBeforeTaxRatio": -0.0161939443, "incomeTaxExpense": -8137000, "netIncome": -14293000, "netIncomeRatio": -0.008774073, "eps": -0.0632, "epsdiluted": -0.0632, "weightedAverageShsOut": 226286156, "weightedAverageShsOutDil": 226286156, "link": "https://www.sec.gov/Archives/edgar/data/1128928/000095014402003144/0000950144-02-003144-index.htm", "finalLink": "https://www.sec.gov/Archives/edgar/data/1128928/000095014402003144/g74538e10-k.htm", "calculatedOtherExpenses": 66342000, "calculatedOperatingExpenses": 734372000, "calculatedNetInterest": 0, "calculatedOtherIncome": -32188000, "calculatedIncomeNonControlling": -3950000, "calculatedEbitda": 79623000}, {"date": "2000-12-30", "symbol": "FLO", "reportedCurrency": "USD", "cik": "0001128928", "fillingDate": "2001-03-30", "acceptedDate": "2001-03-30 00:00:00", "calendarYear": "2000", "period": "FY", "revenue": 1619980000, "costOfRevenue": 900198000, "grossProfit": 719782000, "grossProfitRatio": 0.4443153619, "researchAndDevelopmentExpenses": 0, "generalAndAdministrativeExpenses": 0, "sellingAndMarketingExpenses": 0, "sellingGeneralAndAdministrativeExpenses": 642535000, "otherExpenses": 67613000, "operatingExpenses": 710148000, "costAndExpenses": 1610346000, "interestIncome": 0, "interestExpense": 0, "depreciationAndAmortization": 67102000, "ebitda": 77247000, "ebitdaratio": 0.047683922, "operatingIncome": 9634000, "operatingIncomeRatio": 0.005946987, "totalOtherIncomeExpensesNet": -511000, "incomeBeforeTax": -58739000, "incomeBeforeTaxRatio": -0.0362590896, "incomeTaxExpense": -16457000, "netIncome": 5045000, "netIncomeRatio": 0.003114236, "eps": 0.2, "epsdiluted": -0.0193, "weightedAverageShsOut": 225833737, "weightedAverageShsOutDil": 225833737, "link": "https://www.sec.gov/Archives/edgar/data/1128928/000095014401500428/0000950144-01-500428-index.htm", "finalLink": "https://www.sec.gov/Archives/edgar/data/1128928/000095014401500428/g67886e10-k405.txt", "calculatedOtherExpenses": 67613000, "calculatedOperatingExpenses": 710148000, "calculatedNetInterest": 0, "calculatedOtherIncome": -68373000, "calculatedIncomeNonControlling": -47327000, "calculatedEbitda": 76736000}, {"date": "1999-12-31", "symbol": "FLO", "reportedCurrency": "USD", "cik": "0001128928", "fillingDate": "1999-12-31", "acceptedDate": "1999-12-30 19:00:00", "calendarYear": "1999", "period": "FY", "revenue": 1507424000, "costOfRevenue": 883882000, "grossProfit": 623542000, "grossProfitRatio": 0.4136473879, "researchAndDevelopmentExpenses": 0, "generalAndAdministrativeExpenses": 0, "sellingAndMarketingExpenses": 0, "sellingGeneralAndAdministrativeExpenses": 582616000, "otherExpenses": 59884000, "operatingExpenses": 642500000, "costAndExpenses": 1526382000, "interestIncome": 0, "interestExpense": 0, "depreciationAndAmortization": 53890000, "ebitda": 34932000, "ebitdaratio": 0.0231733076, "operatingIncome": -18958000, "operatingIncomeRatio": -0.0125764218, "totalOtherIncomeExpensesNet": 0, "incomeBeforeTax": 0, "incomeBeforeTaxRatio": 0, "incomeTaxExpense": -26252000, "netIncome": 7294000, "netIncomeRatio": 0.0048387182, "eps": 0.0319, "epsdiluted": 0.0319, "weightedAverageShsOut": 228600000, "weightedAverageShsOutDil": 228600000, "link": "", "finalLink": "", "calculatedOtherExpenses": 59884000, "calculatedOperatingExpenses": 642500000, "calculatedNetInterest": 0, "calculatedOtherIncome": 18958000, "calculatedIncomeNonControlling": 18958000, "calculatedEbitda": 34932000}, {"date": "1998-12-31", "symbol": "FLO", "reportedCurrency": "USD", "cik": "0001128928", "fillingDate": "1998-12-31", "acceptedDate": "1998-12-30 19:00:00", "calendarYear": "1998", "period": "FY", "revenue": 1483148000, "costOfRevenue": 795084000, "grossProfit": 688064000, "grossProfitRatio": 0.4639213349, "researchAndDevelopmentExpenses": 0, "generalAndAdministrativeExpenses": 0, "sellingAndMarketingExpenses": 0, "sellingGeneralAndAdministrativeExpenses": 527613000, "otherExpenses": 118005000, "operatingExpenses": 645618000, "costAndExpenses": 1440702000, "interestIncome": 0, "interestExpense": 0, "depreciationAndAmortization": 53544000, "ebitda": 95990000, "ebitdaratio": 0.064720446, "operatingIncome": 42446000, "operatingIncomeRatio": 0.0286188566, "totalOtherIncomeExpensesNet": 0, "incomeBeforeTax": 0, "incomeBeforeTaxRatio": 0, "incomeTaxExpense": 547000, "netIncome": 41899000, "netIncomeRatio": 0.0282500465, "eps": 0.18, "epsdiluted": 0.18, "weightedAverageShsOut": 228600000, "weightedAverageShsOutDil": 228600000, "link": "", "finalLink": "", "calculatedOtherExpenses": 118005000, "calculatedOperatingExpenses": 645618000, "calculatedNetInterest": 0, "calculatedOtherIncome": -42446000, "calculatedIncomeNonControlling": -42446000, "calculatedEbitda": 95990000}]}