{"originalCurrency": "USD", "convertedCurrency": "USD", "report": [{"date": "2023-12-31", "symbol": "FLR", "reportedCurrency": "USD", "cik": "0001124198", "fillingDate": "2024-02-20", "acceptedDate": "2024-02-20 07:16:07", "calendarYear": "2023", "period": "FY", "revenue": 15474000000, "costOfRevenue": 14997000000, "grossProfit": 477000000, "grossProfitRatio": 0.0308259015, "researchAndDevelopmentExpenses": 0, "generalAndAdministrativeExpenses": 224000000, "sellingAndMarketingExpenses": 0, "sellingGeneralAndAdministrativeExpenses": 224000000, "otherExpenses": 0, "operatingExpenses": 224000000, "costAndExpenses": 15221000000, "interestIncome": 228000000, "interestExpense": 60000000, "depreciationAndAmortization": 74000000, "ebitda": 555000000, "ebitdaratio": 0.035866615, "operatingIncome": 147000000, "operatingIncomeRatio": 0.0094998061, "totalOtherIncomeExpensesNet": -106000000, "incomeBeforeTax": 315000000, "incomeBeforeTaxRatio": 0.0203567274, "incomeTaxExpense": 236000000, "netIncome": 83000000, "netIncomeRatio": 0.0053638361, "eps": 0.55, "epsdiluted": 0.54, "weightedAverageShsOut": 150000000, "weightedAverageShsOutDil": 153000000, "link": "https://www.sec.gov/Archives/edgar/data/1124198/000162828024005451/0001628280-24-005451-index.htm", "finalLink": "https://www.sec.gov/Archives/edgar/data/1124198/000162828024005451/flr-20231231.htm", "calculatedOtherExpenses": 106000000, "calculatedOperatingExpenses": 330000000, "calculatedNetInterest": 168000000, "calculatedOtherIncome": 0, "calculatedIncomeNonControlling": -4000000, "calculatedEbitda": 221000000}, {"date": "2022-12-31", "symbol": "FLR", "reportedCurrency": "USD", "cik": "0001124198", "fillingDate": "2023-02-21", "acceptedDate": "2023-02-21 07:12:06", "calendarYear": "2022", "period": "FY", "revenue": 13744000000, "costOfRevenue": 13389000000, "grossProfit": 355000000, "grossProfitRatio": 0.0258294529, "researchAndDevelopmentExpenses": 0, "generalAndAdministrativeExpenses": 242000000, "sellingAndMarketingExpenses": 0, "sellingGeneralAndAdministrativeExpenses": 242000000, "otherExpenses": 0, "operatingExpenses": 242000000, "costAndExpenses": 13631000000, "interestIncome": 94000000, "interestExpense": 59000000, "depreciationAndAmortization": 71000000, "ebitda": 280000000, "ebitdaratio": 0.0203725262, "operatingIncome": 209000000, "operatingIncomeRatio": 0.0152066356, "totalOtherIncomeExpensesNet": 35000000, "incomeBeforeTax": 244000000, "incomeBeforeTaxRatio": 0.0177532014, "incomeTaxExpense": 171000000, "netIncome": 73000000, "netIncomeRatio": 0.0053114086, "eps": 0.51, "epsdiluted": 0.5, "weightedAverageShsOut": 142000000, "weightedAverageShsOutDil": 145000000, "link": "https://www.sec.gov/Archives/edgar/data/1124198/000162828023004139/0001628280-23-004139-index.htm", "finalLink": "https://www.sec.gov/Archives/edgar/data/1124198/000162828023004139/flr-20221231.htm", "calculatedOtherExpenses": -96000000, "calculatedOperatingExpenses": 146000000, "calculatedNetInterest": 35000000, "calculatedOtherIncome": 0, "calculatedIncomeNonControlling": 0, "calculatedEbitda": 280000000}, {"date": "2021-12-31", "symbol": "FLR", "reportedCurrency": "USD", "cik": "0001124198", "fillingDate": "2022-02-22", "acceptedDate": "2022-02-22 07:04:53", "calendarYear": "2021", "period": "FY", "revenue": 12434879000, "costOfRevenue": 12023284000, "grossProfit": 411595000, "grossProfitRatio": 0.0331000406, "researchAndDevelopmentExpenses": 0, "generalAndAdministrativeExpenses": 216451000, "sellingAndMarketingExpenses": 0, "sellingGeneralAndAdministrativeExpenses": 216451000, "otherExpenses": 0, "operatingExpenses": 216451000, "costAndExpenses": 12239735000, "interestIncome": 16506000, "interestExpense": 84481000, "depreciationAndAmortization": 74356000, "ebitda": 286006000, "ebitdaratio": 0.0230003042, "operatingIncome": 211650000, "operatingIncomeRatio": 0.0170206723, "totalOtherIncomeExpensesNet": -339355000, "incomeBeforeTax": -127705000, "incomeBeforeTaxRatio": -0.0102699029, "incomeTaxExpense": 16489000, "netIncome": -144194000, "netIncomeRatio": -0.0115959311, "eps": -1.02, "epsdiluted": -1.02, "weightedAverageShsOut": 141000000, "weightedAverageShsOutDil": 141000000, "link": "https://www.sec.gov/Archives/edgar/data/1124198/000162828022003231/0001628280-22-003231-index.htm", "finalLink": "https://www.sec.gov/Archives/edgar/data/1124198/000162828022003231/flr-20211231.htm", "calculatedOtherExpenses": -16506000, "calculatedOperatingExpenses": 199945000, "calculatedNetInterest": -67975000, "calculatedOtherIncome": -271380000, "calculatedIncomeNonControlling": 0, "calculatedEbitda": 286006000}, {"date": "2020-12-31", "symbol": "FLR", "reportedCurrency": "USD", "cik": "0001124198", "fillingDate": "2021-02-26", "acceptedDate": "2021-02-26 07:07:27", "calendarYear": "2020", "period": "FY", "revenue": 15668477000, "costOfRevenue": 15283226000, "grossProfit": 385251000, "grossProfitRatio": 0.0245876482, "researchAndDevelopmentExpenses": 0, "generalAndAdministrativeExpenses": 240692000, "sellingAndMarketingExpenses": 0, "sellingGeneralAndAdministrativeExpenses": 240692000, "otherExpenses": 351611000, "operatingExpenses": 240692000, "costAndExpenses": 15523918000, "interestIncome": 25693000, "interestExpense": 72120000, "depreciationAndAmortization": 105574000, "ebitda": 275826000, "ebitdaratio": 0.0176038807, "operatingIncome": 170252000, "operatingIncomeRatio": 0.0108658933, "totalOtherIncomeExpensesNet": -377304000, "incomeBeforeTax": -207052000, "incomeBeforeTaxRatio": -0.0132145581, "incomeTaxExpense": 18592000, "netIncome": -225644000, "netIncomeRatio": -0.0144011444, "eps": -1.61, "epsdiluted": -1.61, "weightedAverageShsOut": 140511000, "weightedAverageShsOutDil": 140511000, "link": "https://www.sec.gov/Archives/edgar/data/1124198/000162828021003360/0001628280-21-003360-index.htm", "finalLink": "https://www.sec.gov/Archives/edgar/data/1124198/000162828021003360/flr-20201231.htm", "calculatedOtherExpenses": -25693000, "calculatedOperatingExpenses": 214999000, "calculatedNetInterest": -46427000, "calculatedOtherIncome": -330877000, "calculatedIncomeNonControlling": 0, "calculatedEbitda": 275826000}, {"date": "2019-12-31", "symbol": "FLR", "reportedCurrency": "USD", "cik": "0001124198", "fillingDate": "2020-09-25", "acceptedDate": "2020-09-25 07:06:54", "calendarYear": "2019", "period": "FY", "revenue": 14348018000, "costOfRevenue": 14775399000, "grossProfit": -427381000, "grossProfitRatio": -0.0297867622, "researchAndDevelopmentExpenses": 0, "generalAndAdministrativeExpenses": 159089000, "sellingAndMarketingExpenses": 0, "sellingGeneralAndAdministrativeExpenses": 159089000, "otherExpenses": 690230000, "operatingExpenses": 159089000, "costAndExpenses": 14934488000, "interestIncome": 54372000, "interestExpense": 74104000, "depreciationAndAmortization": 170481000, "ebitda": -361617000, "ebitdaratio": -0.025203272, "operatingIncome": -532098000, "operatingIncomeRatio": -0.0370851221, "totalOtherIncomeExpensesNet": -744602000, "incomeBeforeTax": -1276700000, "incomeBeforeTaxRatio": -0.088980931, "incomeTaxExpense": 440982000, "netIncome": -1717682000, "netIncomeRatio": -0.119715629, "eps": -12.26, "epsdiluted": -12.26, "weightedAverageShsOut": 140061000, "weightedAverageShsOutDil": 140061000, "link": "https://www.sec.gov/Archives/edgar/data/1124198/000162828020013900/0001628280-20-013900-index.htm", "finalLink": "https://www.sec.gov/Archives/edgar/data/1124198/000162828020013900/flr10kq42019.htm", "calculatedOtherExpenses": -54372000, "calculatedOperatingExpenses": 104717000, "calculatedNetInterest": -19732000, "calculatedOtherIncome": -724870000, "calculatedIncomeNonControlling": 0, "calculatedEbitda": -361617000}, {"date": "2018-12-31", "symbol": "FLR", "reportedCurrency": "USD", "cik": "0001124198", "fillingDate": "2019-02-21", "acceptedDate": "2019-02-21 16:35:07", "calendarYear": "2018", "period": "FY", "revenue": 19166600000, "costOfRevenue": 18496700000, "grossProfit": 669900000, "grossProfitRatio": 0.0349514259, "researchAndDevelopmentExpenses": 0, "generalAndAdministrativeExpenses": 148000000, "sellingAndMarketingExpenses": 0, "sellingGeneralAndAdministrativeExpenses": 148000000, "otherExpenses": 40214000, "operatingExpenses": 148000000, "costAndExpenses": 18644700000, "interestIncome": 36965000, "interestExpense": 40100000, "depreciationAndAmortization": 216656000, "ebitda": 521900000, "ebitdaratio": 0.0272296599, "operatingIncome": 481752000, "operatingIncomeRatio": 0.0251349744, "totalOtherIncomeExpensesNet": -9054000, "incomeBeforeTax": 481800000, "incomeBeforeTaxRatio": 0.0251374787, "incomeTaxExpense": 188800000, "netIncome": 224800000, "netIncomeRatio": 0.0117287364, "eps": 1.6, "epsdiluted": 1.59, "weightedAverageShsOut": 140400000, "weightedAverageShsOutDil": 141300000, "link": "https://www.sec.gov/Archives/edgar/data/1124198/000162828019001658/0001628280-19-001658-index.htm", "finalLink": "https://www.sec.gov/Archives/edgar/data/1124198/000162828019001658/flr12-31x201810k.htm", "calculatedOtherExpenses": 40148000, "calculatedOperatingExpenses": 188148000, "calculatedNetInterest": -3135000, "calculatedOtherIncome": 3183000, "calculatedIncomeNonControlling": 68200000, "calculatedEbitda": 698408000}, {"date": "2017-12-31", "symbol": "FLR", "reportedCurrency": "USD", "cik": "0001124198", "fillingDate": "2018-02-20", "acceptedDate": "2018-02-20 16:37:36", "calendarYear": "2017", "period": "FY", "revenue": 19520970000, "costOfRevenue": 18902480000, "grossProfit": 618490000, "grossProfitRatio": 0.0316833641, "researchAndDevelopmentExpenses": 0, "generalAndAdministrativeExpenses": 192187000, "sellingAndMarketingExpenses": 0, "sellingGeneralAndAdministrativeExpenses": 192187000, "otherExpenses": 39862000, "operatingExpenses": 192187000, "costAndExpenses": 19094667000, "interestIncome": 27776000, "interestExpense": 67638000, "depreciationAndAmortization": 225269000, "ebitda": 679348000, "ebitdaratio": 0.0348009346, "operatingIncome": 426300000, "operatingIncomeRatio": 0.0218380542, "totalOtherIncomeExpensesNet": -39859000, "incomeBeforeTax": 386441000, "incomeBeforeTaxRatio": 0.0197961987, "incomeTaxExpense": 121972000, "netIncome": 191377000, "netIncomeRatio": 0.0098036624, "eps": 1.36, "epsdiluted": 1.36, "weightedAverageShsOut": 139761000, "weightedAverageShsOutDil": 140893000, "link": "https://www.sec.gov/Archives/edgar/data/1124198/000104746918000900/0001047469-18-000900-index.htm", "finalLink": "https://www.sec.gov/Archives/edgar/data/1124198/000104746918000900/a2234507z10-k.htm", "calculatedOtherExpenses": 3000, "calculatedOperatingExpenses": 192190000, "calculatedNetInterest": -39862000, "calculatedOtherIncome": 3000, "calculatedIncomeNonControlling": 73092000, "calculatedEbitda": 651569000}, {"date": "2016-12-31", "symbol": "FLR", "reportedCurrency": "USD", "cik": "0001124198", "fillingDate": "2017-02-17", "acceptedDate": "2017-02-17 07:58:44", "calendarYear": "2016", "period": "FY", "revenue": 19036500000, "costOfRevenue": 18246200000, "grossProfit": 790300000, "grossProfitRatio": 0.0415149844, "researchAndDevelopmentExpenses": 0, "generalAndAdministrativeExpenses": 191100000, "sellingAndMarketingExpenses": 0, "sellingGeneralAndAdministrativeExpenses": 191100000, "otherExpenses": 52643000, "operatingExpenses": 191100000, "costAndExpenses": 18437300000, "interestIncome": 17046000, "interestExpense": 52600000, "depreciationAndAmortization": 225913000, "ebitda": 599200000, "ebitdaratio": 0.0314763743, "operatingIncome": 570241000, "operatingIncomeRatio": 0.0299551388, "totalOtherIncomeExpensesNet": -23641000, "incomeBeforeTax": 546600000, "incomeBeforeTaxRatio": 0.0287132614, "incomeTaxExpense": 219200000, "netIncome": 281400000, "netIncomeRatio": 0.0147821291, "eps": 2.02, "epsdiluted": 2, "weightedAverageShsOut": 139200000, "weightedAverageShsOutDil": 140900000, "link": "https://www.sec.gov/Archives/edgar/data/1124198/000104746917000724/0001047469-17-000724-index.htm", "finalLink": "https://www.sec.gov/Archives/edgar/data/1124198/000104746917000724/a2230876z10-k.htm", "calculatedOtherExpenses": 28959000, "calculatedOperatingExpenses": 220059000, "calculatedNetInterest": -35554000, "calculatedOtherIncome": 11913000, "calculatedIncomeNonControlling": 46000000, "calculatedEbitda": 796154000}, {"date": "2015-12-31", "symbol": "FLR", "reportedCurrency": "USD", "cik": "0001124198", "fillingDate": "2016-02-18", "acceptedDate": "2016-02-18 16:33:56", "calendarYear": "2015", "period": "FY", "revenue": 18114000000, "costOfRevenue": 17019300000, "grossProfit": 1094700000, "grossProfitRatio": 0.0604339185, "researchAndDevelopmentExpenses": 0, "generalAndAdministrativeExpenses": 168300000, "sellingAndMarketingExpenses": 0, "sellingGeneralAndAdministrativeExpenses": 168300000, "otherExpenses": 199815000, "operatingExpenses": 168300000, "costAndExpenses": 17187600000, "interestIncome": 16689000, "interestExpense": 28100000, "depreciationAndAmortization": 189738000, "ebitda": 926400000, "ebitdaratio": 0.0511427625, "operatingIncome": 703170000, "operatingIncomeRatio": 0.0388191454, "totalOtherIncomeExpensesNet": -171700000, "incomeBeforeTax": 726600000, "incomeBeforeTaxRatio": 0.0401126201, "incomeTaxExpense": 245900000, "netIncome": 412500000, "netIncomeRatio": 0.0227724412, "eps": 2.85, "epsdiluted": 2.81, "weightedAverageShsOut": 144800000, "weightedAverageShsOutDil": 146700000, "link": "https://www.sec.gov/Archives/edgar/data/1124198/000104746916010220/0001047469-16-010220-index.htm", "finalLink": "https://www.sec.gov/Archives/edgar/data/1124198/000104746916010220/a2227314z10-k.htm", "calculatedOtherExpenses": 223230000, "calculatedOperatingExpenses": 391530000, "calculatedNetInterest": -11411000, "calculatedOtherIncome": 34841000, "calculatedIncomeNonControlling": 68200000, "calculatedEbitda": 892908000}, {"date": "2014-12-31", "symbol": "FLR", "reportedCurrency": "USD", "cik": "0001124198", "fillingDate": "2015-02-18", "acceptedDate": "2015-02-18 07:58:00", "calendarYear": "2014", "period": "FY", "revenue": 21531577000, "costOfRevenue": 20132544000, "grossProfit": 1399033000, "grossProfitRatio": 0.0649758724, "researchAndDevelopmentExpenses": 0, "generalAndAdministrativeExpenses": 182711000, "sellingAndMarketingExpenses": 0, "sellingGeneralAndAdministrativeExpenses": 182711000, "otherExpenses": 11413000, "operatingExpenses": 182711000, "costAndExpenses": 20315255000, "interestIncome": 18268000, "interestExpense": 29681000, "depreciationAndAmortization": 192594000, "ebitda": 1427184000, "ebitdaratio": 0.066283301, "operatingIncome": 893405000, "operatingIncomeRatio": 0.0414927806, "totalOtherIncomeExpensesNet": 311504000, "incomeBeforeTax": 1204909000, "incomeBeforeTaxRatio": 0.0559600906, "incomeTaxExpense": 352815000, "netIncome": 510909000, "netIncomeRatio": 0.0237283595, "eps": 3.24, "epsdiluted": 3.2, "weightedAverageShsOut": 157487000, "weightedAverageShsOutDil": 159616000, "link": "https://www.sec.gov/Archives/edgar/data/1124198/000104746915000891/0001047469-15-000891-index.htm", "finalLink": "https://www.sec.gov/Archives/edgar/data/1124198/000104746915000891/a2222981z10-k.htm", "calculatedOtherExpenses": 322917000, "calculatedOperatingExpenses": 505628000, "calculatedNetInterest": -11413000, "calculatedOtherIncome": 322917000, "calculatedIncomeNonControlling": 341185000, "calculatedEbitda": 1085999000}, {"date": "2013-12-31", "symbol": "FLR", "reportedCurrency": "USD", "cik": "0001124198", "fillingDate": "2014-02-18", "acceptedDate": "2014-02-18 16:27:01", "calendarYear": "2013", "period": "FY", "revenue": 27351573000, "costOfRevenue": 25986382000, "grossProfit": 1365191000, "grossProfitRatio": 0.0499127052, "researchAndDevelopmentExpenses": 0, "generalAndAdministrativeExpenses": 175148000, "sellingAndMarketingExpenses": 0, "sellingGeneralAndAdministrativeExpenses": 175148000, "otherExpenses": 12444000, "operatingExpenses": 175148000, "costAndExpenses": 26161530000, "interestIncome": 14443000, "interestExpense": 26887000, "depreciationAndAmortization": 207098000, "ebitda": 1411584000, "ebitdaratio": 0.0516088782, "operatingIncome": 1177599000, "operatingIncomeRatio": 0.04305416, "totalOtherIncomeExpensesNet": 128428000, "incomeBeforeTax": 1177599000, "incomeBeforeTaxRatio": 0.04305416, "incomeTaxExpense": 354573000, "netIncome": 667711000, "netIncomeRatio": 0.0244121609, "eps": 4.11, "epsdiluted": 4.06, "weightedAverageShsOut": 162566000, "weightedAverageShsOutDil": 164354000, "link": "https://www.sec.gov/Archives/edgar/data/1124198/000104746914000988/0001047469-14-000988-index.htm", "finalLink": "https://www.sec.gov/Archives/edgar/data/1124198/000104746914000988/a2218252z10-k.htm", "calculatedOtherExpenses": 12444000, "calculatedOperatingExpenses": 187592000, "calculatedNetInterest": -12444000, "calculatedOtherIncome": 12444000, "calculatedIncomeNonControlling": 155315000, "calculatedEbitda": 1384697000}, {"date": "2012-12-31", "symbol": "FLR", "reportedCurrency": "USD", "cik": "0001124198", "fillingDate": "2013-02-20", "acceptedDate": "2013-02-20 16:26:17", "calendarYear": "2012", "period": "FY", "revenue": 27577135000, "costOfRevenue": 26692138000, "grossProfit": 884997000, "grossProfitRatio": 0.0320916948, "researchAndDevelopmentExpenses": 0, "generalAndAdministrativeExpenses": 151010000, "sellingAndMarketingExpenses": 0, "sellingGeneralAndAdministrativeExpenses": 151010000, "otherExpenses": 482000, "operatingExpenses": 151010000, "costAndExpenses": 26843148000, "interestIncome": 27756000, "interestExpense": 28238000, "depreciationAndAmortization": 212381000, "ebitda": 974124000, "ebitdaratio": 0.0353236114, "operatingIncome": 733505000, "operatingIncomeRatio": 0.0265983033, "totalOtherIncomeExpensesNet": 86499000, "incomeBeforeTax": 733505000, "incomeBeforeTaxRatio": 0.0265983033, "incomeTaxExpense": 162438000, "netIncome": 456330000, "netIncomeRatio": 0.0165474042, "eps": 2.73, "epsdiluted": 2.71, "weightedAverageShsOut": 167121000, "weightedAverageShsOutDil": 168491000, "link": "https://www.sec.gov/Archives/edgar/data/1124198/000104746913001314/0001047469-13-001314-index.htm", "finalLink": "https://www.sec.gov/Archives/edgar/data/1124198/000104746913001314/a2212874z10-k.htm", "calculatedOtherExpenses": 482000, "calculatedOperatingExpenses": 151492000, "calculatedNetInterest": -482000, "calculatedOtherIncome": 482000, "calculatedIncomeNonControlling": 114737000, "calculatedEbitda": 945886000}, {"date": "2011-12-31", "symbol": "FLR", "reportedCurrency": "USD", "cik": "0001124198", "fillingDate": "2012-02-22", "acceptedDate": "2012-02-22 16:22:32", "calendarYear": "2011", "period": "FY", "revenue": 23381399000, "costOfRevenue": 22232483000, "grossProfit": 1148916000, "grossProfitRatio": 0.0491380349, "researchAndDevelopmentExpenses": 0, "generalAndAdministrativeExpenses": 163460000, "sellingAndMarketingExpenses": 0, "sellingGeneralAndAdministrativeExpenses": 163460000, "otherExpenses": 0, "operatingExpenses": 163460000, "costAndExpenses": 22395943000, "interestIncome": 31961000, "interestExpense": 15601000, "depreciationAndAmortization": 201939000, "ebitda": 1219356000, "ebitdaratio": 0.0521506861, "operatingIncome": 1001816000, "operatingIncomeRatio": 0.042846709, "totalOtherIncomeExpensesNet": 88758000, "incomeBeforeTax": 1001816000, "incomeBeforeTaxRatio": 0.042846709, "incomeTaxExpense": 303729000, "netIncome": 593728000, "netIncomeRatio": 0.0253931769, "eps": 3.44, "epsdiluted": 3.4, "weightedAverageShsOut": 172501000, "weightedAverageShsOutDil": 174564000, "link": "https://www.sec.gov/Archives/edgar/data/1124198/000104746912001294/0001047469-12-001294-index.htm", "finalLink": "https://www.sec.gov/Archives/edgar/data/1124198/000104746912001294/a2207387z10-k.htm", "calculatedOtherExpenses": -16360000, "calculatedOperatingExpenses": 147100000, "calculatedNetInterest": 16360000, "calculatedOtherIncome": -16360000, "calculatedIncomeNonControlling": 104359000, "calculatedEbitda": 1203755000}, {"date": "2010-12-31", "symbol": "FLR", "reportedCurrency": "USD", "cik": "0001124198", "fillingDate": "2011-02-23", "acceptedDate": "2011-02-23 09:30:23", "calendarYear": "2010", "period": "FY", "revenue": 20849349000, "costOfRevenue": 20144099000, "grossProfit": 705250000, "grossProfitRatio": 0.0338259962, "researchAndDevelopmentExpenses": 0, "generalAndAdministrativeExpenses": 156268000, "sellingAndMarketingExpenses": 0, "sellingGeneralAndAdministrativeExpenses": 156268000, "otherExpenses": 0, "operatingExpenses": 156268000, "costAndExpenses": 20300367000, "interestIncome": 21230000, "interestExpense": 10616000, "depreciationAndAmortization": 190584000, "ebitda": 760796000, "ebitdaratio": 0.0364901561, "operatingIncome": 548982000, "operatingIncomeRatio": 0.0263308941, "totalOtherIncomeExpensesNet": 10614000, "incomeBeforeTax": 559596000, "incomeBeforeTaxRatio": 0.0268399747, "incomeTaxExpense": 118514000, "netIncome": 357496000, "netIncomeRatio": 0.0171466265, "eps": 2.01, "epsdiluted": 1.98, "weightedAverageShsOut": 178047000, "weightedAverageShsOutDil": 180988000, "link": "https://www.sec.gov/Archives/edgar/data/1124198/000104746911001167/0001047469-11-001167-index.htm", "finalLink": "https://www.sec.gov/Archives/edgar/data/1124198/000104746911001167/a2202070z10-k.htm", "calculatedOtherExpenses": 0, "calculatedOperatingExpenses": 156268000, "calculatedNetInterest": 10614000, "calculatedOtherIncome": 0, "calculatedIncomeNonControlling": 83586000, "calculatedEbitda": 739566000}, {"date": "2009-12-31", "symbol": "FLR", "reportedCurrency": "USD", "cik": "0001124198", "fillingDate": "2010-02-25", "acceptedDate": "2010-02-25 16:39:17", "calendarYear": "2009", "period": "FY", "revenue": 21990297000, "costOfRevenue": 20689161000, "grossProfit": 1301136000, "grossProfitRatio": 0.0591686415, "researchAndDevelopmentExpenses": 0, "generalAndAdministrativeExpenses": 178520000, "sellingAndMarketingExpenses": 0, "sellingGeneralAndAdministrativeExpenses": 178520000, "otherExpenses": 0, "operatingExpenses": 178520000, "costAndExpenses": 20867681000, "interestIncome": 24226000, "interestExpense": 10054000, "depreciationAndAmortization": 182395000, "ebitda": 1329237000, "ebitdaratio": 0.0604465233, "operatingIncome": 1136788000, "operatingIncomeRatio": 0.0516949817, "totalOtherIncomeExpensesNet": -14172000, "incomeBeforeTax": 1136788000, "incomeBeforeTaxRatio": 0.0516949817, "incomeTaxExpense": 403913000, "netIncome": 684889000, "netIncomeRatio": 0.0311450546, "eps": 3.79, "epsdiluted": 3.75, "weightedAverageShsOut": 179100000, "weightedAverageShsOutDil": 180862000, "link": "https://www.sec.gov/Archives/edgar/data/1124198/000104746910001356/0001047469-10-001356-index.htm", "finalLink": "https://www.sec.gov/Archives/edgar/data/1124198/000104746910001356/a2196443z10-k.htm", "calculatedOtherExpenses": -14172000, "calculatedOperatingExpenses": 164348000, "calculatedNetInterest": 14172000, "calculatedOtherIncome": -14172000, "calculatedIncomeNonControlling": 47986000, "calculatedEbitda": 1319183000}, {"date": "2008-12-31", "symbol": "FLR", "reportedCurrency": "USD", "cik": "0001124198", "fillingDate": "2009-02-25", "acceptedDate": "2009-02-25 00:00:00", "calendarYear": "2008", "period": "FY", "revenue": 22325894000, "costOfRevenue": 21116197000, "grossProfit": 1209697000, "grossProfitRatio": 0.0541835861, "researchAndDevelopmentExpenses": 0, "generalAndAdministrativeExpenses": 229169000, "sellingAndMarketingExpenses": 0, "sellingGeneralAndAdministrativeExpenses": 229169000, "otherExpenses": 0, "operatingExpenses": 229169000, "costAndExpenses": 21345366000, "interestIncome": -66592000, "interestExpense": 11927000, "depreciationAndAmortization": 163305000, "ebitda": 1064624000, "ebitdaratio": 0.0476856156, "operatingIncome": 980528000, "operatingIncomeRatio": 0.0439188684, "totalOtherIncomeExpensesNet": 79209000, "incomeBeforeTax": 1114402000, "incomeBeforeTaxRatio": 0.049915224, "incomeTaxExpense": 393944000, "netIncome": 720458000, "netIncomeRatio": 0.0322700627, "eps": 3.99, "epsdiluted": 3.89, "weightedAverageShsOut": 177658000, "weightedAverageShsOutDil": 182612000, "link": "https://www.sec.gov/Archives/edgar/data/1124198/000104746909001811/0001047469-09-001811-index.htm", "finalLink": "https://www.sec.gov/Archives/edgar/data/1124198/000104746909001811/a2190865z10-k.htm", "calculatedOtherExpenses": 0, "calculatedOperatingExpenses": 229169000, "calculatedNetInterest": -78519000, "calculatedOtherIncome": 212393000, "calculatedIncomeNonControlling": 0, "calculatedEbitda": 1143833000}, {"date": "2007-12-31", "symbol": "FLR", "reportedCurrency": "USD", "cik": "0001124198", "fillingDate": "2008-02-29", "acceptedDate": "2008-02-29 14:15:39", "calendarYear": "2007", "period": "FY", "revenue": 16691033000, "costOfRevenue": 15888587000, "grossProfit": 802446000, "grossProfitRatio": 0.0480764732, "researchAndDevelopmentExpenses": 0, "generalAndAdministrativeExpenses": 193862000, "sellingAndMarketingExpenses": 0, "sellingGeneralAndAdministrativeExpenses": 193862000, "otherExpenses": 0, "operatingExpenses": 193862000, "costAndExpenses": 16082449000, "interestIncome": -64524000, "interestExpense": 24015000, "depreciationAndAmortization": 146809000, "ebitda": 755393000, "ebitdaratio": 0.0452574146, "operatingIncome": 608584000, "operatingIncomeRatio": 0.0364617337, "totalOtherIncomeExpensesNet": 40509000, "incomeBeforeTax": 649093000, "incomeBeforeTaxRatio": 0.0388887255, "incomeTaxExpense": 115774000, "netIncome": 533319000, "netIncomeRatio": 0.0319524262, "eps": 3.06, "epsdiluted": 2.93, "weightedAverageShsOut": 174504000, "weightedAverageShsOutDil": 182178000, "link": "https://www.sec.gov/Archives/edgar/data/1124198/000104746908002025/0001047469-08-002025-index.htm", "finalLink": "https://www.sec.gov/Archives/edgar/data/1124198/000104746908002025/a2182997z10-k.htm", "calculatedOtherExpenses": 0, "calculatedOperatingExpenses": 193862000, "calculatedNetInterest": -88539000, "calculatedOtherIncome": 129048000, "calculatedIncomeNonControlling": 0, "calculatedEbitda": 755393000}, {"date": "2006-12-31", "symbol": "FLR", "reportedCurrency": "USD", "cik": "0001124198", "fillingDate": "2007-03-01", "acceptedDate": "2007-03-01 16:04:30", "calendarYear": "2006", "period": "FY", "revenue": 14078506000, "costOfRevenue": 13522033000, "grossProfit": 556473000, "grossProfitRatio": 0.0395264242, "researchAndDevelopmentExpenses": 0, "generalAndAdministrativeExpenses": 178817000, "sellingAndMarketingExpenses": 0, "sellingGeneralAndAdministrativeExpenses": 178817000, "otherExpenses": 0, "operatingExpenses": 178817000, "costAndExpenses": 13700850000, "interestIncome": -27347000, "interestExpense": 23013000, "depreciationAndAmortization": 126158000, "ebitda": 503814000, "ebitdaratio": 0.0357860415, "operatingIncome": 377656000, "operatingIncomeRatio": 0.0268250054, "totalOtherIncomeExpensesNet": 4334000, "incomeBeforeTax": 381990000, "incomeBeforeTaxRatio": 0.0271328506, "incomeTaxExpense": 118538000, "netIncome": 263452000, "netIncomeRatio": 0.0187130652, "eps": 1.53, "epsdiluted": 1.48, "weightedAverageShsOut": 172674000, "weightedAverageShsOutDil": 178392000, "link": "https://www.sec.gov/Archives/edgar/data/1124198/000110465907015518/0001104659-07-015518-index.htm", "finalLink": "https://www.sec.gov/Archives/edgar/data/1124198/000110465907015518/a07-2609_110k.htm", "calculatedOtherExpenses": 0, "calculatedOperatingExpenses": 178817000, "calculatedNetInterest": -50360000, "calculatedOtherIncome": 54694000, "calculatedIncomeNonControlling": 0, "calculatedEbitda": 503814000}, {"date": "2005-12-31", "symbol": "FLR", "reportedCurrency": "USD", "cik": "0001124198", "fillingDate": "2006-03-01", "acceptedDate": "2006-03-01 16:56:57", "calendarYear": "2005", "period": "FY", "revenue": 13161051000, "costOfRevenue": 12725123000, "grossProfit": 435928000, "grossProfitRatio": 0.0331225827, "researchAndDevelopmentExpenses": 0, "generalAndAdministrativeExpenses": 143723000, "sellingAndMarketingExpenses": 0, "sellingGeneralAndAdministrativeExpenses": 143723000, "otherExpenses": 0, "operatingExpenses": 143723000, "costAndExpenses": 12868846000, "interestIncome": -23666000, "interestExpense": 16289000, "depreciationAndAmortization": 104124000, "ebitda": 396329000, "ebitdaratio": 0.0301137804, "operatingIncome": 292205000, "operatingIncomeRatio": 0.0222022542, "totalOtherIncomeExpensesNet": 7377000, "incomeBeforeTax": 299582000, "incomeBeforeTaxRatio": 0.0227627718, "incomeTaxExpense": 72309000, "netIncome": 227273000, "netIncomeRatio": 0.0172686057, "eps": 1.34, "epsdiluted": 1.31, "weightedAverageShsOut": 169640000, "weightedAverageShsOutDil": 173312000, "link": "https://www.sec.gov/Archives/edgar/data/1124198/000089256906000202/0000892569-06-000202-index.htm", "finalLink": "https://www.sec.gov/Archives/edgar/data/1124198/000089256906000202/a15918e10vk.htm", "calculatedOtherExpenses": 0, "calculatedOperatingExpenses": 143723000, "calculatedNetInterest": -39955000, "calculatedOtherIncome": 47332000, "calculatedIncomeNonControlling": 0, "calculatedEbitda": 396329000}, {"date": "2004-12-31", "symbol": "FLR", "reportedCurrency": "USD", "cik": "0001124198", "fillingDate": "2005-03-04", "acceptedDate": "2005-03-04 17:00:49", "calendarYear": "2004", "period": "FY", "revenue": 9380277000, "costOfRevenue": 8960236000, "grossProfit": 420041000, "grossProfitRatio": 0.044779168, "researchAndDevelopmentExpenses": 0, "generalAndAdministrativeExpenses": 142388000, "sellingAndMarketingExpenses": 0, "sellingGeneralAndAdministrativeExpenses": 142388000, "otherExpenses": 0, "operatingExpenses": 142388000, "costAndExpenses": 9102624000, "interestIncome": -18951000, "interestExpense": 15446000, "depreciationAndAmortization": 91888000, "ebitda": 369541000, "ebitdaratio": 0.0393955317, "operatingIncome": 277653000, "operatingIncomeRatio": 0.0295996589, "totalOtherIncomeExpensesNet": 3505000, "incomeBeforeTax": 281158000, "incomeBeforeTaxRatio": 0.0299733153, "incomeTaxExpense": 94463000, "netIncome": 186695000, "netIncomeRatio": 0.0199029304, "eps": 1.15, "epsdiluted": 1.13, "weightedAverageShsOut": 163124000, "weightedAverageShsOutDil": 165590000, "link": "https://www.sec.gov/Archives/edgar/data/1124198/000089256905000093/0000892569-05-000093-index.htm", "finalLink": "https://www.sec.gov/Archives/edgar/data/1124198/000089256905000093/a06020e10vk.htm", "calculatedOtherExpenses": 0, "calculatedOperatingExpenses": 142388000, "calculatedNetInterest": -34397000, "calculatedOtherIncome": 37902000, "calculatedIncomeNonControlling": 0, "calculatedEbitda": 369541000}, {"date": "2003-12-31", "symbol": "FLR", "reportedCurrency": "USD", "cik": "0001124198", "fillingDate": "2004-03-15", "acceptedDate": "2004-03-15 17:23:53", "calendarYear": "2003", "period": "FY", "revenue": 8805703000, "costOfRevenue": 8399477000, "grossProfit": 406226000, "grossProfitRatio": 0.0461321487, "researchAndDevelopmentExpenses": 0, "generalAndAdministrativeExpenses": 141465000, "sellingAndMarketingExpenses": 0, "sellingGeneralAndAdministrativeExpenses": 141465000, "otherExpenses": 0, "operatingExpenses": 141465000, "costAndExpenses": 8540942000, "interestIncome": -13329000, "interestExpense": 10109000, "depreciationAndAmortization": 79676000, "ebitda": 344437000, "ebitdaratio": 0.0391152189, "operatingIncome": 264761000, "operatingIncomeRatio": 0.0300669918, "totalOtherIncomeExpensesNet": 3220000, "incomeBeforeTax": 267981000, "incomeBeforeTaxRatio": 0.0304326639, "incomeTaxExpense": 88526000, "netIncome": 157450000, "netIncomeRatio": 0.0178804577, "eps": 0.99, "epsdiluted": 0.98, "weightedAverageShsOut": 159592000, "weightedAverageShsOutDil": 161078000, "link": "https://www.sec.gov/Archives/edgar/data/1124198/000089256904000341/0000892569-04-000341-index.htm", "finalLink": "https://www.sec.gov/Archives/edgar/data/1124198/000089256904000341/a95964e10vk.htm", "calculatedOtherExpenses": 0, "calculatedOperatingExpenses": 141465000, "calculatedNetInterest": -23438000, "calculatedOtherIncome": 26658000, "calculatedIncomeNonControlling": 22005000, "calculatedEbitda": 344437000}, {"date": "2002-12-31", "symbol": "FLR", "reportedCurrency": "USD", "cik": "0001124198", "fillingDate": "2003-03-31", "acceptedDate": "2003-03-31 14:40:03", "calendarYear": "2002", "period": "FY", "revenue": 9958956000, "costOfRevenue": 9544785000, "grossProfit": 414171000, "grossProfitRatio": 0.0415877929, "researchAndDevelopmentExpenses": 0, "generalAndAdministrativeExpenses": 0, "sellingAndMarketingExpenses": 0, "sellingGeneralAndAdministrativeExpenses": 160097000, "otherExpenses": 0, "operatingExpenses": 160097000, "costAndExpenses": 9704882000, "interestIncome": 0, "interestExpense": 8925000, "depreciationAndAmortization": 77989000, "ebitda": 332063000, "ebitdaratio": 0.0333431536, "operatingIncome": 254074000, "operatingIncomeRatio": 0.0255121119, "totalOtherIncomeExpensesNet": 6450000, "incomeBeforeTax": 260524000, "incomeBeforeTaxRatio": 0.0261597702, "incomeTaxExpense": 90548000, "netIncome": 163615000, "netIncomeRatio": 0.0164289309, "eps": 1.03, "epsdiluted": 1.02, "weightedAverageShsOut": 158688000, "weightedAverageShsOutDil": 159706000, "link": "https://www.sec.gov/Archives/edgar/data/1124198/000089256903000847/0000892569-03-000847-index.htm", "finalLink": "https://www.sec.gov/Archives/edgar/data/1124198/000089256903000847/a88362e10vk.htm", "calculatedOtherExpenses": 0, "calculatedOperatingExpenses": 160097000, "calculatedNetInterest": -8925000, "calculatedOtherIncome": 15375000, "calculatedIncomeNonControlling": 6361000, "calculatedEbitda": 332063000}, {"date": "2001-12-31", "symbol": "FLR", "reportedCurrency": "USD", "cik": "0001124198", "fillingDate": "2002-03-21", "acceptedDate": "2002-03-21 00:00:00", "calendarYear": "2001", "period": "FY", "revenue": 8972161000, "costOfRevenue": 8618972000, "grossProfit": 353189000, "grossProfitRatio": 0.0393649869, "researchAndDevelopmentExpenses": 0, "generalAndAdministrativeExpenses": 166961000, "sellingAndMarketingExpenses": 0, "sellingGeneralAndAdministrativeExpenses": 166961000, "otherExpenses": 908000000, "operatingExpenses": 166961000, "costAndExpenses": 8785933000, "interestIncome": -24103000000, "interestExpense": 25011000, "depreciationAndAmortization": 71911000, "ebitda": 258139000, "ebitdaratio": 0.0287711065, "operatingIncome": 186228000, "operatingIncomeRatio": 0.0207562036, "totalOtherIncomeExpensesNet": -908000, "incomeBeforeTax": 185320000, "incomeBeforeTaxRatio": 0.0206550016, "incomeTaxExpense": 57554000, "netIncome": 19410000, "netIncomeRatio": 0.0021633584, "eps": 0.13, "epsdiluted": 0.13, "weightedAverageShsOut": 155280000, "weightedAverageShsOutDil": 155280000, "link": "https://www.sec.gov/Archives/edgar/data/1124198/000101706202000439/0001017062-02-000439-index.htm", "finalLink": "https://www.sec.gov/Archives/edgar/data/1124198/000101706202000439/d10k.htm", "calculatedOtherExpenses": 0, "calculatedOperatingExpenses": 166961000, "calculatedNetInterest": -24128011000, "calculatedOtherIncome": 24127103000, "calculatedIncomeNonControlling": 108356000, "calculatedEbitda": 258139000}, {"date": "2000-10-31", "symbol": "FLR", "reportedCurrency": "USD", "cik": "0001124198", "fillingDate": "2001-01-29", "acceptedDate": "2001-01-29 00:00:00", "calendarYear": "2000", "period": "FY", "revenue": 9970154000, "costOfRevenue": 9454119000, "grossProfit": 516035000, "grossProfitRatio": 0.0517579769, "researchAndDevelopmentExpenses": 0, "generalAndAdministrativeExpenses": 42000000, "sellingAndMarketingExpenses": 23349000, "sellingGeneralAndAdministrativeExpenses": 65349000, "otherExpenses": 311688000, "operatingExpenses": 377037000, "costAndExpenses": 9831156000, "interestIncome": 0, "interestExpense": 26315000, "depreciationAndAmortization": 311688000, "ebitda": 432767000, "ebitdaratio": 0.0434062503, "operatingIncome": 138998000, "operatingIncomeRatio": 0.0139414095, "totalOtherIncomeExpensesNet": 17919000, "incomeBeforeTax": 142221000, "incomeBeforeTaxRatio": 0.0142646743, "incomeTaxExpense": 42375000, "netIncome": 123949000, "netIncomeRatio": 0.0124320046, "eps": 0.83, "epsdiluted": 0.81, "weightedAverageShsOut": 150241212, "weightedAverageShsOutDil": 153023457, "link": "https://www.sec.gov/Archives/edgar/data/1124198/000101706201000119/0001017062-01-000119-index.htm", "finalLink": "https://www.sec.gov/Archives/edgar/data/1124198/000101706201000119/0001017062-01-000119-0001.txt", "calculatedOtherExpenses": 311688000, "calculatedOperatingExpenses": 377037000, "calculatedNetInterest": -26315000, "calculatedOtherIncome": 29538000, "calculatedIncomeNonControlling": -24103000, "calculatedEbitda": 450686000}, {"date": "1999-10-31", "symbol": "FLR", "reportedCurrency": "USD", "cik": "0001124198", "fillingDate": "1999-10-31", "acceptedDate": "1999-10-31 00:00:00", "calendarYear": "1999", "period": "FY", "revenue": 10752300000, "costOfRevenue": 0, "grossProfit": 10752300000, "grossProfitRatio": 1, "researchAndDevelopmentExpenses": 0, "generalAndAdministrativeExpenses": 0, "sellingAndMarketingExpenses": 0, "sellingGeneralAndAdministrativeExpenses": 0, "otherExpenses": 0, "operatingExpenses": 0, "costAndExpenses": 0, "interestIncome": 0, "interestExpense": 10663600000, "depreciationAndAmortization": -10648100000, "ebitda": 10752300000, "ebitdaratio": 1, "operatingIncome": 10752300000, "operatingIncomeRatio": 1, "totalOtherIncomeExpensesNet": -10663600000, "incomeBeforeTax": 88700000, "incomeBeforeTaxRatio": 0.0082493978, "incomeTaxExpense": -15500000, "netIncome": 104200000, "netIncomeRatio": 0.0096909498, "eps": 0.69, "epsdiluted": 0.69, "weightedAverageShsOut": 151014493, "weightedAverageShsOutDil": 152116788, "link": null, "finalLink": null, "calculatedOtherExpenses": 0, "calculatedOperatingExpenses": 0, "calculatedNetInterest": -10663600000, "calculatedOtherIncome": 0, "calculatedIncomeNonControlling": 0, "calculatedEbitda": 104200000}, {"date": "1998-10-31", "symbol": "FLR", "reportedCurrency": "USD", "cik": "0001124198", "fillingDate": "1998-10-31", "acceptedDate": "1998-10-31 00:00:00", "calendarYear": "1998", "period": "FY", "revenue": 11857800000, "costOfRevenue": 0, "grossProfit": 11857800000, "grossProfitRatio": 1, "researchAndDevelopmentExpenses": 0, "generalAndAdministrativeExpenses": 0, "sellingAndMarketingExpenses": 0, "sellingGeneralAndAdministrativeExpenses": 0, "otherExpenses": 0, "operatingExpenses": 0, "costAndExpenses": 0, "interestIncome": 0, "interestExpense": 11664000000, "depreciationAndAmortization": -11622500000, "ebitda": 11857800000, "ebitdaratio": 1, "operatingIncome": 11857800000, "operatingIncomeRatio": 1, "totalOtherIncomeExpensesNet": -11664000000, "incomeBeforeTax": 193800000, "incomeBeforeTaxRatio": 0.0163436725, "incomeTaxExpense": -41500000, "netIncome": 235300000, "netIncomeRatio": 0.0198434786, "eps": 1.5, "epsdiluted": 1.49, "weightedAverageShsOut": 157391304, "weightedAverageShsOutDil": 158451178, "link": null, "finalLink": null, "calculatedOtherExpenses": 0, "calculatedOperatingExpenses": 0, "calculatedNetInterest": -11664000000, "calculatedOtherIncome": 0, "calculatedIncomeNonControlling": 0, "calculatedEbitda": 235300000}, {"date": "1997-10-31", "symbol": "FLR", "reportedCurrency": "USD", "cik": "0001124198", "fillingDate": "1997-10-31", "acceptedDate": "1997-10-31 00:00:00", "calendarYear": "1997", "period": "FY", "revenue": 13217500000, "costOfRevenue": 0, "grossProfit": 13217500000, "grossProfitRatio": 1, "researchAndDevelopmentExpenses": 0, "generalAndAdministrativeExpenses": 0, "sellingAndMarketingExpenses": 0, "sellingGeneralAndAdministrativeExpenses": 0, "otherExpenses": 0, "operatingExpenses": 0, "costAndExpenses": 0, "interestIncome": 0, "interestExpense": 13098100000, "depreciationAndAmortization": -13071300000, "ebitda": 13217500000, "ebitdaratio": 1, "operatingIncome": 13217500000, "operatingIncomeRatio": 1, "totalOtherIncomeExpensesNet": -13098100000, "incomeBeforeTax": 119400000, "incomeBeforeTaxRatio": 0.0090334783, "incomeTaxExpense": -26800000, "netIncome": 146200000, "netIncomeRatio": 0.0110610932, "eps": 0.88, "epsdiluted": 0.88, "weightedAverageShsOut": 166136364, "weightedAverageShsOutDil": 167085714, "link": null, "finalLink": null, "calculatedOtherExpenses": 0, "calculatedOperatingExpenses": 0, "calculatedNetInterest": -13098100000, "calculatedOtherIncome": 0, "calculatedIncomeNonControlling": 0, "calculatedEbitda": 146200000}, {"date": "1996-10-31", "symbol": "FLR", "reportedCurrency": "USD", "cik": "0001124198", "fillingDate": "1996-10-31", "acceptedDate": "1996-10-31 00:00:00", "calendarYear": "1996", "period": "FY", "revenue": 10054400000, "costOfRevenue": 0, "grossProfit": 10054400000, "grossProfitRatio": 1, "researchAndDevelopmentExpenses": 0, "generalAndAdministrativeExpenses": 0, "sellingAndMarketingExpenses": 0, "sellingGeneralAndAdministrativeExpenses": 0, "otherExpenses": 0, "operatingExpenses": 0, "costAndExpenses": 0, "interestIncome": 0, "interestExpense": 9774000000, "depreciationAndAmortization": -9786300000, "ebitda": 10054400000, "ebitdaratio": 1, "operatingIncome": 10054400000, "operatingIncomeRatio": 1, "totalOtherIncomeExpensesNet": -9774000000, "incomeBeforeTax": 280400000, "incomeBeforeTaxRatio": 0.0278882877, "incomeTaxExpense": 12300000, "netIncome": 268100000, "netIncomeRatio": 0.0266649427, "eps": 1.62, "epsdiluted": 1.61, "weightedAverageShsOut": 165493827, "weightedAverageShsOutDil": 167040498, "link": null, "finalLink": null, "calculatedOtherExpenses": 0, "calculatedOperatingExpenses": 0, "calculatedNetInterest": -9774000000, "calculatedOtherIncome": 0, "calculatedIncomeNonControlling": 0, "calculatedEbitda": 268100000}]}