{"originalCurrency": "USD", "convertedCurrency": "USD", "report": [{"date": "2023-12-31", "symbol": "FLS", "reportedCurrency": "USD", "cik": "0000030625", "fillingDate": "2024-02-20", "acceptedDate": "2024-02-20 16:12:55", "calendarYear": "2023", "period": "FY", "revenue": 4320577000, "costOfRevenue": 3043749000, "grossProfit": 1276828000, "grossProfitRatio": 0.2955225656, "researchAndDevelopmentExpenses": 48700000, "generalAndAdministrativeExpenses": 0, "sellingAndMarketingExpenses": 0, "sellingGeneralAndAdministrativeExpenses": 961169000, "otherExpenses": -49870000, "operatingExpenses": 961169000, "costAndExpenses": 4004918000, "interestIncome": 6991000, "interestExpense": 66924000, "depreciationAndAmortization": 83747000, "ebitda": 374421000, "ebitdaratio": 0.0866599531, "operatingIncome": 333553000, "operatingIncomeRatio": 0.0772010313, "totalOtherIncomeExpensesNet": -31976000, "incomeBeforeTax": 223750000, "incomeBeforeTaxRatio": 0.0517870646, "incomeTaxExpense": 18562000, "netIncome": 186743000, "netIncomeRatio": 0.0432217734, "eps": 1.42, "epsdiluted": 1.42, "weightedAverageShsOut": 131116999, "weightedAverageShsOutDil": 131931000, "link": "https://www.sec.gov/Archives/edgar/data/30625/000003062524000025/0000030625-24-000025-index.htm", "finalLink": "https://www.sec.gov/Archives/edgar/data/30625/000003062524000025/fls-20231231.htm", "calculatedOtherExpenses": -66594000, "calculatedOperatingExpenses": 943275000, "calculatedNetInterest": -59933000, "calculatedOtherIncome": -49870000, "calculatedIncomeNonControlling": 18445000, "calculatedEbitda": 417300000}, {"date": "2022-12-31", "symbol": "FLS", "reportedCurrency": "USD", "cik": "0000030625", "fillingDate": "2023-03-07", "acceptedDate": "2023-03-07 16:02:25", "calendarYear": "2022", "period": "FY", "revenue": 3615120000, "costOfRevenue": 2620825000, "grossProfit": 994295000, "grossProfitRatio": 0.2750378964, "researchAndDevelopmentExpenses": 39900000, "generalAndAdministrativeExpenses": 0, "sellingAndMarketingExpenses": 0, "sellingGeneralAndAdministrativeExpenses": 815545000, "otherExpenses": -559000, "operatingExpenses": 815545000, "costAndExpenses": 3436370000, "interestIncome": 3963000, "interestExpense": 46247000, "depreciationAndAmortization": 94357000, "ebitda": 291576000, "ebitdaratio": 0.0806545841, "operatingIncome": 197219000, "operatingIncomeRatio": 0.0545539291, "totalOtherIncomeExpensesNet": -42843000, "incomeBeforeTax": 154376000, "incomeBeforeTaxRatio": 0.0427028702, "incomeTaxExpense": -43639000, "netIncome": 188689000, "netIncomeRatio": 0.0521943947, "eps": 1.44, "epsdiluted": 1.44, "weightedAverageShsOut": 130630000, "weightedAverageShsOutDil": 131315000, "link": "https://www.sec.gov/Archives/edgar/data/30625/000003062523000077/0000030625-23-000077-index.htm", "finalLink": "https://www.sec.gov/Archives/edgar/data/30625/000003062523000077/fls-20221231.htm", "calculatedOtherExpenses": -58369000, "calculatedOperatingExpenses": 797076000, "calculatedNetInterest": -42284000, "calculatedOtherIncome": -559000, "calculatedIncomeNonControlling": 9326000, "calculatedEbitda": 291576000}, {"date": "2021-12-31", "symbol": "FLS", "reportedCurrency": "USD", "cik": "0000030625", "fillingDate": "2022-02-23", "acceptedDate": "2022-02-23 16:03:11", "calendarYear": "2021", "period": "FY", "revenue": 3541060000, "costOfRevenue": 2491335000, "grossProfit": 1049725000, "grossProfitRatio": 0.2964437202, "researchAndDevelopmentExpenses": 34200000, "generalAndAdministrativeExpenses": 0, "sellingAndMarketingExpenses": 0, "sellingGeneralAndAdministrativeExpenses": 797076000, "otherExpenses": -36142000, "operatingExpenses": 797076000, "costAndExpenses": 3288411000, "interestIncome": 2764000, "interestExpense": 57617000, "depreciationAndAmortization": 64638000, "ebitda": 335397000, "ebitdaratio": 0.0947165538, "operatingIncome": 270759000, "operatingIncomeRatio": 0.0764626976, "totalOtherIncomeExpensesNet": -137171000, "incomeBeforeTax": 133588000, "incomeBeforeTaxRatio": 0.0377254268, "incomeTaxExpense": -2594000, "netIncome": 125949000, "netIncomeRatio": 0.0355681632, "eps": 0.97, "epsdiluted": 0.96, "weightedAverageShsOut": 130305000, "weightedAverageShsOutDil": 130857000, "link": "https://www.sec.gov/Archives/edgar/data/30625/000003062522000039/0000030625-22-000039-index.htm", "finalLink": "https://www.sec.gov/Archives/edgar/data/30625/000003062522000039/fls-20211231.htm", "calculatedOtherExpenses": -52310000, "calculatedOperatingExpenses": 778966000, "calculatedNetInterest": -54853000, "calculatedOtherIncome": -82318000, "calculatedIncomeNonControlling": 10233000, "calculatedEbitda": 335397000}, {"date": "2020-12-31", "symbol": "FLS", "reportedCurrency": "USD", "cik": "0000030625", "fillingDate": "2021-02-23", "acceptedDate": "2021-02-23 16:03:20", "calendarYear": "2020", "period": "FY", "revenue": 3728134000, "costOfRevenue": 2611365000, "grossProfit": 1116769000, "grossProfitRatio": 0.2995517329, "researchAndDevelopmentExpenses": 36100000, "generalAndAdministrativeExpenses": 0, "sellingAndMarketingExpenses": 0, "sellingGeneralAndAdministrativeExpenses": 878245000, "otherExpenses": -10254000, "operatingExpenses": 878245000, "costAndExpenses": 3489610000, "interestIncome": 4175000, "interestExpense": 57386000, "depreciationAndAmortization": 94674000, "ebitda": 344951000, "ebitdaratio": 0.0925264489, "operatingIncome": 250277000, "operatingIncomeRatio": 0.0671319754, "totalOtherIncomeExpensesNet": -63465000, "incomeBeforeTax": 186812000, "incomeBeforeTaxRatio": 0.0501087139, "incomeTaxExpense": 60031000, "netIncome": 130420000, "netIncomeRatio": 0.0349826482, "eps": 1, "epsdiluted": 1, "weightedAverageShsOut": 130395000, "weightedAverageShsOutDil": 131050000, "link": "https://www.sec.gov/Archives/edgar/data/30625/000003062521000034/0000030625-21-000034-index.htm", "finalLink": "https://www.sec.gov/Archives/edgar/data/30625/000003062521000034/fls-20201231.htm", "calculatedOtherExpenses": -47853000, "calculatedOperatingExpenses": 866492000, "calculatedNetInterest": -53211000, "calculatedOtherIncome": -10254000, "calculatedIncomeNonControlling": -3639000, "calculatedEbitda": 344951000}, {"date": "2019-12-31", "symbol": "FLS", "reportedCurrency": "USD", "cik": "0000030625", "fillingDate": "2020-02-18", "acceptedDate": "2020-02-18 06:07:43", "calendarYear": "2019", "period": "FY", "revenue": 3944850000, "costOfRevenue": 2649480000, "grossProfit": 1295370000, "grossProfitRatio": 0.3283699, "researchAndDevelopmentExpenses": 42000000, "generalAndAdministrativeExpenses": 0, "sellingAndMarketingExpenses": 0, "sellingGeneralAndAdministrativeExpenses": 899813000, "otherExpenses": -17619000, "operatingExpenses": 899813000, "costAndExpenses": 3549293000, "interestIncome": 8409000, "interestExpense": 54980000, "depreciationAndAmortization": 95271000, "ebitda": 501311000, "ebitdaratio": 0.1270798636, "operatingIncome": 406040000, "operatingIncomeRatio": 0.1029291355, "totalOtherIncomeExpensesNet": -64190000, "incomeBeforeTax": 341850000, "incomeBeforeTaxRatio": 0.0866572873, "incomeTaxExpense": 80070000, "netIncome": 253668000, "netIncomeRatio": 0.0643035857, "eps": 1.82, "epsdiluted": 1.81, "weightedAverageShsOut": 131033999, "weightedAverageShsOutDil": 131719000, "link": "https://www.sec.gov/Archives/edgar/data/30625/000003062520000007/0000030625-20-000007-index.htm", "finalLink": "https://www.sec.gov/Archives/edgar/data/30625/000003062520000007/fls12312019financialst.htm", "calculatedOtherExpenses": -52483000, "calculatedOperatingExpenses": 889330000, "calculatedNetInterest": -46571000, "calculatedOtherIncome": -17619000, "calculatedIncomeNonControlling": 8112000, "calculatedEbitda": 501311000}, {"date": "2018-12-31", "symbol": "FLS", "reportedCurrency": "USD", "cik": "0000030625", "fillingDate": "2019-02-20", "acceptedDate": "2019-02-20 16:04:30", "calendarYear": "2018", "period": "FY", "revenue": 3832666000, "costOfRevenue": 2644830000, "grossProfit": 1187836000, "grossProfitRatio": 0.3099242146, "researchAndDevelopmentExpenses": 39600000, "generalAndAdministrativeExpenses": 943714000, "sellingAndMarketingExpenses": 0, "sellingGeneralAndAdministrativeExpenses": 943714000, "otherExpenses": -19569000, "operatingExpenses": 943714000, "costAndExpenses": 3588544000, "interestIncome": 6465000, "interestExpense": 58160000, "depreciationAndAmortization": 112473000, "ebitda": 354634000, "ebitdaratio": 0.0925293255, "operatingIncome": 247538000, "operatingIncomeRatio": 0.0645863741, "totalOtherIncomeExpensesNet": -16153000, "incomeBeforeTax": 176274000, "incomeBeforeTaxRatio": 0.0459925284, "incomeTaxExpense": 51224000, "netIncome": 119671000, "netIncomeRatio": 0.0312239574, "eps": 0.91, "epsdiluted": 0.91, "weightedAverageShsOut": 130823000, "weightedAverageShsOutDil": 131271000, "link": "https://www.sec.gov/Archives/edgar/data/30625/000003062519000009/0000030625-19-000009-index.htm", "finalLink": "https://www.sec.gov/Archives/edgar/data/30625/000003062519000009/fls12312018financialstatem.htm", "calculatedOtherExpenses": -43016000, "calculatedOperatingExpenses": 940298000, "calculatedNetInterest": -51695000, "calculatedOtherIncome": -19569000, "calculatedIncomeNonControlling": 5379000, "calculatedEbitda": 360011000}, {"date": "2017-12-31", "symbol": "FLS", "reportedCurrency": "USD", "cik": "0000030625", "fillingDate": "2018-02-28", "acceptedDate": "2018-02-28 16:03:59", "calendarYear": "2017", "period": "FY", "revenue": 3660831000, "costOfRevenue": 2575454000, "grossProfit": 1085377000, "grossProfitRatio": 0.2964837765, "researchAndDevelopmentExpenses": 38600000, "generalAndAdministrativeExpenses": 0, "sellingAndMarketingExpenses": 0, "sellingGeneralAndAdministrativeExpenses": 903864000, "otherExpenses": -16114000, "operatingExpenses": 903864000, "costAndExpenses": 3479318000, "interestIncome": 3429000, "interestExpense": 59730000, "depreciationAndAmortization": 118454000, "ebitda": 299874000, "ebitdaratio": 0.0819141883, "operatingIncome": 335422000, "operatingIncomeRatio": 0.0916245519, "totalOtherIncomeExpensesNet": 137795000, "incomeBeforeTax": 263007000, "incomeBeforeTaxRatio": 0.0718435241, "incomeTaxExpense": 258679000, "netIncome": 2652000, "netIncomeRatio": 0.0007244257, "eps": 0.02, "epsdiluted": 0.02, "weightedAverageShsOut": 130573000, "weightedAverageShsOutDil": 131180000, "link": "https://www.sec.gov/Archives/edgar/data/30625/000162828018002486/0001628280-18-002486-index.htm", "finalLink": "https://www.sec.gov/Archives/edgar/data/30625/000162828018002486/fls12312017financialstatem.htm", "calculatedOtherExpenses": -192509000, "calculatedOperatingExpenses": 749955000, "calculatedNetInterest": -56301000, "calculatedOtherIncome": -16114000, "calculatedIncomeNonControlling": 1676000, "calculatedEbitda": 453876000}, {"date": "2016-12-31", "symbol": "FLS", "reportedCurrency": "USD", "cik": "0000030625", "fillingDate": "2017-02-16", "acceptedDate": "2017-02-16 16:02:46", "calendarYear": "2016", "period": "FY", "revenue": 3991462000, "costOfRevenue": 2759908000, "grossProfit": 1231554000, "grossProfitRatio": 0.3085470938, "researchAndDevelopmentExpenses": 42800000, "generalAndAdministrativeExpenses": 0, "sellingAndMarketingExpenses": 0, "sellingGeneralAndAdministrativeExpenses": 965322000, "otherExpenses": 3301000, "operatingExpenses": 965322000, "costAndExpenses": 3725230000, "interestIncome": 2804000, "interestExpense": 60137000, "depreciationAndAmortization": 116752000, "ebitda": 400312000, "ebitdaratio": 0.1002920734, "operatingIncome": 277455000, "operatingIncomeRatio": 0.0695121236, "totalOtherIncomeExpensesNet": 14524000, "incomeBeforeTax": 223423000, "incomeBeforeTaxRatio": 0.0559752291, "incomeTaxExpense": 75286000, "netIncome": 145060000, "netIncomeRatio": 0.0363425732, "eps": 1.02, "epsdiluted": 1.01, "weightedAverageShsOut": 130432000, "weightedAverageShsOutDil": 130975000, "link": "https://www.sec.gov/Archives/edgar/data/30625/000003062517000046/0000030625-17-000046-index.htm", "finalLink": "https://www.sec.gov/Archives/edgar/data/30625/000003062517000046/fls12312016financialstatem.htm", "calculatedOtherExpenses": -54023000, "calculatedOperatingExpenses": 954099000, "calculatedNetInterest": -57333000, "calculatedOtherIncome": 3301000, "calculatedIncomeNonControlling": 3077000, "calculatedEbitda": 394207000}, {"date": "2015-12-31", "symbol": "FLS", "reportedCurrency": "USD", "cik": "0000030625", "fillingDate": "2016-02-18", "acceptedDate": "2016-02-18 16:02:55", "calendarYear": "2015", "period": "FY", "revenue": 4561030000, "costOfRevenue": 3073712000, "grossProfit": 1487318000, "grossProfitRatio": 0.3260925712, "researchAndDevelopmentExpenses": 45900000, "generalAndAdministrativeExpenses": 0, "sellingAndMarketingExpenses": 0, "sellingGeneralAndAdministrativeExpenses": 971611000, "otherExpenses": -40167000, "operatingExpenses": 971611000, "costAndExpenses": 4045323000, "interestIncome": 2065000, "interestExpense": 65270000, "depreciationAndAmortization": 127087000, "ebitda": 614553000, "ebitdaratio": 0.1347399601, "operatingIncome": 525568000, "operatingIncomeRatio": 0.1152301125, "totalOtherIncomeExpensesNet": -30306000, "incomeBeforeTax": 422196000, "incomeBeforeTaxRatio": 0.0925659336, "incomeTaxExpense": 148922000, "netIncome": 267669000, "netIncomeRatio": 0.0586860863, "eps": 1.94, "epsdiluted": 1.93, "weightedAverageShsOut": 133074000, "weightedAverageShsOutDil": 133811000, "link": "https://www.sec.gov/Archives/edgar/data/30625/000003062516000121/0000030625-16-000121-index.htm", "finalLink": "https://www.sec.gov/Archives/edgar/data/30625/000003062516000121/fls12312015financialstatem.htm", "calculatedOtherExpenses": -55761000, "calculatedOperatingExpenses": 961750000, "calculatedNetInterest": -63205000, "calculatedOtherIncome": -40167000, "calculatedIncomeNonControlling": 5605000, "calculatedEbitda": 652655000}, {"date": "2014-12-31", "symbol": "FLS", "reportedCurrency": "USD", "cik": "0000030625", "fillingDate": "2015-02-17", "acceptedDate": "2015-02-17 16:08:50", "calendarYear": "2014", "period": "FY", "revenue": 4877885000, "costOfRevenue": 3163268000, "grossProfit": 1714617000, "grossProfitRatio": 0.3515082869, "researchAndDevelopmentExpenses": 40900000, "generalAndAdministrativeExpenses": 0, "sellingAndMarketingExpenses": 0, "sellingGeneralAndAdministrativeExpenses": 936900000, "otherExpenses": 2000000, "operatingExpenses": 936900000, "costAndExpenses": 4100168000, "interestIncome": 1680000, "interestExpense": 60322000, "depreciationAndAmortization": 110277000, "ebitda": 903789000, "ebitdaratio": 0.1852829659, "operatingIncome": 789832000, "operatingIncomeRatio": 0.1619209965, "totalOtherIncomeExpensesNet": 14115000, "incomeBeforeTax": 733190000, "incomeBeforeTaxRatio": 0.1503089966, "incomeTaxExpense": 208305000, "netIncome": 518824000, "netIncomeRatio": 0.1063624911, "eps": 3.75, "epsdiluted": 3.72, "weightedAverageShsOut": 136912000, "weightedAverageShsOutDil": 137843000, "link": "https://www.sec.gov/Archives/edgar/data/30625/000003062515000021/0000030625-15-000021-index.htm", "finalLink": "https://www.sec.gov/Archives/edgar/data/30625/000003062515000021/fls12312014financialstatem.htm", "calculatedOtherExpenses": -53015000, "calculatedOperatingExpenses": 924785000, "calculatedNetInterest": -58642000, "calculatedOtherIncome": 2000000, "calculatedIncomeNonControlling": 6061000, "calculatedEbitda": 900109000}, {"date": "2013-12-31", "symbol": "FLS", "reportedCurrency": "USD", "cik": "0000030625", "fillingDate": "2014-02-18", "acceptedDate": "2014-02-18 16:02:50", "calendarYear": "2013", "period": "FY", "revenue": 4954619000, "costOfRevenue": 3266524000, "grossProfit": 1688095000, "grossProfitRatio": 0.3407113645, "researchAndDevelopmentExpenses": 37800000, "generalAndAdministrativeExpenses": 0, "sellingAndMarketingExpenses": 0, "sellingGeneralAndAdministrativeExpenses": 966829000, "otherExpenses": -14280000, "operatingExpenses": 966829000, "costAndExpenses": 4233353000, "interestIncome": 1431000, "interestExpense": 54413000, "depreciationAndAmortization": 106392000, "ebitda": 853826000, "ebitdaratio": 0.1723292951, "operatingIncome": 760283000, "operatingIncomeRatio": 0.1534493369, "totalOtherIncomeExpensesNet": 24737000, "incomeBeforeTax": 693021000, "incomeBeforeTaxRatio": 0.1398737219, "incomeTaxExpense": 204701000, "netIncome": 485530000, "netIncomeRatio": 0.0979954261, "eps": 3.43, "epsdiluted": 3.41, "weightedAverageShsOut": 141599000, "weightedAverageShsOutDil": 142429000, "link": "https://www.sec.gov/Archives/edgar/data/30625/000003062514000017/0000030625-14-000017-index.htm", "finalLink": "https://www.sec.gov/Archives/edgar/data/30625/000003062514000017/fls12312013financialstatem.htm", "calculatedOtherExpenses": -76817000, "calculatedOperatingExpenses": 927812000, "calculatedNetInterest": -52982000, "calculatedOtherIncome": -14280000, "calculatedIncomeNonControlling": 2790000, "calculatedEbitda": 866675000}, {"date": "2012-12-31", "symbol": "FLS", "reportedCurrency": "USD", "cik": "0000030625", "fillingDate": "2013-02-21", "acceptedDate": "2013-02-21 16:04:05", "calendarYear": "2012", "period": "FY", "revenue": 4751339000, "costOfRevenue": 3170388000, "grossProfit": 1580951000, "grossProfitRatio": 0.3327379924, "researchAndDevelopmentExpenses": 38900000, "generalAndAdministrativeExpenses": 0, "sellingAndMarketingExpenses": 0, "sellingGeneralAndAdministrativeExpenses": 922125000, "otherExpenses": -21647000, "operatingExpenses": 922125000, "costAndExpenses": 4092513000, "interestIncome": 954000, "interestExpense": 43520000, "depreciationAndAmortization": 107226000, "ebitda": 762311000, "ebitdaratio": 0.1604412988, "operatingIncome": 675778000, "operatingIncomeRatio": 0.142228959, "totalOtherIncomeExpensesNet": -4695000, "incomeBeforeTax": 611565000, "incomeBeforeTaxRatio": 0.1287142424, "incomeTaxExpense": 160766000, "netIncome": 448339000, "netIncomeRatio": 0.0943605582, "eps": 2.86, "epsdiluted": 2.84, "weightedAverageShsOut": 156849000, "weightedAverageShsOutDil": 157970000, "link": "https://www.sec.gov/Archives/edgar/data/30625/000003062513000019/0000030625-13-000019-index.htm", "finalLink": "https://www.sec.gov/Archives/edgar/data/30625/000003062513000019/fls12312012financialstatem.htm", "calculatedOtherExpenses": -55852000, "calculatedOperatingExpenses": 905173000, "calculatedNetInterest": -42566000, "calculatedOtherIncome": -21647000, "calculatedIncomeNonControlling": 2460000, "calculatedEbitda": 783004000}, {"date": "2011-12-31", "symbol": "FLS", "reportedCurrency": "USD", "cik": "0000030625", "fillingDate": "2012-02-22", "acceptedDate": "2012-02-22 16:07:42", "calendarYear": "2011", "period": "FY", "revenue": 4510201000, "costOfRevenue": 2996555000, "grossProfit": 1513646000, "grossProfitRatio": 0.3356049985, "researchAndDevelopmentExpenses": 0, "generalAndAdministrativeExpenses": 0, "sellingAndMarketingExpenses": 0, "sellingGeneralAndAdministrativeExpenses": 914080000, "otherExpenses": 0, "operatingExpenses": 894969000, "costAndExpenses": 3891524000, "interestIncome": 1581000, "interestExpense": 36181000, "depreciationAndAmortization": 104821000, "ebitda": 725079000, "ebitdaratio": 0.160764232, "operatingIncome": 618677000, "operatingIncomeRatio": 0.1371728222, "totalOtherIncomeExpensesNet": 3678000, "incomeBeforeTax": 587755000, "incomeBeforeTaxRatio": 0.1303168085, "incomeTaxExpense": 158524000, "netIncome": 428582000, "netIncomeRatio": 0.0950250333, "eps": 2.57, "epsdiluted": 2.55, "weightedAverageShsOut": 166628000, "weightedAverageShsOutDil": 168307000, "link": "https://www.sec.gov/Archives/edgar/data/30625/000003062512000005/0000030625-12-000005-index.htm", "finalLink": "https://www.sec.gov/Archives/edgar/data/30625/000003062512000005/fls1231201110k.htm", "calculatedOtherExpenses": -19111000, "calculatedOperatingExpenses": 894969000, "calculatedNetInterest": -34600000, "calculatedOtherIncome": 3678000, "calculatedIncomeNonControlling": 649000, "calculatedEbitda": 723498000}, {"date": "2010-12-31", "symbol": "FLS", "reportedCurrency": "USD", "cik": "0000030625", "fillingDate": "2011-02-23", "acceptedDate": "2011-02-23 16:07:09", "calendarYear": "2010", "period": "FY", "revenue": 4032036000, "costOfRevenue": 2622343000, "grossProfit": 1409693000, "grossProfitRatio": 0.3496231184, "researchAndDevelopmentExpenses": 0, "generalAndAdministrativeExpenses": 0, "sellingAndMarketingExpenses": 0, "sellingGeneralAndAdministrativeExpenses": 844990000, "otherExpenses": 0, "operatingExpenses": 844990000, "costAndExpenses": 3467333000, "interestIncome": 1575000, "interestExpense": 34301000, "depreciationAndAmortization": 101294000, "ebitda": 667572000, "ebitdaratio": 0.1655669741, "operatingIncome": 581352000, "operatingIncomeRatio": 0.1441832365, "totalOtherIncomeExpensesNet": -1700000, "incomeBeforeTax": 530277000, "incomeBeforeTaxRatio": 0.1315159388, "incomeTaxExpense": 141596000, "netIncome": 388290000, "netIncomeRatio": 0.0963012235, "eps": 2.32, "epsdiluted": 2.29, "weightedAverageShsOut": 167292000, "weightedAverageShsOutDil": 169245000, "link": "https://www.sec.gov/Archives/edgar/data/30625/000095012311017117/0000950123-11-017117-index.htm", "finalLink": "https://www.sec.gov/Archives/edgar/data/30625/000095012311017117/d78719e10vk.htm", "calculatedOtherExpenses": -16649000, "calculatedOperatingExpenses": 828341000, "calculatedNetInterest": -32726000, "calculatedOtherIncome": -18349000, "calculatedIncomeNonControlling": 391000, "calculatedEbitda": 682646000}, {"date": "2009-12-31", "symbol": "FLS", "reportedCurrency": "USD", "cik": "0000030625", "fillingDate": "2010-02-24", "acceptedDate": "2010-02-24 16:37:13", "calendarYear": "2009", "period": "FY", "revenue": 4365262000, "costOfRevenue": 2817130000, "grossProfit": 1548132000, "grossProfitRatio": 0.3546481288, "researchAndDevelopmentExpenses": 0, "generalAndAdministrativeExpenses": 0, "sellingAndMarketingExpenses": 0, "sellingGeneralAndAdministrativeExpenses": 934451000, "otherExpenses": 0, "operatingExpenses": 934451000, "costAndExpenses": 3751581000, "interestIncome": 3247000, "interestExpense": 40005000, "depreciationAndAmortization": 95445000, "ebitda": 712373000, "ebitdaratio": 0.1631913503, "operatingIncome": 629517000, "operatingIncomeRatio": 0.144210588, "totalOtherIncomeExpensesNet": 7868000, "incomeBeforeTax": 584791000, "incomeBeforeTaxRatio": 0.1339646967, "incomeTaxExpense": 156460000, "netIncome": 427887000, "netIncomeRatio": 0.0980209206, "eps": 2.55, "epsdiluted": 2.53, "weightedAverageShsOut": 167520000, "weightedAverageShsOutDil": 169086000, "link": "https://www.sec.gov/Archives/edgar/data/30625/000095012310016384/0000950123-10-016384-index.htm", "finalLink": "https://www.sec.gov/Archives/edgar/data/30625/000095012310016384/d70823e10vk.htm", "calculatedOtherExpenses": -15836000, "calculatedOperatingExpenses": 918615000, "calculatedNetInterest": -36758000, "calculatedOtherIncome": -7968000, "calculatedIncomeNonControlling": 444000, "calculatedEbitda": 724962000}, {"date": "2008-12-31", "symbol": "FLS", "reportedCurrency": "USD", "cik": "0000030625", "fillingDate": "2009-02-25", "acceptedDate": "2009-02-25 17:08:29", "calendarYear": "2008", "period": "FY", "revenue": 4473473000, "costOfRevenue": 2893161000, "grossProfit": 1580312000, "grossProfitRatio": 0.3532628899, "researchAndDevelopmentExpenses": 0, "generalAndAdministrativeExpenses": 0, "sellingAndMarketingExpenses": 0, "sellingGeneralAndAdministrativeExpenses": 984403000, "otherExpenses": 0, "operatingExpenses": 984403000, "costAndExpenses": 3877564000, "interestIncome": 8392000, "interestExpense": 51293000, "depreciationAndAmortization": 81442000, "ebitda": 702706000, "ebitdaratio": 0.157082875, "operatingIncome": 612872000, "operatingIncomeRatio": 0.1370013857, "totalOtherIncomeExpensesNet": 20163000, "incomeBeforeTax": 590134000, "incomeBeforeTaxRatio": 0.131918534, "incomeTaxExpense": 147721000, "netIncome": 442413000, "netIncomeRatio": 0.0988969867, "eps": 2.61, "epsdiluted": 2.58, "weightedAverageShsOut": 169803000, "weightedAverageShsOutDil": 171540000, "link": "https://www.sec.gov/Archives/edgar/data/30625/000095013409003726/0000950134-09-003726-index.htm", "finalLink": "https://www.sec.gov/Archives/edgar/data/30625/000095013409003726/d66474e10vk.htm", "calculatedOtherExpenses": -16963000, "calculatedOperatingExpenses": 967440000, "calculatedNetInterest": -42901000, "calculatedOtherIncome": 20163000, "calculatedIncomeNonControlling": 0, "calculatedEbitda": 694314000}, {"date": "2007-12-31", "symbol": "FLS", "reportedCurrency": "USD", "cik": "0000030625", "fillingDate": "2008-02-27", "acceptedDate": "2008-02-27 16:52:48", "calendarYear": "2007", "period": "FY", "revenue": 3762694000, "costOfRevenue": 2514972000, "grossProfit": 1247722000, "grossProfitRatio": 0.3316033672, "researchAndDevelopmentExpenses": 0, "generalAndAdministrativeExpenses": 0, "sellingAndMarketingExpenses": 0, "sellingGeneralAndAdministrativeExpenses": 856501000, "otherExpenses": 0, "operatingExpenses": 837806000, "costAndExpenses": 3352778000, "interestIncome": 4324000, "interestExpense": -60119000, "depreciationAndAmortization": 79463000, "ebitda": 483432000, "ebitdaratio": 0.1284802857, "operatingIncome": 409916000, "operatingIncomeRatio": 0.1089421569, "totalOtherIncomeExpensesNet": 24642000, "incomeBeforeTax": 360068000, "incomeBeforeTaxRatio": 0.0956942021, "incomeTaxExpense": 104294000, "netIncome": 255774000, "netIncomeRatio": 0.0679762957, "eps": 1.51, "epsdiluted": 1.49, "weightedAverageShsOut": 169386755, "weightedAverageShsOutDil": 172045291, "link": "https://www.sec.gov/Archives/edgar/data/30625/000095013408003592/0000950134-08-003592-index.htm", "finalLink": "https://www.sec.gov/Archives/edgar/data/30625/000095013408003592/d54035e10vk.htm", "calculatedOtherExpenses": -18695000, "calculatedOperatingExpenses": 837806000, "calculatedNetInterest": 64443000, "calculatedOtherIncome": -114291000, "calculatedIncomeNonControlling": 0, "calculatedEbitda": 489379000}, {"date": "2006-12-31", "symbol": "FLS", "reportedCurrency": "USD", "cik": "0000030625", "fillingDate": "2007-03-01", "acceptedDate": "2007-03-01 17:09:50", "calendarYear": "2006", "period": "FY", "revenue": 3061063000, "costOfRevenue": 2053761000, "grossProfit": 1007302000, "grossProfitRatio": 0.3290693462, "researchAndDevelopmentExpenses": 0, "generalAndAdministrativeExpenses": 0, "sellingAndMarketingExpenses": 0, "sellingGeneralAndAdministrativeExpenses": 782503000, "otherExpenses": 0, "operatingExpenses": 767683000, "costAndExpenses": 2821444000, "interestIncome": 7607000, "interestExpense": -65688000, "depreciationAndAmortization": 72714000, "ebitda": 306595000, "ebitdaratio": 0.1001596504, "operatingIncome": 239619000, "operatingIncomeRatio": 0.0782796695, "totalOtherIncomeExpensesNet": 20558000, "incomeBeforeTax": 187276000, "incomeBeforeTaxRatio": 0.0611800541, "incomeTaxExpense": 73238000, "netIncome": 115032000, "netIncomeRatio": 0.0375791024, "eps": 0.69, "epsdiluted": 0.67, "weightedAverageShsOut": 167522330, "weightedAverageShsOutDil": 170839604, "link": "https://www.sec.gov/Archives/edgar/data/30625/000095013407004599/0000950134-07-004599-index.htm", "finalLink": "https://www.sec.gov/Archives/edgar/data/30625/000095013407004599/d42679e10vk.htm", "calculatedOtherExpenses": -14820000, "calculatedOperatingExpenses": 767683000, "calculatedNetInterest": 73295000, "calculatedOtherIncome": -125638000, "calculatedIncomeNonControlling": -994000, "calculatedEbitda": 312333000}, {"date": "2005-12-31", "symbol": "FLS", "reportedCurrency": "USD", "cik": "0000030625", "fillingDate": "2006-06-30", "acceptedDate": "2006-06-30 06:05:57", "calendarYear": "2005", "period": "FY", "revenue": 2695277000, "costOfRevenue": 1833446000, "grossProfit": 861831000, "grossProfitRatio": 0.3197560028, "researchAndDevelopmentExpenses": 0, "generalAndAdministrativeExpenses": 0, "sellingAndMarketingExpenses": 0, "sellingGeneralAndAdministrativeExpenses": 671738000, "otherExpenses": 0, "operatingExpenses": 671738000, "costAndExpenses": 2505184000, "interestIncome": 3399000, "interestExpense": -74125000, "depreciationAndAmortization": 73482000, "ebitda": 299670000, "ebitdaratio": 0.1111833774, "operatingIncome": 190093000, "operatingIncomeRatio": 0.0705281869, "totalOtherIncomeExpensesNet": -36095000, "incomeBeforeTax": -83272000, "incomeBeforeTaxRatio": -0.0308955258, "incomeTaxExpense": 37092000, "netIncome": 11835000, "netIncomeRatio": 0.0043910144, "eps": 0.1, "epsdiluted": 0.1, "weightedAverageShsOut": 165232258, "weightedAverageShsOutDil": 170740000, "link": "https://www.sec.gov/Archives/edgar/data/30625/000095013406012442/0000950134-06-012442-index.htm", "finalLink": "https://www.sec.gov/Archives/edgar/data/30625/000095013406012442/d37184e10vk.htm", "calculatedOtherExpenses": 0, "calculatedOperatingExpenses": 671738000, "calculatedNetInterest": 77524000, "calculatedOtherIncome": -350889000, "calculatedIncomeNonControlling": -132199000, "calculatedEbitda": 263575000}, {"date": "2004-12-31", "symbol": "FLS", "reportedCurrency": "USD", "cik": "0000030625", "fillingDate": "2006-02-13", "acceptedDate": "2006-02-13 16:33:17", "calendarYear": "2004", "period": "FY", "revenue": 2638199000, "costOfRevenue": 1859383000, "grossProfit": 778816000, "grossProfitRatio": 0.2952074502, "researchAndDevelopmentExpenses": 0, "generalAndAdministrativeExpenses": 0, "sellingAndMarketingExpenses": 0, "sellingGeneralAndAdministrativeExpenses": 623035000, "otherExpenses": 0, "operatingExpenses": 623035000, "costAndExpenses": 2482418000, "interestIncome": 1942000, "interestExpense": -81016000, "depreciationAndAmortization": 78205000, "ebitda": 251069000, "ebitdaratio": 0.0951668165, "operatingIncome": 155781000, "operatingIncomeRatio": 0.0590482371, "totalOtherIncomeExpensesNet": -17083000, "incomeBeforeTax": 59624000, "incomeBeforeTaxRatio": 0.0226002663, "incomeTaxExpense": 39470000, "netIncome": 24200000, "netIncomeRatio": 0.0091729244, "eps": 0.16, "epsdiluted": 0.16, "weightedAverageShsOut": 165213000, "weightedAverageShsOutDil": 166950000, "link": "https://www.sec.gov/Archives/edgar/data/30625/000095013406002644/0000950134-06-002644-index.htm", "finalLink": "https://www.sec.gov/Archives/edgar/data/30625/000095013406002644/d26473e10vk.htm", "calculatedOtherExpenses": 0, "calculatedOperatingExpenses": 623035000, "calculatedNetInterest": 82958000, "calculatedOtherIncome": -179115000, "calculatedIncomeNonControlling": -4046000, "calculatedEbitda": 233986000}, {"date": "2003-12-31", "symbol": "FLS", "reportedCurrency": "USD", "cik": "0000030625", "fillingDate": "2004-04-27", "acceptedDate": "2004-04-27 11:38:23", "calendarYear": "2003", "period": "FY", "revenue": 2404371000, "costOfRevenue": 1681950000, "grossProfit": 722421000, "grossProfitRatio": 0.3004615344, "researchAndDevelopmentExpenses": 0, "generalAndAdministrativeExpenses": 0, "sellingAndMarketingExpenses": 0, "sellingGeneralAndAdministrativeExpenses": 539782000, "otherExpenses": 0, "operatingExpenses": 559550000, "costAndExpenses": 2241500000, "interestIncome": 3985000, "interestExpense": -84206000, "depreciationAndAmortization": 77592000, "ebitda": 269046000, "ebitdaratio": 0.1118987045, "operatingIncome": 159992000, "operatingIncomeRatio": 0.0665421435, "totalOtherIncomeExpensesNet": -28583000, "incomeBeforeTax": 73835000, "incomeBeforeTaxRatio": 0.0307086552, "incomeTaxExpense": 20947000, "netIncome": 98310000, "netIncomeRatio": 0.0408880327, "eps": 0.27, "epsdiluted": 0.27, "weightedAverageShsOut": 165414000, "weightedAverageShsOutDil": 165414000, "link": "https://www.sec.gov/Archives/edgar/data/30625/000104746904013685/0001047469-04-013685-index.htm", "finalLink": "https://www.sec.gov/Archives/edgar/data/30625/000104746904013685/a2132200z10-k.htm", "calculatedOtherExpenses": 22647000, "calculatedOperatingExpenses": 562429000, "calculatedNetInterest": 88191000, "calculatedOtherIncome": -174348000, "calculatedIncomeNonControlling": -45422000, "calculatedEbitda": 237584000}, {"date": "2002-12-31", "symbol": "FLS", "reportedCurrency": "USD", "cik": "0000030625", "fillingDate": "2003-03-21", "acceptedDate": "2003-03-21 17:10:03", "calendarYear": "2002", "period": "FY", "revenue": 2251331000, "costOfRevenue": 1565800000, "grossProfit": 685531000, "grossProfitRatio": 0.3045003156, "researchAndDevelopmentExpenses": 0, "generalAndAdministrativeExpenses": 0, "sellingAndMarketingExpenses": 0, "sellingGeneralAndAdministrativeExpenses": 476923000, "otherExpenses": 0, "operatingExpenses": 493102000, "costAndExpenses": 2058902000, "interestIncome": 0, "interestExpense": 0, "depreciationAndAmortization": 70462000, "ebitda": 286496000, "ebitdaratio": 0.1272562764, "operatingIncome": 188082000, "operatingIncomeRatio": 0.0835425799, "totalOtherIncomeExpensesNet": -23605000, "incomeBeforeTax": 92070000, "incomeBeforeTaxRatio": 0.0408958079, "incomeTaxExpense": 31674000, "netIncome": 53025000, "netIncomeRatio": 0.0235527339, "eps": 0.16, "epsdiluted": 0.16, "weightedAverageShsOut": 152358000, "weightedAverageShsOutDil": 152358000, "link": "https://www.sec.gov/Archives/edgar/data/30625/000104746903009671/0001047469-03-009671-index.htm", "finalLink": "https://www.sec.gov/Archives/edgar/data/30625/000104746903009671/a2104894z10-k.htm", "calculatedOtherExpenses": 20526000, "calculatedOperatingExpenses": 497449000, "calculatedNetInterest": 0, "calculatedOtherIncome": -96012000, "calculatedIncomeNonControlling": 7371000, "calculatedEbitda": 258544000}, {"date": "2001-12-31", "symbol": "FLS", "reportedCurrency": "USD", "cik": "0000030625", "fillingDate": "2002-03-12", "acceptedDate": "2002-03-12 00:00:00", "calendarYear": "2001", "period": "FY", "revenue": 1917507000, "costOfRevenue": 1302955000, "grossProfit": 614552000, "grossProfitRatio": 0.3204953098, "researchAndDevelopmentExpenses": 0, "generalAndAdministrativeExpenses": 0, "sellingAndMarketingExpenses": 0, "sellingGeneralAndAdministrativeExpenses": 410563000, "otherExpenses": 0, "operatingExpenses": 410563000, "costAndExpenses": 1713518000, "interestIncome": 0, "interestExpense": 0, "depreciationAndAmortization": 80591000, "ebitda": 344868000, "ebitdaratio": 0.1798522769, "operatingIncome": 142154000, "operatingIncomeRatio": 0.0741348011, "totalOtherIncomeExpensesNet": -60288000, "incomeBeforeTax": 25629000, "incomeBeforeTaxRatio": 0.0133657921, "incomeTaxExpense": 9275000, "netIncome": -1497000, "netIncomeRatio": -0.0007807012, "eps": -0.0132, "epsdiluted": -0.013, "weightedAverageShsOut": 113736000, "weightedAverageShsOutDil": 115404000, "link": "https://www.sec.gov/Archives/edgar/data/30625/000095013402002026/0000950134-02-002026-index.htm", "finalLink": "https://www.sec.gov/Archives/edgar/data/30625/000095013402002026/d94883e10-k405.txt", "calculatedOtherExpenses": 61835000, "calculatedOperatingExpenses": 472398000, "calculatedNetInterest": 0, "calculatedOtherIncome": -116525000, "calculatedIncomeNonControlling": 17851000, "calculatedEbitda": 222745000}, {"date": "2000-12-31", "symbol": "FLS", "reportedCurrency": "USD", "cik": "0000030625", "fillingDate": "2001-03-29", "acceptedDate": "2001-03-29 00:00:00", "calendarYear": "2000", "period": "FY", "revenue": 1538293000, "costOfRevenue": 974344000, "grossProfit": 563949000, "grossProfitRatio": 0.3666070118, "researchAndDevelopmentExpenses": 24800000, "generalAndAdministrativeExpenses": 0, "sellingAndMarketingExpenses": 0, "sellingGeneralAndAdministrativeExpenses": 335506000, "otherExpenses": 0, "operatingExpenses": 417343000, "costAndExpenses": 1391687000, "interestIncome": 0, "interestExpense": 0, "depreciationAndAmortization": 57037000, "ebitda": 256744000, "ebitdaratio": 0.1669018841, "operatingIncome": 146606000, "operatingIncomeRatio": 0.0953043406, "totalOtherIncomeExpensesNet": -53101000, "incomeBeforeTax": 23184000, "incomeBeforeTaxRatio": 0.0150712511, "incomeTaxExpense": 7876000, "netIncome": 13241000, "netIncomeRatio": 0.008607593, "eps": 0.12, "epsdiluted": 0.12, "weightedAverageShsOut": 113526000, "weightedAverageShsOutDil": 113526000, "link": "https://www.sec.gov/Archives/edgar/data/30625/000095013401002833/0000950134-01-002833-index.htm", "finalLink": "https://www.sec.gov/Archives/edgar/data/30625/000095013401002833/d85191e10-k405.txt", "calculatedOtherExpenses": 57037000, "calculatedOperatingExpenses": 417343000, "calculatedNetInterest": 0, "calculatedOtherIncome": -123422000, "calculatedIncomeNonControlling": 2067000, "calculatedEbitda": 203643000}, {"date": "1999-12-31", "symbol": "FLS", "reportedCurrency": "USD", "cik": "0000030625", "fillingDate": "2000-03-24", "acceptedDate": "2000-03-24 00:00:00", "calendarYear": "1999", "period": "FY", "revenue": 1061300000, "costOfRevenue": 658300000, "grossProfit": 403000000, "grossProfitRatio": 0.3797229812, "researchAndDevelopmentExpenses": 25600000, "generalAndAdministrativeExpenses": 0, "sellingAndMarketingExpenses": 0, "sellingGeneralAndAdministrativeExpenses": 275900000, "otherExpenses": 0, "operatingExpenses": 341100000, "costAndExpenses": 999400000, "interestIncome": 0, "interestExpense": 0, "depreciationAndAmortization": 39600000, "ebitda": 129600000, "ebitdaratio": 0.122114388, "operatingIncome": 61900000, "operatingIncomeRatio": 0.0583246961, "totalOtherIncomeExpensesNet": -28100000, "incomeBeforeTax": 18300000, "incomeBeforeTaxRatio": 0.0172430039, "incomeTaxExpense": 6100000, "netIncome": 12200000, "netIncomeRatio": 0.0114953359, "eps": 0.11, "epsdiluted": 0.11, "weightedAverageShsOut": 113568000, "weightedAverageShsOutDil": 113568000, "link": "https://www.sec.gov/Archives/edgar/data/30625/000095013400002337/0000950134-00-002337-index.html", "finalLink": "https://www.sec.gov/Archives/edgar/data/30625/000095013400002337/", "calculatedOtherExpenses": 39600000, "calculatedOperatingExpenses": 341100000, "calculatedNetInterest": 0, "calculatedOtherIncome": -43600000, "calculatedIncomeNonControlling": 0, "calculatedEbitda": 101500000}, {"date": "1998-12-31", "symbol": "FLS", "reportedCurrency": "USD", "cik": "0000030625", "fillingDate": "1999-03-19", "acceptedDate": "1999-03-19 00:00:00", "calendarYear": "1998", "period": "FY", "revenue": 1083100000, "costOfRevenue": 628500000, "grossProfit": 454600000, "grossProfitRatio": 0.4197211707, "researchAndDevelopmentExpenses": 26400000, "generalAndAdministrativeExpenses": 0, "sellingAndMarketingExpenses": 0, "sellingGeneralAndAdministrativeExpenses": 265600000, "otherExpenses": 0, "operatingExpenses": 331300000, "costAndExpenses": 959800000, "interestIncome": 0, "interestExpense": 0, "depreciationAndAmortization": 39300000, "ebitda": 199600000, "ebitdaratio": 0.1842858462, "operatingIncome": 123300000, "operatingIncomeRatio": 0.113839904, "totalOtherIncomeExpensesNet": -37000000, "incomeBeforeTax": 73200000, "incomeBeforeTaxRatio": 0.0675837873, "incomeTaxExpense": 25500000, "netIncome": 48900000, "netIncomeRatio": 0.0451481858, "eps": 0.41, "epsdiluted": 0.41, "weightedAverageShsOut": 119694000, "weightedAverageShsOutDil": 121456311, "link": "https://www.sec.gov/Archives/edgar/data/30625/000095013499001795/0000950134-99-001795-index.html", "finalLink": "https://www.sec.gov/Archives/edgar/data/30625/", "calculatedOtherExpenses": 39300000, "calculatedOperatingExpenses": 331300000, "calculatedNetInterest": 0, "calculatedOtherIncome": -50100000, "calculatedIncomeNonControlling": -1200000, "calculatedEbitda": 162600000}, {"date": "1997-12-31", "symbol": "FLS", "reportedCurrency": "USD", "cik": "0000030625", "fillingDate": "1998-03-31", "acceptedDate": "1998-03-31 00:00:00", "calendarYear": "1997", "period": "FY", "revenue": 1152200000, "costOfRevenue": 664300000, "grossProfit": 487900000, "grossProfitRatio": 0.4234507898, "researchAndDevelopmentExpenses": 26900000, "generalAndAdministrativeExpenses": 0, "sellingAndMarketingExpenses": 0, "sellingGeneralAndAdministrativeExpenses": 285900000, "otherExpenses": 0, "operatingExpenses": 351800000, "costAndExpenses": 1016100000, "interestIncome": 0, "interestExpense": 0, "depreciationAndAmortization": 39000000, "ebitda": 208100000, "ebitdaratio": 0.180611005, "operatingIncome": 136100000, "operatingIncomeRatio": 0.1181218538, "totalOtherIncomeExpensesNet": -33000000, "incomeBeforeTax": 89800000, "incomeBeforeTaxRatio": 0.077937858, "incomeTaxExpense": 38200000, "netIncome": 51600000, "netIncomeRatio": 0.0447838917, "eps": 0.42, "epsdiluted": 0.42, "weightedAverageShsOut": 122688000, "weightedAverageShsOutDil": 122773109, "link": "https://www.sec.gov/Archives/edgar/data/30625/000095013498002725/0000950134-98-002725-index.html", "finalLink": "https://www.sec.gov/Archives/edgar/data/30625/", "calculatedOtherExpenses": 39000000, "calculatedOperatingExpenses": 351800000, "calculatedNetInterest": 0, "calculatedOtherIncome": -46300000, "calculatedIncomeNonControlling": 0, "calculatedEbitda": 175100000}, {"date": "1996-12-31", "symbol": "FLS", "reportedCurrency": "USD", "cik": "0000030625", "fillingDate": "1997-03-14", "acceptedDate": "1997-03-14 00:00:00", "calendarYear": "1996", "period": "FY", "revenue": 605454000, "costOfRevenue": 361354000, "grossProfit": 244100000, "grossProfitRatio": 0.4031685314, "researchAndDevelopmentExpenses": 15482000, "generalAndAdministrativeExpenses": 0, "sellingAndMarketingExpenses": 0, "sellingGeneralAndAdministrativeExpenses": 147223000, "otherExpenses": 0, "operatingExpenses": 169250000, "costAndExpenses": 530604000, "interestIncome": 0, "interestExpense": 0, "depreciationAndAmortization": 20089000, "ebitda": 100717000, "ebitdaratio": 0.1663495493, "operatingIncome": 69072000, "operatingIncomeRatio": 0.1140829857, "totalOtherIncomeExpensesNet": -5778000, "incomeBeforeTax": 64151000, "incomeBeforeTaxRatio": 0.1059552006, "incomeTaxExpense": 20900000, "netIncome": 43251000, "netIncomeRatio": 0.0714356499, "eps": 0.59, "epsdiluted": 0.59, "weightedAverageShsOut": 73389831, "weightedAverageShsOutDil": 73389831, "link": "https://www.sec.gov/Archives/edgar/data/30625/000095015297001870/0000950152-97-001870-index.html", "finalLink": "https://www.sec.gov/Archives/edgar/data/30625/", "calculatedOtherExpenses": 12323000, "calculatedOperatingExpenses": 175028000, "calculatedNetInterest": 0, "calculatedOtherIncome": -4921000, "calculatedIncomeNonControlling": 0, "calculatedEbitda": 89161000}, {"date": "1995-12-31", "symbol": "FLS", "reportedCurrency": "USD", "cik": "0000030625", "fillingDate": "1996-02-28", "acceptedDate": "1996-02-28 00:00:00", "calendarYear": "1995", "period": "FY", "revenue": 532726000, "costOfRevenue": 317306000, "grossProfit": 215420000, "grossProfitRatio": 0.4043729797, "researchAndDevelopmentExpenses": 14972000, "generalAndAdministrativeExpenses": 0, "sellingAndMarketingExpenses": 0, "sellingGeneralAndAdministrativeExpenses": 137346000, "otherExpenses": 0, "operatingExpenses": 152145000, "costAndExpenses": 469451000, "interestIncome": 0, "interestExpense": 0, "depreciationAndAmortization": 19093000, "ebitda": 87410000, "ebitdaratio": 0.1640805968, "operatingIncome": 58233000, "operatingIncomeRatio": 0.1093113533, "totalOtherIncomeExpensesNet": -5042000, "incomeBeforeTax": 50122000, "incomeBeforeTaxRatio": 0.0940858903, "incomeTaxExpense": 19450000, "netIncome": 30672000, "netIncomeRatio": 0.0575755642, "eps": 0.41, "epsdiluted": 0.41, "weightedAverageShsOut": 74211000, "weightedAverageShsOutDil": 74211000, "link": "https://www.sec.gov/Archives/edgar/data/30625/000095015296000687/0000950152-96-000687-index.html", "finalLink": "https://www.sec.gov/Archives/edgar/data/30625/", "calculatedOtherExpenses": 4869000, "calculatedOperatingExpenses": 157187000, "calculatedNetInterest": 0, "calculatedOtherIncome": -8111000, "calculatedIncomeNonControlling": 0, "calculatedEbitda": 77326000}, {"date": "1994-12-31", "symbol": "FLS", "reportedCurrency": "USD", "cik": "0000030625", "fillingDate": "1995-02-24", "acceptedDate": "1995-02-24 00:00:00", "calendarYear": "1994", "period": "FY", "revenue": 345388000, "costOfRevenue": 217249000, "grossProfit": 128139000, "grossProfitRatio": 0.3710001506, "researchAndDevelopmentExpenses": 9613000, "generalAndAdministrativeExpenses": 0, "sellingAndMarketingExpenses": 0, "sellingGeneralAndAdministrativeExpenses": 85345000, "otherExpenses": 0, "operatingExpenses": 96855000, "costAndExpenses": 314104000, "interestIncome": 0, "interestExpense": 0, "depreciationAndAmortization": 14017000, "ebitda": 45301000, "ebitdaratio": 0.1311597392, "operatingIncome": 31284000, "operatingIncomeRatio": 0.0905763952, "totalOtherIncomeExpensesNet": -4346000, "incomeBeforeTax": 26938000, "incomeBeforeTaxRatio": 0.0779934451, "incomeTaxExpense": 9780000, "netIncome": 17158000, "netIncomeRatio": 0.0496774642, "eps": 0.3, "epsdiluted": 0.3, "weightedAverageShsOut": 57441000, "weightedAverageShsOutDil": 57441000, "link": "https://www.sec.gov/Archives/edgar/data/30625/000095015295000230/0000950152-95-000230-index.html", "finalLink": "https://www.sec.gov/Archives/edgar/data/30625/", "calculatedOtherExpenses": 1897000, "calculatedOperatingExpenses": 96855000, "calculatedNetInterest": 0, "calculatedOtherIncome": -4346000, "calculatedIncomeNonControlling": 0, "calculatedEbitda": 45301000}, {"date": "1993-12-31", "symbol": "FLS", "reportedCurrency": "USD", "cik": "0000030625", "fillingDate": "1993-12-31", "acceptedDate": "1993-12-30 19:00:00", "calendarYear": "1993", "period": "FY", "revenue": 313900000, "costOfRevenue": 184000000, "grossProfit": 129900000, "grossProfitRatio": 0.4138260593, "researchAndDevelopmentExpenses": 0, "generalAndAdministrativeExpenses": 0, "sellingAndMarketingExpenses": 0, "sellingGeneralAndAdministrativeExpenses": 88100000, "otherExpenses": 0, "operatingExpenses": 99900000, "costAndExpenses": 283900000, "interestIncome": 0, "interestExpense": 0, "depreciationAndAmortization": -11800000, "ebitda": 41500000, "ebitdaratio": 0.1322077095, "operatingIncome": 53300000, "operatingIncomeRatio": 0.1697992991, "totalOtherIncomeExpensesNet": 300000, "incomeBeforeTax": 26400000, "incomeBeforeTaxRatio": 0.0841032176, "incomeTaxExpense": 9900000, "netIncome": 16100000, "netIncomeRatio": 0.0512902198, "eps": 0.19, "epsdiluted": 0.19, "weightedAverageShsOut": 56829000, "weightedAverageShsOutDil": 56829000, "link": null, "finalLink": null, "calculatedOtherExpenses": -11500000, "calculatedOperatingExpenses": 76600000, "calculatedNetInterest": 0, "calculatedOtherIncome": -26900000, "calculatedIncomeNonControlling": 400000, "calculatedEbitda": 41500000}, {"date": "1992-12-31", "symbol": "FLS", "reportedCurrency": "USD", "cik": "0000030625", "fillingDate": "1992-12-31", "acceptedDate": "1992-12-30 19:00:00", "calendarYear": "1992", "period": "FY", "revenue": 300400000, "costOfRevenue": 177100000, "grossProfit": 123300000, "grossProfitRatio": 0.4104527297, "researchAndDevelopmentExpenses": 0, "generalAndAdministrativeExpenses": 0, "sellingAndMarketingExpenses": 0, "sellingGeneralAndAdministrativeExpenses": 81400000, "otherExpenses": 0, "operatingExpenses": 93200000, "costAndExpenses": 270300000, "interestIncome": 0, "interestExpense": 0, "depreciationAndAmortization": -11800000, "ebitda": 48500000, "ebitdaratio": 0.1614513981, "operatingIncome": 60300000, "operatingIncomeRatio": 0.2007323569, "totalOtherIncomeExpensesNet": -6600000, "incomeBeforeTax": 20600000, "incomeBeforeTaxRatio": 0.068575233, "incomeTaxExpense": 7400000, "netIncome": -7900000, "netIncomeRatio": -0.026298269, "eps": -0.14, "epsdiluted": -0.14, "weightedAverageShsOut": 56655000, "weightedAverageShsOutDil": 56655000, "link": null, "finalLink": null, "calculatedOtherExpenses": -18400000, "calculatedOperatingExpenses": 63000000, "calculatedNetInterest": 0, "calculatedOtherIncome": -39700000, "calculatedIncomeNonControlling": 21100000, "calculatedEbitda": 48500000}, {"date": "1991-12-31", "symbol": "FLS", "reportedCurrency": "USD", "cik": "0000030625", "fillingDate": "1991-12-31", "acceptedDate": "1991-12-30 19:00:00", "calendarYear": "1991", "period": "FY", "revenue": 296500000, "costOfRevenue": 174100000, "grossProfit": 122400000, "grossProfitRatio": 0.4128161889, "researchAndDevelopmentExpenses": 0, "generalAndAdministrativeExpenses": 0, "sellingAndMarketingExpenses": 0, "sellingGeneralAndAdministrativeExpenses": 78400000, "otherExpenses": 0, "operatingExpenses": 88300000, "costAndExpenses": 262400000, "interestIncome": 0, "interestExpense": 0, "depreciationAndAmortization": -9900000, "ebitda": 44000000, "ebitdaratio": 0.1483979764, "operatingIncome": 53900000, "operatingIncomeRatio": 0.1817875211, "totalOtherIncomeExpensesNet": -22800000, "incomeBeforeTax": 31100000, "incomeBeforeTaxRatio": 0.1048903879, "incomeTaxExpense": 11500000, "netIncome": 19600000, "netIncomeRatio": 0.0661045531, "eps": 0.23, "epsdiluted": 0.23, "weightedAverageShsOut": 56460000, "weightedAverageShsOutDil": 56460000, "link": null, "finalLink": null, "calculatedOtherExpenses": -9900000, "calculatedOperatingExpenses": 68500000, "calculatedNetInterest": 0, "calculatedOtherIncome": -22800000, "calculatedIncomeNonControlling": 0, "calculatedEbitda": 44000000}, {"date": "1990-12-31", "symbol": "FLS", "reportedCurrency": "USD", "cik": "0000030625", "fillingDate": "1990-12-31", "acceptedDate": "1990-12-30 19:00:00", "calendarYear": "1990", "period": "FY", "revenue": 296800000, "costOfRevenue": 173400000, "grossProfit": 123400000, "grossProfitRatio": 0.4157681941, "researchAndDevelopmentExpenses": 0, "generalAndAdministrativeExpenses": 0, "sellingAndMarketingExpenses": 0, "sellingGeneralAndAdministrativeExpenses": 74100000, "otherExpenses": 0, "operatingExpenses": 83000000, "costAndExpenses": 256400000, "interestIncome": 0, "interestExpense": 0, "depreciationAndAmortization": -8900000, "ebitda": 52800000, "ebitdaratio": 0.1778975741, "operatingIncome": 61700000, "operatingIncomeRatio": 0.207884097, "totalOtherIncomeExpensesNet": -3500000, "incomeBeforeTax": 33400000, "incomeBeforeTaxRatio": 0.1125336927, "incomeTaxExpense": 12500000, "netIncome": 20900000, "netIncomeRatio": 0.0704177898, "eps": 0.25, "epsdiluted": 0.25, "weightedAverageShsOut": 55980000, "weightedAverageShsOutDil": 55980000, "link": null, "finalLink": null, "calculatedOtherExpenses": -12400000, "calculatedOperatingExpenses": 61700000, "calculatedNetInterest": 0, "calculatedOtherIncome": -28300000, "calculatedIncomeNonControlling": 0, "calculatedEbitda": 52800000}, {"date": "1989-12-31", "symbol": "FLS", "reportedCurrency": "USD", "cik": "0000030625", "fillingDate": "1989-12-31", "acceptedDate": "1989-12-30 19:00:00", "calendarYear": "1989", "period": "FY", "revenue": 281000000, "costOfRevenue": 168800000, "grossProfit": 112200000, "grossProfitRatio": 0.3992882562, "researchAndDevelopmentExpenses": 0, "generalAndAdministrativeExpenses": 0, "sellingAndMarketingExpenses": 0, "sellingGeneralAndAdministrativeExpenses": 67500000, "otherExpenses": 0, "operatingExpenses": 75100000, "costAndExpenses": 243900000, "interestIncome": 0, "interestExpense": 0, "depreciationAndAmortization": -7600000, "ebitda": 45500000, "ebitdaratio": 0.1619217082, "operatingIncome": 53100000, "operatingIncomeRatio": 0.1889679715, "totalOtherIncomeExpensesNet": -800000, "incomeBeforeTax": 32300000, "incomeBeforeTaxRatio": 0.1149466192, "incomeTaxExpense": 12600000, "netIncome": 19700000, "netIncomeRatio": 0.0701067616, "eps": 0.23, "epsdiluted": 0.23, "weightedAverageShsOut": 55866000, "weightedAverageShsOutDil": 55866000, "link": null, "finalLink": null, "calculatedOtherExpenses": -8400000, "calculatedOperatingExpenses": 59100000, "calculatedNetInterest": 0, "calculatedOtherIncome": -20800000, "calculatedIncomeNonControlling": 0, "calculatedEbitda": 45500000}, {"date": "1988-12-31", "symbol": "FLS", "reportedCurrency": "USD", "cik": "0000030625", "fillingDate": "1988-12-31", "acceptedDate": "1988-12-30 19:00:00", "calendarYear": "1988", "period": "FY", "revenue": 230900000, "costOfRevenue": 134300000, "grossProfit": 96600000, "grossProfitRatio": 0.4183629277, "researchAndDevelopmentExpenses": 0, "generalAndAdministrativeExpenses": 0, "sellingAndMarketingExpenses": 0, "sellingGeneralAndAdministrativeExpenses": 57500000, "otherExpenses": 0, "operatingExpenses": 65200000, "costAndExpenses": 199500000, "interestIncome": 0, "interestExpense": 0, "depreciationAndAmortization": 7700000, "ebitda": 41600000, "ebitdaratio": 0.1801645734, "operatingIncome": 33900000, "operatingIncomeRatio": 0.1468168038, "totalOtherIncomeExpensesNet": -2500000, "incomeBeforeTax": 24700000, "incomeBeforeTaxRatio": 0.1069727155, "incomeTaxExpense": 9700000, "netIncome": 15000000, "netIncomeRatio": 0.0649631875, "eps": 0.13, "epsdiluted": 0.13, "weightedAverageShsOut": 53253000, "weightedAverageShsOutDil": 53253000, "link": null, "finalLink": null, "calculatedOtherExpenses": 5200000, "calculatedOperatingExpenses": 62700000, "calculatedNetInterest": 0, "calculatedOtherIncome": -9200000, "calculatedIncomeNonControlling": 0, "calculatedEbitda": 41600000}, {"date": "1987-12-31", "symbol": "FLS", "reportedCurrency": "USD", "cik": "0000030625", "fillingDate": "1987-12-31", "acceptedDate": "1987-12-30 19:00:00", "calendarYear": "1987", "period": "FY", "revenue": 182100000, "costOfRevenue": 110700000, "grossProfit": 71400000, "grossProfitRatio": 0.392092257, "researchAndDevelopmentExpenses": 0, "generalAndAdministrativeExpenses": 0, "sellingAndMarketingExpenses": 0, "sellingGeneralAndAdministrativeExpenses": 48800000, "otherExpenses": 0, "operatingExpenses": 56100000, "costAndExpenses": 166800000, "interestIncome": 0, "interestExpense": 0, "depreciationAndAmortization": 7300000, "ebitda": 23000000, "ebitdaratio": 0.1263042284, "operatingIncome": 15700000, "operatingIncomeRatio": 0.0862163646, "totalOtherIncomeExpensesNet": -400000, "incomeBeforeTax": 11000000, "incomeBeforeTaxRatio": 0.0604063701, "incomeTaxExpense": 4800000, "netIncome": 6200000, "netIncomeRatio": 0.0340472268, "eps": 0.0578, "epsdiluted": 0.0578, "weightedAverageShsOut": 47244000, "weightedAverageShsOutDil": 47244000, "link": null, "finalLink": null, "calculatedOtherExpenses": 6900000, "calculatedOperatingExpenses": 55700000, "calculatedNetInterest": 0, "calculatedOtherIncome": -4700000, "calculatedIncomeNonControlling": 0, "calculatedEbitda": 23000000}, {"date": "1986-12-31", "symbol": "FLS", "reportedCurrency": "USD", "cik": "0000030625", "fillingDate": "1986-12-31", "acceptedDate": "1986-12-30 19:00:00", "calendarYear": "1986", "period": "FY", "revenue": 144300000, "costOfRevenue": 93300000, "grossProfit": 51000000, "grossProfitRatio": 0.3534303534, "researchAndDevelopmentExpenses": 0, "generalAndAdministrativeExpenses": 0, "sellingAndMarketingExpenses": 0, "sellingGeneralAndAdministrativeExpenses": 39000000, "otherExpenses": 0, "operatingExpenses": 44900000, "costAndExpenses": 138200000, "interestIncome": 0, "interestExpense": 0, "depreciationAndAmortization": 5900000, "ebitda": 12700000, "ebitdaratio": 0.088011088, "operatingIncome": 6800000, "operatingIncomeRatio": 0.0471240471, "totalOtherIncomeExpensesNet": -700000, "incomeBeforeTax": 3700000, "incomeBeforeTaxRatio": 0.0256410256, "incomeTaxExpense": 1700000, "netIncome": 2000000, "netIncomeRatio": 0.0138600139, "eps": 0.0193, "epsdiluted": 0.0193, "weightedAverageShsOut": 46920000, "weightedAverageShsOutDil": 46920000, "link": null, "finalLink": null, "calculatedOtherExpenses": 5200000, "calculatedOperatingExpenses": 44200000, "calculatedNetInterest": 0, "calculatedOtherIncome": -3100000, "calculatedIncomeNonControlling": 0, "calculatedEbitda": 12700000}, {"date": "1985-12-31", "symbol": "FLS", "reportedCurrency": "USD", "cik": "0000030625", "fillingDate": "1985-12-31", "acceptedDate": "1985-12-30 19:00:00", "calendarYear": "1985", "period": "FY", "revenue": 146000000, "costOfRevenue": 91400000, "grossProfit": 54600000, "grossProfitRatio": 0.3739726027, "researchAndDevelopmentExpenses": 0, "generalAndAdministrativeExpenses": 0, "sellingAndMarketingExpenses": 0, "sellingGeneralAndAdministrativeExpenses": 37000000, "otherExpenses": 0, "operatingExpenses": 42900000, "costAndExpenses": 134300000, "interestIncome": 0, "interestExpense": 0, "depreciationAndAmortization": 5900000, "ebitda": 17500000, "ebitdaratio": 0.1198630137, "operatingIncome": 11600000, "operatingIncomeRatio": 0.0794520548, "totalOtherIncomeExpensesNet": 100000, "incomeBeforeTax": 10000000, "incomeBeforeTaxRatio": 0.0684931507, "incomeTaxExpense": 4100000, "netIncome": 5900000, "netIncomeRatio": 0.0404109589, "eps": 0.0563, "epsdiluted": 0.0563, "weightedAverageShsOut": 46908000, "weightedAverageShsOutDil": 46908000, "link": null, "finalLink": null, "calculatedOtherExpenses": 6000000, "calculatedOperatingExpenses": 43000000, "calculatedNetInterest": 0, "calculatedOtherIncome": -1600000, "calculatedIncomeNonControlling": 0, "calculatedEbitda": 17500000}]}