{"originalCurrency": "USD", "convertedCurrency": "USD", "report": [{"date": "2023-12-31", "symbol": "FMC", "reportedCurrency": "USD", "cik": "0000037785", "fillingDate": "2024-02-27", "acceptedDate": "2024-02-27 14:51:18", "calendarYear": "2023", "period": "FY", "revenue": 4486800000, "costOfRevenue": 2578500000, "grossProfit": 1908300000, "grossProfitRatio": 0.4253142551, "researchAndDevelopmentExpenses": 328800000, "generalAndAdministrativeExpenses": 752500000, "sellingAndMarketingExpenses": -10900000, "sellingGeneralAndAdministrativeExpenses": 741600000, "otherExpenses": 212300000, "operatingExpenses": 1070400000, "costAndExpenses": 3648900000, "interestIncome": 0, "interestExpense": 244100000, "depreciationAndAmortization": 251200000, "ebitda": 1089100000, "ebitdaratio": 0.2427342427, "operatingIncome": 837900000, "operatingIncomeRatio": 0.1867477935, "totalOtherIncomeExpensesNet": -537700000, "incomeBeforeTax": 300200000, "incomeBeforeTaxRatio": 0.0669073727, "incomeTaxExpense": -1119300000, "netIncome": 1321500000, "netIncomeRatio": 0.2945306232, "eps": 10.55, "epsdiluted": 10.51, "weightedAverageShsOut": 125060000, "weightedAverageShsOutDil": 125533000, "link": "https://www.sec.gov/Archives/edgar/data/37785/000003778524000033/0000037785-24-000033-index.htm", "finalLink": "https://www.sec.gov/Archives/edgar/data/37785/000003778524000033/fmc-20231231.htm", "calculatedOtherExpenses": 0, "calculatedOperatingExpenses": 1070400000, "calculatedNetInterest": -244100000, "calculatedOtherIncome": -293600000, "calculatedIncomeNonControlling": 98000000, "calculatedEbitda": 1089100000}, {"date": "2022-12-31", "symbol": "FMC", "reportedCurrency": "USD", "cik": "0000037785", "fillingDate": "2023-02-24", "acceptedDate": "2023-02-24 15:17:06", "calendarYear": "2022", "period": "FY", "revenue": 5802300000, "costOfRevenue": 3475500000, "grossProfit": 2326800000, "grossProfitRatio": 0.4010133912, "researchAndDevelopmentExpenses": 314200000, "generalAndAdministrativeExpenses": 783800000, "sellingAndMarketingExpenses": -8600000, "sellingGeneralAndAdministrativeExpenses": 775200000, "otherExpenses": -8600000, "operatingExpenses": 1089400000, "costAndExpenses": 4564900000, "interestIncome": -100000, "interestExpense": 151800000, "depreciationAndAmortization": 169400000, "ebitda": 1228800000, "ebitdaratio": 0.211778088, "operatingIncome": 1059400000, "operatingIncomeRatio": 0.1825827689, "totalOtherIncomeExpensesNet": -75500000, "incomeBeforeTax": 983900000, "incomeBeforeTaxRatio": 0.1695706875, "incomeTaxExpense": 145200000, "netIncome": 736500000, "netIncomeRatio": 0.1269324233, "eps": 5.83, "epsdiluted": 5.8, "weightedAverageShsOut": 125975000, "weightedAverageShsOutDil": 126707000, "link": "https://www.sec.gov/Archives/edgar/data/37785/000003778523000019/0000037785-23-000019-index.htm", "finalLink": "https://www.sec.gov/Archives/edgar/data/37785/000003778523000019/fmc-20221231.htm", "calculatedOtherExpenses": 178000000, "calculatedOperatingExpenses": 1267400000, "calculatedNetInterest": -151900000, "calculatedOtherIncome": 76400000, "calculatedIncomeNonControlling": 102200000, "calculatedEbitda": 1228800000}, {"date": "2021-12-31", "symbol": "FMC", "reportedCurrency": "USD", "cik": "0000037785", "fillingDate": "2022-02-25", "acceptedDate": "2022-02-25 15:57:37", "calendarYear": "2021", "period": "FY", "revenue": 5045200000, "costOfRevenue": 2873500000, "grossProfit": 2171700000, "grossProfitRatio": 0.4304487434, "researchAndDevelopmentExpenses": 304700000, "generalAndAdministrativeExpenses": 719700000, "sellingAndMarketingExpenses": -5600000, "sellingGeneralAndAdministrativeExpenses": 714100000, "otherExpenses": -20000000, "operatingExpenses": 1018800000, "costAndExpenses": 3892300000, "interestIncome": -100000, "interestExpense": 131100000, "depreciationAndAmortization": 170900000, "ebitda": 1132900000, "ebitdaratio": 0.2245500674, "operatingIncome": 962000000, "operatingIncomeRatio": 0.1906762864, "totalOtherIncomeExpensesNet": -68200000, "incomeBeforeTax": 893800000, "incomeBeforeTaxRatio": 0.1771584873, "incomeTaxExpense": 91600000, "netIncome": 739600000, "netIncomeRatio": 0.1465947832, "eps": 5.75, "epsdiluted": 5.71, "weightedAverageShsOut": 128402999, "weightedAverageShsOutDil": 129145999, "link": "https://www.sec.gov/Archives/edgar/data/37785/000003778522000025/0000037785-22-000025-index.htm", "finalLink": "https://www.sec.gov/Archives/edgar/data/37785/000003778522000025/fmc-20211231.htm", "calculatedOtherExpenses": 190900000, "calculatedOperatingExpenses": 1209700000, "calculatedNetInterest": -131200000, "calculatedOtherIncome": 63000000, "calculatedIncomeNonControlling": 62600000, "calculatedEbitda": 1132900000}, {"date": "2020-12-31", "symbol": "FMC", "reportedCurrency": "USD", "cik": "0000037785", "fillingDate": "2021-02-25", "acceptedDate": "2021-02-25 17:03:01", "calendarYear": "2020", "period": "FY", "revenue": 4642100000, "costOfRevenue": 2590100000, "grossProfit": 2052000000, "grossProfitRatio": 0.4420413175, "researchAndDevelopmentExpenses": 287900000, "generalAndAdministrativeExpenses": 0, "sellingAndMarketingExpenses": 0, "sellingGeneralAndAdministrativeExpenses": 729700000, "otherExpenses": -21200000, "operatingExpenses": 1017600000, "costAndExpenses": 3607700000, "interestIncome": 100000, "interestExpense": 151200000, "depreciationAndAmortization": 162700000, "ebitda": 1013200000, "ebitdaratio": 0.218263286, "operatingIncome": 850500000, "operatingIncomeRatio": 0.1832144934, "totalOtherIncomeExpensesNet": -120700000, "incomeBeforeTax": 729800000, "incomeBeforeTaxRatio": 0.1572133302, "incomeTaxExpense": 150900000, "netIncome": 552400000, "netIncomeRatio": 0.1189978673, "eps": 4.24, "epsdiluted": 4.21, "weightedAverageShsOut": 129701000, "weightedAverageShsOutDil": 130584000, "link": "https://www.sec.gov/Archives/edgar/data/37785/000003778521000024/0000037785-21-000024-index.htm", "finalLink": "https://www.sec.gov/Archives/edgar/data/37785/000003778521000024/fmc-20201231.htm", "calculatedOtherExpenses": 183900000, "calculatedOperatingExpenses": 1201500000, "calculatedNetInterest": -151100000, "calculatedOtherIncome": 30400000, "calculatedIncomeNonControlling": 26500000, "calculatedEbitda": 1013200000}, {"date": "2019-12-31", "symbol": "FMC", "reportedCurrency": "USD", "cik": "0000037785", "fillingDate": "2020-02-28", "acceptedDate": "2020-02-28 14:19:04", "calendarYear": "2019", "period": "FY", "revenue": 4609800000, "costOfRevenue": 2526200000, "grossProfit": 2083600000, "grossProfitRatio": 0.4519935789, "researchAndDevelopmentExpenses": 298100000, "generalAndAdministrativeExpenses": 0, "sellingAndMarketingExpenses": 0, "sellingGeneralAndAdministrativeExpenses": 792900000, "otherExpenses": -8100000, "operatingExpenses": 1091000000, "costAndExpenses": 3617200000, "interestIncome": 1900000, "interestExpense": 158500000, "depreciationAndAmortization": 150100000, "ebitda": 984500000, "ebitdaratio": 0.2135667491, "operatingIncome": 834400000, "operatingIncomeRatio": 0.1810056835, "totalOtherIncomeExpensesNet": -179400000, "incomeBeforeTax": 655000000, "incomeBeforeTaxRatio": 0.1420885939, "incomeTaxExpense": 111500000, "netIncome": 477400000, "netIncomeRatio": 0.1035619767, "eps": 3.64, "epsdiluted": 3.6, "weightedAverageShsOut": 130761000, "weightedAverageShsOutDil": 132002000, "link": "https://www.sec.gov/Archives/edgar/data/37785/000003778520000035/0000037785-20-000035-index.htm", "finalLink": "https://www.sec.gov/Archives/edgar/data/37785/000003778520000035/fmc-20191231.htm", "calculatedOtherExpenses": 158200000, "calculatedOperatingExpenses": 1249200000, "calculatedNetInterest": -156600000, "calculatedOtherIncome": -22800000, "calculatedIncomeNonControlling": 66100000, "calculatedEbitda": 984500000}, {"date": "2018-12-31", "symbol": "FMC", "reportedCurrency": "USD", "cik": "0000037785", "fillingDate": "2019-02-28", "acceptedDate": "2019-02-28 15:53:53", "calendarYear": "2018", "period": "FY", "revenue": 4285300000, "costOfRevenue": 2405500000, "grossProfit": 1879800000, "grossProfitRatio": 0.438662404, "researchAndDevelopmentExpenses": 287700000, "generalAndAdministrativeExpenses": 851200000, "sellingAndMarketingExpenses": -61200000, "sellingGeneralAndAdministrativeExpenses": 790000000, "otherExpenses": 500000, "operatingExpenses": 1077700000, "costAndExpenses": 3483200000, "interestIncome": 1400000, "interestExpense": 133100000, "depreciationAndAmortization": 168200000, "ebitda": 802700000, "ebitdaratio": 0.1873147738, "operatingIncome": 725400000, "operatingIncomeRatio": 0.1692763634, "totalOtherIncomeExpensesNet": -60600000, "incomeBeforeTax": 608400000, "incomeBeforeTaxRatio": 0.1419737241, "incomeTaxExpense": 70800000, "netIncome": 502100000, "netIncomeRatio": 0.1171679929, "eps": 3.74, "epsdiluted": 3.69, "weightedAverageShsOut": 134400000, "weightedAverageShsOutDil": 135900000, "link": "https://www.sec.gov/Archives/edgar/data/37785/000003778519000039/0000037785-19-000039-index.htm", "finalLink": "https://www.sec.gov/Archives/edgar/data/37785/000003778519000039/fmc201810k.htm", "calculatedOtherExpenses": 76700000, "calculatedOperatingExpenses": 1154400000, "calculatedNetInterest": -131700000, "calculatedOtherIncome": 14700000, "calculatedIncomeNonControlling": 35500000, "calculatedEbitda": 893600000}, {"date": "2017-12-31", "symbol": "FMC", "reportedCurrency": "USD", "cik": "0000037785", "fillingDate": "2018-02-28", "acceptedDate": "2018-02-28 15:21:58", "calendarYear": "2017", "period": "FY", "revenue": 2878600000, "costOfRevenue": 1777300000, "grossProfit": 1101300000, "grossProfitRatio": 0.3825818106, "researchAndDevelopmentExpenses": 141500000, "generalAndAdministrativeExpenses": 0, "sellingAndMarketingExpenses": 0, "sellingGeneralAndAdministrativeExpenses": 618600000, "otherExpenses": -6400000, "operatingExpenses": 760100000, "costAndExpenses": 2537400000, "interestIncome": 900000, "interestExpense": 79100000, "depreciationAndAmortization": 113000000, "ebitda": 341300000, "ebitdaratio": 0.11856458, "operatingIncome": 879900000, "operatingIncomeRatio": 0.3056694226, "totalOtherIncomeExpensesNet": -81300000, "incomeBeforeTax": 180800000, "incomeBeforeTaxRatio": 0.0628083096, "incomeTaxExpense": 264100000, "netIncome": 535800000, "netIncomeRatio": 0.1861321476, "eps": 3.99, "epsdiluted": 3.99, "weightedAverageShsOut": 134255000, "weightedAverageShsOutDil": 134300000, "link": "https://www.sec.gov/Archives/edgar/data/37785/000003778518000019/0000037785-18-000019-index.htm", "finalLink": "https://www.sec.gov/Archives/edgar/data/37785/000003778518000019/fmc201710k.htm", "calculatedOtherExpenses": -538700000, "calculatedOperatingExpenses": 221400000, "calculatedNetInterest": -78200000, "calculatedOtherIncome": -620900000, "calculatedIncomeNonControlling": -619100000, "calculatedEbitda": 992900000}, {"date": "2016-12-31", "symbol": "FMC", "reportedCurrency": "USD", "cik": "0000037785", "fillingDate": "2017-02-28", "acceptedDate": "2017-02-28 15:06:20", "calendarYear": "2016", "period": "FY", "revenue": 3282400000, "costOfRevenue": 2082600000, "grossProfit": 1199800000, "grossProfitRatio": 0.3655252254, "researchAndDevelopmentExpenses": 141500000, "generalAndAdministrativeExpenses": 529500000, "sellingAndMarketingExpenses": 0, "sellingGeneralAndAdministrativeExpenses": 529500000, "otherExpenses": -12900000, "operatingExpenses": 671000000, "costAndExpenses": 2753600000, "interestIncome": 600000, "interestExpense": 82700000, "depreciationAndAmortization": 137100000, "ebitda": 529300000, "ebitdaratio": 0.1612539605, "operatingIncome": 386300000, "operatingIncomeRatio": 0.1176882769, "totalOtherIncomeExpensesNet": -106800000, "incomeBeforeTax": 339300000, "incomeBeforeTaxRatio": 0.1033694857, "incomeTaxExpense": 93900000, "netIncome": 209100000, "netIncomeRatio": 0.0637033878, "eps": 1.56, "epsdiluted": 1.56, "weightedAverageShsOut": 133900000, "weightedAverageShsOutDil": 134500000, "link": "https://www.sec.gov/Archives/edgar/data/37785/000003778517000011/0000037785-17-000011-index.htm", "finalLink": "https://www.sec.gov/Archives/edgar/data/37785/000003778517000011/fmc201610k.htm", "calculatedOtherExpenses": 142500000, "calculatedOperatingExpenses": 813500000, "calculatedNetInterest": -82100000, "calculatedOtherIncome": 35100000, "calculatedIncomeNonControlling": 36300000, "calculatedEbitda": 523400000}, {"date": "2015-12-31", "symbol": "FMC", "reportedCurrency": "USD", "cik": "0000037785", "fillingDate": "2016-02-26", "acceptedDate": "2016-02-26 14:18:26", "calendarYear": "2015", "period": "FY", "revenue": 3276500000, "costOfRevenue": 2201100000, "grossProfit": 1075400000, "grossProfitRatio": 0.3282160842, "researchAndDevelopmentExpenses": 143700000, "generalAndAdministrativeExpenses": 737900000, "sellingAndMarketingExpenses": 0, "sellingGeneralAndAdministrativeExpenses": 737900000, "otherExpenses": -20500000, "operatingExpenses": 881600000, "costAndExpenses": 3082700000, "interestIncome": 1300000, "interestExpense": 80100000, "depreciationAndAmortization": 115700000, "ebitda": 193600000, "ebitdaratio": 0.0590874409, "operatingIncome": 617800000, "operatingIncomeRatio": 0.1885548604, "totalOtherIncomeExpensesNet": -244200000, "incomeBeforeTax": -130500000, "incomeBeforeTaxRatio": -0.0398290859, "incomeTaxExpense": 47400000, "netIncome": 489000000, "netIncomeRatio": 0.1492446208, "eps": 3.66, "epsdiluted": 3.66, "weightedAverageShsOut": 133696000, "weightedAverageShsOutDil": 133700000, "link": "https://www.sec.gov/Archives/edgar/data/37785/000003778516000081/0000037785-16-000081-index.htm", "finalLink": "https://www.sec.gov/Archives/edgar/data/37785/000003778516000081/fmc201510k.htm", "calculatedOtherExpenses": -424000000, "calculatedOperatingExpenses": 457600000, "calculatedNetInterest": -78800000, "calculatedOtherIncome": -669500000, "calculatedIncomeNonControlling": -666900000, "calculatedEbitda": 733500000}, {"date": "2014-12-31", "symbol": "FMC", "reportedCurrency": "USD", "cik": "0000037785", "fillingDate": "2015-02-27", "acceptedDate": "2015-02-27 12:33:13", "calendarYear": "2014", "period": "FY", "revenue": 3258700000, "costOfRevenue": 2047800000, "grossProfit": 1210900000, "grossProfitRatio": 0.3715898978, "researchAndDevelopmentExpenses": 126300000, "generalAndAdministrativeExpenses": 621200000, "sellingAndMarketingExpenses": -31400000, "sellingGeneralAndAdministrativeExpenses": 589800000, "otherExpenses": 4500000, "operatingExpenses": 716100000, "costAndExpenses": 2763900000, "interestIncome": 200000, "interestExpense": 51200000, "depreciationAndAmortization": 131200000, "ebitda": 495000000, "ebitdaratio": 0.1519010648, "operatingIncome": 440700000, "operatingIncomeRatio": 0.1352379783, "totalOtherIncomeExpensesNet": -79800000, "incomeBeforeTax": 363800000, "incomeBeforeTaxRatio": 0.1116396109, "incomeTaxExpense": 56200000, "netIncome": 307500000, "netIncomeRatio": 0.0943627827, "eps": 2.3, "epsdiluted": 2.29, "weightedAverageShsOut": 133300000, "weightedAverageShsOutDil": 134300000, "link": "https://www.sec.gov/Archives/edgar/data/37785/000003778515000008/0000037785-15-000008-index.htm", "finalLink": "https://www.sec.gov/Archives/edgar/data/37785/000003778515000008/fmc201410k.htm", "calculatedOtherExpenses": 54100000, "calculatedOperatingExpenses": 770200000, "calculatedNetInterest": -51000000, "calculatedOtherIncome": -25900000, "calculatedIncomeNonControlling": 100000, "calculatedEbitda": 571900000}, {"date": "2013-12-31", "symbol": "FMC", "reportedCurrency": "USD", "cik": "0000037785", "fillingDate": "2014-02-18", "acceptedDate": "2014-02-18 14:53:36", "calendarYear": "2013", "period": "FY", "revenue": 3874800000, "costOfRevenue": 2534400000, "grossProfit": 1340400000, "grossProfitRatio": 0.3459275317, "researchAndDevelopmentExpenses": 117700000, "generalAndAdministrativeExpenses": 515800000, "sellingAndMarketingExpenses": 0, "sellingGeneralAndAdministrativeExpenses": 515800000, "otherExpenses": -32100000, "operatingExpenses": 633500000, "costAndExpenses": 3167900000, "interestIncome": 200000, "interestExpense": 42200000, "depreciationAndAmortization": 127200000, "ebitda": 706000000, "ebitdaratio": 0.1822029524, "operatingIncome": 484900000, "operatingIncomeRatio": 0.1251419428, "totalOtherIncomeExpensesNet": -48800000, "incomeBeforeTax": 615900000, "incomeBeforeTaxRatio": 0.1589501394, "incomeTaxExpense": 148600000, "netIncome": 293900000, "netIncomeRatio": 0.0758490761, "eps": 2.16, "epsdiluted": 2.16, "weightedAverageShsOut": 135200000, "weightedAverageShsOutDil": 136100000, "link": "https://www.sec.gov/Archives/edgar/data/37785/000003778514000006/0000037785-14-000006-index.htm", "finalLink": "https://www.sec.gov/Archives/edgar/data/37785/000003778514000006/fmc201310k.htm", "calculatedOtherExpenses": 222000000, "calculatedOperatingExpenses": 855500000, "calculatedNetInterest": -42000000, "calculatedOtherIncome": 173000000, "calculatedIncomeNonControlling": 173400000, "calculatedEbitda": 612100000}, {"date": "2012-12-31", "symbol": "FMC", "reportedCurrency": "USD", "cik": "0000037785", "fillingDate": "2013-02-19", "acceptedDate": "2013-02-19 12:33:44", "calendarYear": "2012", "period": "FY", "revenue": 3748300000, "costOfRevenue": 2407100000, "grossProfit": 1341200000, "grossProfitRatio": 0.357815543, "researchAndDevelopmentExpenses": 117800000, "generalAndAdministrativeExpenses": 527100000, "sellingAndMarketingExpenses": 0, "sellingGeneralAndAdministrativeExpenses": 527100000, "otherExpenses": -4000000, "operatingExpenses": 644900000, "costAndExpenses": 3052000000, "interestIncome": 100000, "interestExpense": 45300000, "depreciationAndAmortization": 137800000, "ebitda": 696000000, "ebitdaratio": 0.1856841768, "operatingIncome": 608300000, "operatingIncomeRatio": 0.1622869034, "totalOtherIncomeExpensesNet": -38400000, "incomeBeforeTax": 612600000, "incomeBeforeTaxRatio": 0.1634340901, "incomeTaxExpense": 146700000, "netIncome": 416200000, "netIncomeRatio": 0.1110370034, "eps": 3.01, "epsdiluted": 3, "weightedAverageShsOut": 137700000, "weightedAverageShsOutDil": 138800000, "link": "https://www.sec.gov/Archives/edgar/data/37785/000003778513000008/0000037785-13-000008-index.htm", "finalLink": "https://www.sec.gov/Archives/edgar/data/37785/000003778513000008/fmc201210k.htm", "calculatedOtherExpenses": 88000000, "calculatedOperatingExpenses": 732900000, "calculatedNetInterest": -45200000, "calculatedOtherIncome": 49500000, "calculatedIncomeNonControlling": 49700000, "calculatedEbitda": 746100000}, {"date": "2011-12-31", "symbol": "FMC", "reportedCurrency": "USD", "cik": "0000037785", "fillingDate": "2012-02-21", "acceptedDate": "2012-02-21 08:23:32", "calendarYear": "2011", "period": "FY", "revenue": 3377900000, "costOfRevenue": 2210500000, "grossProfit": 1167400000, "grossProfitRatio": 0.3455993369, "researchAndDevelopmentExpenses": 105200000, "generalAndAdministrativeExpenses": 442500000, "sellingAndMarketingExpenses": 0, "sellingGeneralAndAdministrativeExpenses": 442500000, "otherExpenses": 32400000, "operatingExpenses": 547700000, "costAndExpenses": 2758200000, "interestIncome": 100000, "interestExpense": 39400000, "depreciationAndAmortization": 126600000, "ebitda": 622300000, "ebitdaratio": 0.1842268865, "operatingIncome": 541900000, "operatingIncomeRatio": 0.1604251162, "totalOtherIncomeExpensesNet": -29800000, "incomeBeforeTax": 550500000, "incomeBeforeTaxRatio": 0.1629710767, "incomeTaxExpense": 136500000, "netIncome": 365900000, "netIncomeRatio": 0.1083217384, "eps": 2.57, "epsdiluted": 2.55, "weightedAverageShsOut": 142000000, "weightedAverageShsOutDil": 143400000, "link": "https://www.sec.gov/Archives/edgar/data/37785/000003778512000004/0000037785-12-000004-index.htm", "finalLink": "https://www.sec.gov/Archives/edgar/data/37785/000003778512000004/fmc201110k.htm", "calculatedOtherExpenses": 77800000, "calculatedOperatingExpenses": 625500000, "calculatedNetInterest": -39300000, "calculatedOtherIncome": 47900000, "calculatedIncomeNonControlling": 48100000, "calculatedEbitda": 668500000}, {"date": "2010-12-31", "symbol": "FMC", "reportedCurrency": "USD", "cik": "0000037785", "fillingDate": "2011-02-22", "acceptedDate": "2011-02-22 08:57:34", "calendarYear": "2010", "period": "FY", "revenue": 3116300000, "costOfRevenue": 2065600000, "grossProfit": 1050700000, "grossProfitRatio": 0.3371626608, "researchAndDevelopmentExpenses": 100500000, "generalAndAdministrativeExpenses": 411200000, "sellingAndMarketingExpenses": 0, "sellingGeneralAndAdministrativeExpenses": 411200000, "otherExpenses": 0, "operatingExpenses": 511700000, "costAndExpenses": 2577300000, "interestIncome": 200000, "interestExpense": 39500000, "depreciationAndAmortization": 133600000, "ebitda": 690900000, "ebitdaratio": 0.2217052274, "operatingIncome": 344000000, "operatingIncomeRatio": 0.1103873183, "totalOtherIncomeExpensesNet": -149200000, "incomeBeforeTax": 350500000, "incomeBeforeTaxRatio": 0.1124731252, "incomeTaxExpense": 132000000, "netIncome": 172500000, "netIncomeRatio": 0.0553541058, "eps": 1.19, "epsdiluted": 1.18, "weightedAverageShsOut": 144400000, "weightedAverageShsOutDil": 146200000, "link": "https://www.sec.gov/Archives/edgar/data/37785/000119312511041464/0001193125-11-041464-index.htm", "finalLink": "https://www.sec.gov/Archives/edgar/data/37785/000119312511041464/d10k.htm", "calculatedOtherExpenses": 195000000, "calculatedOperatingExpenses": 706700000, "calculatedNetInterest": -39300000, "calculatedOtherIncome": 45800000, "calculatedIncomeNonControlling": 46000000, "calculatedEbitda": 477600000}, {"date": "2009-12-31", "symbol": "FMC", "reportedCurrency": "USD", "cik": "0000037785", "fillingDate": "2010-02-22", "acceptedDate": "2010-02-22 15:54:59", "calendarYear": "2009", "period": "FY", "revenue": 2826200000, "costOfRevenue": 1943600000, "grossProfit": 882600000, "grossProfitRatio": 0.3122921237, "researchAndDevelopmentExpenses": 92800000, "generalAndAdministrativeExpenses": 322300000, "sellingAndMarketingExpenses": 0, "sellingGeneralAndAdministrativeExpenses": 322300000, "otherExpenses": 0, "operatingExpenses": 415100000, "costAndExpenses": 2358700000, "interestIncome": 200000, "interestExpense": 27000000, "depreciationAndAmortization": 127200000, "ebitda": 469800000, "ebitdaratio": 0.1662302739, "operatingIncome": 308700000, "operatingIncomeRatio": 0.1092279386, "totalOtherIncomeExpensesNet": -130500000, "incomeBeforeTax": 310000000, "incomeBeforeTaxRatio": 0.1096879202, "incomeTaxExpense": 53000000, "netIncome": 228500000, "netIncomeRatio": 0.0808506121, "eps": 1.58, "epsdiluted": 1.56, "weightedAverageShsOut": 144400000, "weightedAverageShsOutDil": 146600000, "link": "https://www.sec.gov/Archives/edgar/data/37785/000119312510036348/0001193125-10-036348-index.htm", "finalLink": "https://www.sec.gov/Archives/edgar/data/37785/000119312510036348/d10k.htm", "calculatedOtherExpenses": 158800000, "calculatedOperatingExpenses": 573900000, "calculatedNetInterest": -26800000, "calculatedOtherIncome": 28100000, "calculatedIncomeNonControlling": 28500000, "calculatedEbitda": 435900000}, {"date": "2008-12-31", "symbol": "FMC", "reportedCurrency": "USD", "cik": "0000037785", "fillingDate": "2009-02-23", "acceptedDate": "2009-02-23 16:13:02", "calendarYear": "2008", "period": "FY", "revenue": 3115300000, "costOfRevenue": 2134400000, "grossProfit": 980900000, "grossProfitRatio": 0.314865342, "researchAndDevelopmentExpenses": 93800000, "generalAndAdministrativeExpenses": 336800000, "sellingAndMarketingExpenses": 0, "sellingGeneralAndAdministrativeExpenses": 336800000, "otherExpenses": 0, "operatingExpenses": 430600000, "costAndExpenses": 2565000000, "interestIncome": 1000000, "interestExpense": 31900000, "depreciationAndAmortization": 124200000, "ebitda": 660600000, "ebitdaratio": 0.2120502038, "operatingIncome": 462900000, "operatingIncomeRatio": 0.1485892209, "totalOtherIncomeExpensesNet": -52700000, "incomeBeforeTax": 454900000, "incomeBeforeTaxRatio": 0.14602125, "incomeTaxExpense": 125400000, "netIncome": 304600000, "netIncomeRatio": 0.0977754951, "eps": 2.07, "epsdiluted": 2.01, "weightedAverageShsOut": 147600000, "weightedAverageShsOutDil": 151600000, "link": "https://www.sec.gov/Archives/edgar/data/37785/000119312509035095/0001193125-09-035095-index.htm", "finalLink": "https://www.sec.gov/Archives/edgar/data/37785/000119312509035095/d10k.htm", "calculatedOtherExpenses": 87400000, "calculatedOperatingExpenses": 518000000, "calculatedNetInterest": -30900000, "calculatedOtherIncome": 22900000, "calculatedIncomeNonControlling": 24900000, "calculatedEbitda": 587100000}, {"date": "2007-12-31", "symbol": "FMC", "reportedCurrency": "USD", "cik": "0000037785", "fillingDate": "2008-02-25", "acceptedDate": "2008-02-25 10:10:18", "calendarYear": "2007", "period": "FY", "revenue": 2632900000, "costOfRevenue": 1830100000, "grossProfit": 802800000, "grossProfitRatio": 0.3049109347, "researchAndDevelopmentExpenses": 94600000, "generalAndAdministrativeExpenses": 315300000, "sellingAndMarketingExpenses": 0, "sellingGeneralAndAdministrativeExpenses": 315300000, "otherExpenses": 0, "operatingExpenses": 409900000, "costAndExpenses": 2240000000, "interestIncome": -2300000, "interestExpense": 228000000, "depreciationAndAmortization": 133700000, "ebitda": 691800000, "ebitdaratio": 0.2627520984, "operatingIncome": 161400000, "operatingIncomeRatio": 0.0613012268, "totalOtherIncomeExpensesNet": -162700000, "incomeBeforeTax": 185700000, "incomeBeforeTaxRatio": 0.0705305936, "incomeTaxExpense": 29000000, "netIncome": 132400000, "netIncomeRatio": 0.050286756, "eps": 0.88, "epsdiluted": 0.86, "weightedAverageShsOut": 150454545, "weightedAverageShsOutDil": 154853801, "link": "https://www.sec.gov/Archives/edgar/data/37785/000119312508036999/0001193125-08-036999-index.htm", "finalLink": "https://www.sec.gov/Archives/edgar/data/37785/000119312508036999/d10k.htm", "calculatedOtherExpenses": 231500000, "calculatedOperatingExpenses": 641400000, "calculatedNetInterest": -230300000, "calculatedOtherIncome": 254600000, "calculatedIncomeNonControlling": 24300000, "calculatedEbitda": 295100000}, {"date": "2006-12-31", "symbol": "FMC", "reportedCurrency": "USD", "cik": "0000037785", "fillingDate": "2007-02-26", "acceptedDate": "2007-02-26 15:20:32", "calendarYear": "2006", "period": "FY", "revenue": 2347000000, "costOfRevenue": 1636500000, "grossProfit": 710500000, "grossProfitRatio": 0.3027268854, "researchAndDevelopmentExpenses": 96900000, "generalAndAdministrativeExpenses": 284900000, "sellingAndMarketingExpenses": 0, "sellingGeneralAndAdministrativeExpenses": 284900000, "otherExpenses": 0, "operatingExpenses": 381800000, "costAndExpenses": 2018300000, "interestIncome": -9100000, "interestExpense": 251900000, "depreciationAndAmortization": 131800000, "ebitda": 537300000, "ebitdaratio": 0.2289305496, "operatingIncome": 200700000, "operatingIncomeRatio": 0.0855134214, "totalOtherIncomeExpensesNet": -74500000, "incomeBeforeTax": 213500000, "incomeBeforeTaxRatio": 0.0909671922, "incomeTaxExpense": 68700000, "netIncome": 132000000, "netIncomeRatio": 0.0562420111, "eps": 0.43, "epsdiluted": 0.42, "weightedAverageShsOut": 306560000, "weightedAverageShsOutDil": 316304000, "link": "https://www.sec.gov/Archives/edgar/data/37785/000119312507039630/0001193125-07-039630-index.htm", "finalLink": "https://www.sec.gov/Archives/edgar/data/37785/000119312507039630/d10k.htm", "calculatedOtherExpenses": 128000000, "calculatedOperatingExpenses": 509800000, "calculatedNetInterest": -261000000, "calculatedOtherIncome": 273800000, "calculatedIncomeNonControlling": 12800000, "calculatedEbitda": 332500000}, {"date": "2005-12-31", "symbol": "FMC", "reportedCurrency": "USD", "cik": "0000037785", "fillingDate": "2006-03-08", "acceptedDate": "2006-03-08 15:42:21", "calendarYear": "2005", "period": "FY", "revenue": 2150200000, "costOfRevenue": 1505500000, "grossProfit": 644700000, "grossProfitRatio": 0.2998325737, "researchAndDevelopmentExpenses": 94400000, "generalAndAdministrativeExpenses": 270400000, "sellingAndMarketingExpenses": 0, "sellingGeneralAndAdministrativeExpenses": 270400000, "otherExpenses": 0, "operatingExpenses": 364800000, "costAndExpenses": 1870300000, "interestIncome": -4200000, "interestExpense": 239500000, "depreciationAndAmortization": 136300000, "ebitda": 507800000, "ebitdaratio": 0.2361640778, "operatingIncome": 198900000, "operatingIncomeRatio": 0.092503023, "totalOtherIncomeExpensesNet": -21000000, "incomeBeforeTax": 193300000, "incomeBeforeTaxRatio": 0.0898986141, "incomeTaxExpense": 82300000, "netIncome": 116600000, "netIncomeRatio": 0.0542275137, "eps": 0.38, "epsdiluted": 0.36, "weightedAverageShsOut": 301192000, "weightedAverageShsOutDil": 313488000, "link": "https://www.sec.gov/Archives/edgar/data/37785/000119312506048313/0001193125-06-048313-index.htm", "finalLink": "https://www.sec.gov/Archives/edgar/data/37785/000119312506048313/d10k.htm", "calculatedOtherExpenses": 81000000, "calculatedOperatingExpenses": 445800000, "calculatedNetInterest": -243700000, "calculatedOtherIncome": 238100000, "calculatedIncomeNonControlling": -5600000, "calculatedEbitda": 335200000}, {"date": "2004-12-31", "symbol": "FMC", "reportedCurrency": "USD", "cik": "0000037785", "fillingDate": "2005-03-14", "acceptedDate": "2005-03-14 13:56:20", "calendarYear": "2004", "period": "FY", "revenue": 2051200000, "costOfRevenue": 1474200000, "grossProfit": 577000000, "grossProfitRatio": 0.281298752, "researchAndDevelopmentExpenses": 93400000, "generalAndAdministrativeExpenses": 254800000, "sellingAndMarketingExpenses": 0, "sellingGeneralAndAdministrativeExpenses": 254800000, "otherExpenses": 0, "operatingExpenses": 348200000, "costAndExpenses": 1822400000, "interestIncome": 2500000, "interestExpense": 225300000, "depreciationAndAmortization": 134300000, "ebitda": 376500000, "ebitdaratio": 0.183551092, "operatingIncome": 115700000, "operatingIncomeRatio": 0.0564060062, "totalOtherIncomeExpensesNet": -15500000, "incomeBeforeTax": 131100000, "incomeBeforeTaxRatio": 0.0639138066, "incomeTaxExpense": -44500000, "netIncome": 160200000, "netIncomeRatio": 0.078100624, "eps": 0.55, "epsdiluted": 0.54, "weightedAverageShsOut": 289920000, "weightedAverageShsOutDil": 298808000, "link": "https://www.sec.gov/Archives/edgar/data/37785/000119312505049229/0001193125-05-049229-index.htm", "finalLink": "https://www.sec.gov/Archives/edgar/data/37785/000119312505049229/d10k.htm", "calculatedOtherExpenses": 113100000, "calculatedOperatingExpenses": 461300000, "calculatedNetInterest": -222800000, "calculatedOtherIncome": 238200000, "calculatedIncomeNonControlling": 15400000, "calculatedEbitda": 250000000}, {"date": "2003-12-31", "symbol": "FMC", "reportedCurrency": "USD", "cik": "0000037785", "fillingDate": "2004-03-11", "acceptedDate": "2004-03-11 14:31:07", "calendarYear": "2003", "period": "FY", "revenue": 1921400000, "costOfRevenue": 1400500000, "grossProfit": 520900000, "grossProfitRatio": 0.271104403, "researchAndDevelopmentExpenses": 87400000, "generalAndAdministrativeExpenses": 236900000, "sellingAndMarketingExpenses": 0, "sellingGeneralAndAdministrativeExpenses": 236900000, "otherExpenses": 0, "operatingExpenses": 324300000, "costAndExpenses": 1724800000, "interestIncome": 3900000, "interestExpense": -13300000, "depreciationAndAmortization": 124600000, "ebitda": 316100000, "ebitdaratio": 0.1645154575, "operatingIncome": 24700000, "operatingIncomeRatio": 0.0128552097, "totalOtherIncomeExpensesNet": -63500000, "incomeBeforeTax": 38000000, "incomeBeforeTaxRatio": 0.0197772458, "incomeTaxExpense": -1800000, "netIncome": 26500000, "netIncomeRatio": 0.0137920266, "eps": 0.19, "epsdiluted": 0.19, "weightedAverageShsOut": 141333333, "weightedAverageShsOutDil": 141333333, "link": "https://www.sec.gov/Archives/edgar/data/37785/000119312504039049/0001193125-04-039049-index.htm", "finalLink": "https://www.sec.gov/Archives/edgar/data/37785/000119312504039049/d10k.htm", "calculatedOtherExpenses": 171900000, "calculatedOperatingExpenses": 496200000, "calculatedNetInterest": 17200000, "calculatedOtherIncome": -3900000, "calculatedIncomeNonControlling": 13300000, "calculatedEbitda": 149300000}, {"date": "2002-12-31", "symbol": "FMC", "reportedCurrency": "USD", "cik": "0000037785", "fillingDate": "2003-03-11", "acceptedDate": "2003-03-11 17:00:01", "calendarYear": "2002", "period": "FY", "revenue": 1852900000, "costOfRevenue": 1359900000, "grossProfit": 493000000, "grossProfitRatio": 0.2660694047, "researchAndDevelopmentExpenses": 82000000, "generalAndAdministrativeExpenses": 224100000, "sellingAndMarketingExpenses": 0, "sellingGeneralAndAdministrativeExpenses": 224100000, "otherExpenses": 30100000, "operatingExpenses": 306100000, "costAndExpenses": 1666000000, "interestIncome": 1400000, "interestExpense": 156800000, "depreciationAndAmortization": 118800000, "ebitda": 335800000, "ebitdaratio": 0.1812294241, "operatingIncome": 186900000, "operatingIncomeRatio": 0.1008689082, "totalOtherIncomeExpensesNet": -25400000, "incomeBeforeTax": 86500000, "incomeBeforeTaxRatio": 0.0466835771, "incomeTaxExpense": 17400000, "netIncome": 65800000, "netIncomeRatio": 0.0355119003, "eps": 0.49, "epsdiluted": 0.48, "weightedAverageShsOut": 134285714, "weightedAverageShsOutDil": 137083333, "link": "https://www.sec.gov/Archives/edgar/data/37785/000093176303000502/0000931763-03-000502-index.htm", "finalLink": "https://www.sec.gov/Archives/edgar/data/37785/000093176303000502/d10k.htm", "calculatedOtherExpenses": 0, "calculatedOperatingExpenses": 306100000, "calculatedNetInterest": -155400000, "calculatedOtherIncome": 55000000, "calculatedIncomeNonControlling": 3300000, "calculatedEbitda": 305700000}, {"date": "2001-12-31", "symbol": "FMC", "reportedCurrency": "USD", "cik": "0000037785", "fillingDate": "2002-03-11", "acceptedDate": "2002-03-11 00:00:00", "calendarYear": "2001", "period": "FY", "revenue": 1943000000, "costOfRevenue": 1408700000, "grossProfit": 534300000, "grossProfitRatio": 0.2749871333, "researchAndDevelopmentExpenses": 99800000, "generalAndAdministrativeExpenses": 566400000, "sellingAndMarketingExpenses": 0, "sellingGeneralAndAdministrativeExpenses": 566400000, "otherExpenses": 0, "operatingExpenses": 666200000, "costAndExpenses": 2074900000, "interestIncome": 0, "interestExpense": -31400000, "depreciationAndAmortization": 131600000, "ebitda": 280100000, "ebitdaratio": 0.1441585178, "operatingIncome": -504300000, "operatingIncomeRatio": -0.2595470921, "totalOtherIncomeExpensesNet": -280400000, "incomeBeforeTax": -472900000, "incomeBeforeTaxRatio": -0.2433865157, "incomeTaxExpense": -166600000, "netIncome": -337700000, "netIncomeRatio": -0.1738033968, "eps": -2.72, "epsdiluted": -2.72, "weightedAverageShsOut": 124383057, "weightedAverageShsOutDil": 124383057, "link": "https://www.sec.gov/Archives/edgar/data/37785/000093066102000678/0000930661-02-000678-index.htm", "finalLink": "https://www.sec.gov/Archives/edgar/data/37785/000093066102000678/d10k.txt", "calculatedOtherExpenses": 372400000, "calculatedOperatingExpenses": 1038600000, "calculatedNetInterest": 31400000, "calculatedOtherIncome": 0, "calculatedIncomeNonControlling": 31400000, "calculatedEbitda": -372700000}, {"date": "2000-12-31", "symbol": "FMC", "reportedCurrency": "USD", "cik": "0000037785", "fillingDate": "2001-03-29", "acceptedDate": "2001-03-29 00:00:00", "calendarYear": "2000", "period": "FY", "revenue": 3925500000, "costOfRevenue": 2683100000, "grossProfit": 1242400000, "grossProfitRatio": 0.316494714, "researchAndDevelopmentExpenses": 154500000, "generalAndAdministrativeExpenses": 522500000, "sellingAndMarketingExpenses": 0, "sellingGeneralAndAdministrativeExpenses": 522500000, "otherExpenses": 188900000, "operatingExpenses": 865900000, "costAndExpenses": 3549000000, "interestIncome": 0, "interestExpense": -66700000, "depreciationAndAmortization": 188900000, "ebitda": 622000000, "ebitdaratio": 0.1584511527, "operatingIncome": 155900000, "operatingIncomeRatio": 0.039714686, "totalOtherIncomeExpensesNet": -56600000, "incomeBeforeTax": 222600000, "incomeBeforeTaxRatio": 0.0567061521, "incomeTaxExpense": 45300000, "netIncome": 110600000, "netIncomeRatio": 0.0281747548, "eps": 0.91, "epsdiluted": 0.88, "weightedAverageShsOut": 121538462, "weightedAverageShsOutDil": 126400000, "link": "https://www.sec.gov/Archives/edgar/data/37785/000095013101500385/0000950131-01-500385-index.htm", "finalLink": "https://www.sec.gov/Archives/edgar/data/37785/000095013101500385/d10k405.txt", "calculatedOtherExpenses": 409500000, "calculatedOperatingExpenses": 1086500000, "calculatedNetInterest": 66700000, "calculatedOtherIncome": 0, "calculatedIncomeNonControlling": 66700000, "calculatedEbitda": 344800000}, {"date": "1999-12-31", "symbol": "FMC", "reportedCurrency": "USD", "cik": "0000037785", "fillingDate": "2000-03-30", "acceptedDate": "2000-03-30 00:00:00", "calendarYear": "1999", "period": "FY", "revenue": 4110600000, "costOfRevenue": 2827700000, "grossProfit": 1282900000, "grossProfitRatio": 0.3120955578, "researchAndDevelopmentExpenses": 152400000, "generalAndAdministrativeExpenses": 575400000, "sellingAndMarketingExpenses": 0, "sellingGeneralAndAdministrativeExpenses": 575400000, "otherExpenses": 180700000, "operatingExpenses": 908500000, "costAndExpenses": 3736200000, "interestIncome": 0, "interestExpense": 0, "depreciationAndAmortization": 180700000, "ebitda": 543400000, "ebitdaratio": 0.1321948134, "operatingIncome": 270900000, "operatingIncomeRatio": 0.0659027879, "totalOtherIncomeExpensesNet": 11700000, "incomeBeforeTax": 274300000, "incomeBeforeTaxRatio": 0.0667299178, "incomeTaxExpense": 58300000, "netIncome": 212600000, "netIncomeRatio": 0.0517199436, "eps": 0.84, "epsdiluted": 0.82, "weightedAverageShsOut": 252128000, "weightedAverageShsOutDil": 259016000, "link": "https://www.sec.gov/Archives/edgar/data/37785/000095013100002172/0000950131-00-002172-index.html", "finalLink": "https://www.sec.gov/Archives/edgar/data/37785/000095013100002172/", "calculatedOtherExpenses": 284200000, "calculatedOperatingExpenses": 1012000000, "calculatedNetInterest": 0, "calculatedOtherIncome": 3400000, "calculatedIncomeNonControlling": 3400000, "calculatedEbitda": 451600000}, {"date": "1998-12-31", "symbol": "FMC", "reportedCurrency": "USD", "cik": "0000037785", "fillingDate": "1999-03-25", "acceptedDate": "1999-03-25 00:00:00", "calendarYear": "1998", "period": "FY", "revenue": 4378400000, "costOfRevenue": 3037400000, "grossProfit": 1341000000, "grossProfitRatio": 0.3062762653, "researchAndDevelopmentExpenses": 157700000, "generalAndAdministrativeExpenses": 612700000, "sellingAndMarketingExpenses": 0, "sellingGeneralAndAdministrativeExpenses": 612700000, "otherExpenses": 206600000, "operatingExpenses": 977000000, "costAndExpenses": 4014400000, "interestIncome": 0, "interestExpense": -78800000, "depreciationAndAmortization": 206600000, "ebitda": 558600000, "ebitdaratio": 0.1275808515, "operatingIncome": 170700000, "operatingIncomeRatio": 0.0389868445, "totalOtherIncomeExpensesNet": 12000000, "incomeBeforeTax": 249500000, "incomeBeforeTaxRatio": 0.0569842865, "incomeTaxExpense": 64200000, "netIncome": 106500000, "netIncomeRatio": 0.024323954, "eps": 0.39, "epsdiluted": 0.38, "weightedAverageShsOut": 272056000, "weightedAverageShsOutDil": 279512000, "link": "https://www.sec.gov/Archives/edgar/data/37785/000095013199001733/0000950131-99-001733-index.html", "finalLink": "https://www.sec.gov/Archives/edgar/data/37785/", "calculatedOtherExpenses": 399900000, "calculatedOperatingExpenses": 1170300000, "calculatedNetInterest": 78800000, "calculatedOtherIncome": 0, "calculatedIncomeNonControlling": 78800000, "calculatedEbitda": 377300000}, {"date": "1997-12-31", "symbol": "FMC", "reportedCurrency": "USD", "cik": "0000037785", "fillingDate": "1998-03-18", "acceptedDate": "1998-03-18 00:00:00", "calendarYear": "1997", "period": "FY", "revenue": 4312600000, "costOfRevenue": 2952000000, "grossProfit": 1360600000, "grossProfitRatio": 0.3154941335, "researchAndDevelopmentExpenses": 174000000, "generalAndAdministrativeExpenses": 625300000, "sellingAndMarketingExpenses": 0, "sellingGeneralAndAdministrativeExpenses": 625300000, "otherExpenses": 238400000, "operatingExpenses": 1037700000, "costAndExpenses": 3989700000, "interestIncome": 0, "interestExpense": 186900000, "depreciationAndAmortization": 238400000, "ebitda": 816700000, "ebitdaratio": 0.1893753188, "operatingIncome": 127200000, "operatingIncomeRatio": 0.0294949682, "totalOtherIncomeExpensesNet": -255400000, "incomeBeforeTax": -59700000, "incomeBeforeTaxRatio": -0.0138431573, "incomeTaxExpense": -35200000, "netIncome": 162400000, "netIncomeRatio": 0.0376570978, "eps": 0.55, "epsdiluted": 0.55, "weightedAverageShsOut": 139696000, "weightedAverageShsOutDil": 139696000, "link": "https://www.sec.gov/Archives/edgar/data/37785/000095013198001790/0000950131-98-001790-index.html", "finalLink": "https://www.sec.gov/Archives/edgar/data/37785/", "calculatedOtherExpenses": 434100000, "calculatedOperatingExpenses": 1233400000, "calculatedNetInterest": -186900000, "calculatedOtherIncome": 0, "calculatedIncomeNonControlling": -186900000, "calculatedEbitda": 365600000}, {"date": "1996-12-31", "symbol": "FMC", "reportedCurrency": "USD", "cik": "0000037785", "fillingDate": "1997-03-26", "acceptedDate": "1997-03-26 00:00:00", "calendarYear": "1996", "period": "FY", "revenue": 5080600000, "costOfRevenue": 3471800000, "grossProfit": 1608800000, "grossProfitRatio": 0.3166555131, "researchAndDevelopmentExpenses": 189400000, "generalAndAdministrativeExpenses": 692700000, "sellingAndMarketingExpenses": 0, "sellingGeneralAndAdministrativeExpenses": 692700000, "otherExpenses": 254200000, "operatingExpenses": 1136300000, "costAndExpenses": 4608100000, "interestIncome": 0, "interestExpense": 0, "depreciationAndAmortization": 254200000, "ebitda": 716600000, "ebitdaratio": 0.1410463331, "operatingIncome": 315200000, "operatingIncomeRatio": 0.0620399165, "totalOtherIncomeExpensesNet": 10100000, "incomeBeforeTax": 322600000, "incomeBeforeTaxRatio": 0.0634964374, "incomeTaxExpense": 104500000, "netIncome": 210700000, "netIncomeRatio": 0.0414714797, "eps": 0.71, "epsdiluted": 0.69, "weightedAverageShsOut": 148720000, "weightedAverageShsOutDil": 148720000, "link": "https://www.sec.gov/Archives/edgar/data/37785/000095013197002068/0000950131-97-002068-index.html", "finalLink": "https://www.sec.gov/Archives/edgar/data/37785/", "calculatedOtherExpenses": 411500000, "calculatedOperatingExpenses": 1293600000, "calculatedNetInterest": 0, "calculatedOtherIncome": 7400000, "calculatedIncomeNonControlling": 7400000, "calculatedEbitda": 569400000}, {"date": "1995-12-31", "symbol": "FMC", "reportedCurrency": "USD", "cik": "0000037785", "fillingDate": "1996-03-15", "acceptedDate": "1996-03-15 00:00:00", "calendarYear": "1995", "period": "FY", "revenue": 4509800000, "costOfRevenue": 3083200000, "grossProfit": 1426600000, "grossProfitRatio": 0.3163333186, "researchAndDevelopmentExpenses": 0, "generalAndAdministrativeExpenses": 817800000, "sellingAndMarketingExpenses": 0, "sellingGeneralAndAdministrativeExpenses": 817800000, "otherExpenses": 248900000, "operatingExpenses": 1066700000, "costAndExpenses": 4149900000, "interestIncome": 0, "interestExpense": 0, "depreciationAndAmortization": 248900000, "ebitda": 575400000, "ebitdaratio": 0.1275888066, "operatingIncome": 246900000, "operatingIncomeRatio": 0.0547474389, "totalOtherIncomeExpensesNet": 33400000, "incomeBeforeTax": 246900000, "incomeBeforeTaxRatio": 0.0547474389, "incomeTaxExpense": 31300000, "netIncome": 215600000, "netIncomeRatio": 0.0478069981, "eps": 0.74, "epsdiluted": 0.72, "weightedAverageShsOut": 147365640, "weightedAverageShsOutDil": 147365640, "link": "https://www.sec.gov/Archives/edgar/data/37785/000095013196001103/0000950131-96-001103-index.html", "finalLink": "https://www.sec.gov/Archives/edgar/data/37785/", "calculatedOtherExpenses": 361900000, "calculatedOperatingExpenses": 1179700000, "calculatedNetInterest": 0, "calculatedOtherIncome": 0, "calculatedIncomeNonControlling": 0, "calculatedEbitda": 495800000}, {"date": "1994-12-31", "symbol": "FMC", "reportedCurrency": "USD", "cik": "0000037785", "fillingDate": "1995-03-29", "acceptedDate": "1995-03-29 00:00:00", "calendarYear": "1994", "period": "FY", "revenue": 4010800000, "costOfRevenue": 2712600000, "grossProfit": 1298200000, "grossProfitRatio": 0.3236760746, "researchAndDevelopmentExpenses": 166800000, "generalAndAdministrativeExpenses": 587700000, "sellingAndMarketingExpenses": 0, "sellingGeneralAndAdministrativeExpenses": 587700000, "otherExpenses": 229000000, "operatingExpenses": 983500000, "costAndExpenses": 3696100000, "interestIncome": 0, "interestExpense": 0, "depreciationAndAmortization": 229000000, "ebitda": 476700000, "ebitdaratio": 0.1188540939, "operatingIncome": 252300000, "operatingIncomeRatio": 0.0629051561, "totalOtherIncomeExpensesNet": 67000000, "incomeBeforeTax": 252300000, "incomeBeforeTaxRatio": 0.0629051561, "incomeTaxExpense": 78900000, "netIncome": 173400000, "netIncomeRatio": 0.0432332702, "eps": 1.17, "epsdiluted": 1.16, "weightedAverageShsOut": 148841202, "weightedAverageShsOutDil": 149161290, "link": "https://www.sec.gov/Archives/edgar/data/37785/000095013195000767/0000950131-95-000767-index.html", "finalLink": "https://www.sec.gov/Archives/edgar/data/37785/", "calculatedOtherExpenses": 291400000, "calculatedOperatingExpenses": 1045900000, "calculatedNetInterest": 0, "calculatedOtherIncome": 0, "calculatedIncomeNonControlling": 0, "calculatedEbitda": 481300000}, {"date": "1993-12-31", "symbol": "FMC", "reportedCurrency": "USD", "cik": "0000037785", "fillingDate": "1994-03-31", "acceptedDate": "1994-03-31 00:00:00", "calendarYear": "1993", "period": "FY", "revenue": 3753900000, "costOfRevenue": 2608700000, "grossProfit": 1145200000, "grossProfitRatio": 0.3050693945, "researchAndDevelopmentExpenses": 0, "generalAndAdministrativeExpenses": 0, "sellingAndMarketingExpenses": 0, "sellingGeneralAndAdministrativeExpenses": 861000000, "otherExpenses": 226600000, "operatingExpenses": 1087600000, "costAndExpenses": 3696300000, "interestIncome": 0, "interestExpense": 0, "depreciationAndAmortization": 226600000, "ebitda": 228000000, "ebitdaratio": 0.0607368337, "operatingIncome": 33100000, "operatingIncomeRatio": 0.0088174965, "totalOtherIncomeExpensesNet": 56200000, "incomeBeforeTax": 37800000, "incomeBeforeTaxRatio": 0.0100695277, "incomeTaxExpense": -3200000, "netIncome": 36300000, "netIncomeRatio": 0.0096699433, "eps": 0.13, "epsdiluted": 0.13, "weightedAverageShsOut": 144724000, "weightedAverageShsOutDil": 144724000, "link": "https://www.sec.gov/Archives/edgar/data/37785/000003778594000004/0000037785-94-000004-index.html", "finalLink": "https://www.sec.gov/Archives/edgar/data/37785/", "calculatedOtherExpenses": 251100000, "calculatedOperatingExpenses": 1112100000, "calculatedNetInterest": 0, "calculatedOtherIncome": 4700000, "calculatedIncomeNonControlling": 4700000, "calculatedEbitda": 259700000}, {"date": "1992-12-31", "symbol": "FMC", "reportedCurrency": "USD", "cik": "0000037785", "fillingDate": "1992-12-31", "acceptedDate": "1992-12-31 00:00:00", "calendarYear": "1992", "period": "FY", "revenue": 3973700000, "costOfRevenue": 2754800000, "grossProfit": 1218900000, "grossProfitRatio": 0.3067418275, "researchAndDevelopmentExpenses": 0, "generalAndAdministrativeExpenses": 0, "sellingAndMarketingExpenses": 0, "sellingGeneralAndAdministrativeExpenses": 678900000, "otherExpenses": 233100000, "operatingExpenses": 912000000, "costAndExpenses": 3666800000, "interestIncome": 0, "interestExpense": -268300000, "depreciationAndAmortization": 233100000, "ebitda": 468600000, "ebitdaratio": 0.1179253592, "operatingIncome": 11300000, "operatingIncomeRatio": 0.0028436973, "totalOtherIncomeExpensesNet": 71400000, "incomeBeforeTax": 279600000, "incomeBeforeTaxRatio": 0.0703626343, "incomeTaxExpense": 87000000, "netIncome": -75700000, "netIncomeRatio": -0.0190502554, "eps": -0.53, "epsdiluted": -0.53, "weightedAverageShsOut": 143492000, "weightedAverageShsOutDil": 143492000, "link": null, "finalLink": null, "calculatedOtherExpenses": 528700000, "calculatedOperatingExpenses": 1207600000, "calculatedNetInterest": 268300000, "calculatedOtherIncome": 0, "calculatedIncomeNonControlling": 268300000, "calculatedEbitda": 244400000}, {"date": "1991-12-31", "symbol": "FMC", "reportedCurrency": "USD", "cik": "0000037785", "fillingDate": "1991-12-31", "acceptedDate": "1991-12-31 00:00:00", "calendarYear": "1991", "period": "FY", "revenue": 3899400000, "costOfRevenue": 2718800000, "grossProfit": 1180600000, "grossProfitRatio": 0.3027645279, "researchAndDevelopmentExpenses": 0, "generalAndAdministrativeExpenses": 0, "sellingAndMarketingExpenses": 0, "sellingGeneralAndAdministrativeExpenses": 631000000, "otherExpenses": 224900000, "operatingExpenses": 855900000, "costAndExpenses": 3574700000, "interestIncome": 0, "interestExpense": 0, "depreciationAndAmortization": 224900000, "ebitda": 490600000, "ebitdaratio": 0.1258142278, "operatingIncome": 255900000, "operatingIncomeRatio": 0.0656254808, "totalOtherIncomeExpensesNet": 59000000, "incomeBeforeTax": 255900000, "incomeBeforeTaxRatio": 0.0656254808, "incomeTaxExpense": 82800000, "netIncome": 173100000, "netIncomeRatio": 0.0443914448, "eps": 0.62, "epsdiluted": 0.6, "weightedAverageShsOut": 141080000, "weightedAverageShsOutDil": 141080000, "link": null, "finalLink": null, "calculatedOtherExpenses": 293700000, "calculatedOperatingExpenses": 924700000, "calculatedNetInterest": 0, "calculatedOtherIncome": 0, "calculatedIncomeNonControlling": 0, "calculatedEbitda": 480800000}, {"date": "1990-12-31", "symbol": "FMC", "reportedCurrency": "USD", "cik": "0000037785", "fillingDate": "1990-12-31", "acceptedDate": "1990-12-31 00:00:00", "calendarYear": "1990", "period": "FY", "revenue": 3722200000, "costOfRevenue": 2560000000, "grossProfit": 1162200000, "grossProfitRatio": 0.3122346999, "researchAndDevelopmentExpenses": 0, "generalAndAdministrativeExpenses": 0, "sellingAndMarketingExpenses": 0, "sellingGeneralAndAdministrativeExpenses": 643800000, "otherExpenses": 211200000, "operatingExpenses": 855000000, "costAndExpenses": 3415000000, "interestIncome": 0, "interestExpense": 0, "depreciationAndAmortization": 211200000, "ebitda": 455600000, "ebitdaratio": 0.1224007308, "operatingIncome": 211400000, "operatingIncomeRatio": 0.0567943689, "totalOtherIncomeExpensesNet": 62800000, "incomeBeforeTax": 211400000, "incomeBeforeTaxRatio": 0.0567943689, "incomeTaxExpense": 56100000, "netIncome": 155300000, "netIncomeRatio": 0.0417226372, "eps": 0.56, "epsdiluted": 0.54, "weightedAverageShsOut": 139052000, "weightedAverageShsOutDil": 139052000, "link": null, "finalLink": null, "calculatedOtherExpenses": 307000000, "calculatedOperatingExpenses": 950800000, "calculatedNetInterest": 0, "calculatedOtherIncome": 0, "calculatedIncomeNonControlling": 0, "calculatedEbitda": 422600000}, {"date": "1989-12-31", "symbol": "FMC", "reportedCurrency": "USD", "cik": "0000037785", "fillingDate": "1989-12-31", "acceptedDate": "1989-12-31 00:00:00", "calendarYear": "1989", "period": "FY", "revenue": 3414500000, "costOfRevenue": 2319700000, "grossProfit": 1094800000, "grossProfitRatio": 0.3206325963, "researchAndDevelopmentExpenses": 0, "generalAndAdministrativeExpenses": 0, "sellingAndMarketingExpenses": 0, "sellingGeneralAndAdministrativeExpenses": 596000000, "otherExpenses": 197800000, "operatingExpenses": 793800000, "costAndExpenses": 3113500000, "interestIncome": 0, "interestExpense": 0, "depreciationAndAmortization": 197800000, "ebitda": 412600000, "ebitdaratio": 0.1208376043, "operatingIncome": 218300000, "operatingIncomeRatio": 0.0639332259, "totalOtherIncomeExpensesNet": 86200000, "incomeBeforeTax": 218300000, "incomeBeforeTaxRatio": 0.0639332259, "incomeTaxExpense": 61600000, "netIncome": 156700000, "netIncomeRatio": 0.0458925172, "eps": 0.57, "epsdiluted": 0.54, "weightedAverageShsOut": 137996000, "weightedAverageShsOutDil": 137996000, "link": null, "finalLink": null, "calculatedOtherExpenses": 280500000, "calculatedOperatingExpenses": 876500000, "calculatedNetInterest": 0, "calculatedOtherIncome": 0, "calculatedIncomeNonControlling": 0, "calculatedEbitda": 416100000}, {"date": "1988-12-31", "symbol": "FMC", "reportedCurrency": "USD", "cik": "0000037785", "fillingDate": "1988-12-31", "acceptedDate": "1988-12-31 00:00:00", "calendarYear": "1988", "period": "FY", "revenue": 3286900000, "costOfRevenue": 2234200000, "grossProfit": 1052700000, "grossProfitRatio": 0.3202713803, "researchAndDevelopmentExpenses": 0, "generalAndAdministrativeExpenses": 0, "sellingAndMarketingExpenses": 0, "sellingGeneralAndAdministrativeExpenses": 572300000, "otherExpenses": 199300000, "operatingExpenses": 771600000, "costAndExpenses": 3005800000, "interestIncome": 0, "interestExpense": 0, "depreciationAndAmortization": 199300000, "ebitda": 374900000, "ebitdaratio": 0.1140588396, "operatingIncome": 189500000, "operatingIncomeRatio": 0.0576531078, "totalOtherIncomeExpensesNet": 105500000, "incomeBeforeTax": 189500000, "incomeBeforeTaxRatio": 0.0576531078, "incomeTaxExpense": 60300000, "netIncome": 129200000, "netIncomeRatio": 0.0393075542, "eps": 0.47, "epsdiluted": 0.45, "weightedAverageShsOut": 137020000, "weightedAverageShsOutDil": 137020000, "link": null, "finalLink": null, "calculatedOtherExpenses": 290900000, "calculatedOperatingExpenses": 863200000, "calculatedNetInterest": 0, "calculatedOtherIncome": 0, "calculatedIncomeNonControlling": 0, "calculatedEbitda": 388800000}, {"date": "1987-12-31", "symbol": "FMC", "reportedCurrency": "USD", "cik": "0000037785", "fillingDate": "1987-12-31", "acceptedDate": "1987-12-31 00:00:00", "calendarYear": "1987", "period": "FY", "revenue": 3139100000, "costOfRevenue": 2144000000, "grossProfit": 995100000, "grossProfitRatio": 0.3170016884, "researchAndDevelopmentExpenses": 0, "generalAndAdministrativeExpenses": 0, "sellingAndMarketingExpenses": 0, "sellingGeneralAndAdministrativeExpenses": 525700000, "otherExpenses": 200500000, "operatingExpenses": 726200000, "costAndExpenses": 2870200000, "interestIncome": 0, "interestExpense": 0, "depreciationAndAmortization": 200500000, "ebitda": 313400000, "ebitdaratio": 0.0998375331, "operatingIncome": 201400000, "operatingIncomeRatio": 0.0641585168, "totalOtherIncomeExpensesNet": 156000000, "incomeBeforeTax": 201400000, "incomeBeforeTaxRatio": 0.0641585168, "incomeTaxExpense": 10200000, "netIncome": 191200000, "netIncomeRatio": 0.0609091778, "eps": 0.57, "epsdiluted": 0.56, "weightedAverageShsOut": 180696000, "weightedAverageShsOutDil": 180696000, "link": null, "finalLink": null, "calculatedOtherExpenses": 268000000, "calculatedOperatingExpenses": 793700000, "calculatedNetInterest": 0, "calculatedOtherIncome": 0, "calculatedIncomeNonControlling": 0, "calculatedEbitda": 401900000}, {"date": "1986-12-31", "symbol": "FMC", "reportedCurrency": "USD", "cik": "0000037785", "fillingDate": "1986-12-31", "acceptedDate": "1986-12-31 00:00:00", "calendarYear": "1986", "period": "FY", "revenue": 3002700000, "costOfRevenue": 2045000000, "grossProfit": 957700000, "grossProfitRatio": 0.3189462817, "researchAndDevelopmentExpenses": 0, "generalAndAdministrativeExpenses": 0, "sellingAndMarketingExpenses": 0, "sellingGeneralAndAdministrativeExpenses": 516800000, "otherExpenses": 192100000, "operatingExpenses": 708900000, "costAndExpenses": 2753900000, "interestIncome": 0, "interestExpense": 0, "depreciationAndAmortization": 192100000, "ebitda": 336100000, "ebitdaratio": 0.111932594, "operatingIncome": 192600000, "operatingIncomeRatio": 0.064142272, "totalOtherIncomeExpensesNet": 104800000, "incomeBeforeTax": 192600000, "incomeBeforeTaxRatio": 0.064142272, "incomeTaxExpense": 40100000, "netIncome": 152500000, "netIncomeRatio": 0.0507876245, "eps": 0.21, "epsdiluted": 0.2, "weightedAverageShsOut": 180144000, "weightedAverageShsOutDil": 180144000, "link": null, "finalLink": null, "calculatedOtherExpenses": 248300000, "calculatedOperatingExpenses": 765100000, "calculatedNetInterest": 0, "calculatedOtherIncome": 0, "calculatedIncomeNonControlling": 0, "calculatedEbitda": 384700000}]}