{"originalCurrency": "MXN", "convertedCurrency": "MXN", "report": [{"date": "2023-12-31", "symbol": "FMX", "reportedCurrency": "MXN", "cik": "0001061736", "fillingDate": "2024-04-23", "acceptedDate": "2024-04-23 17:17:44", "calendarYear": "2023", "period": "FY", "revenue": 702692000000, "costOfRevenue": 425251000000, "grossProfit": 277441000000, "grossProfitRatio": 0.3948258981, "researchAndDevelopmentExpenses": 0, "generalAndAdministrativeExpenses": 32307000000, "sellingAndMarketingExpenses": 188732000000, "sellingGeneralAndAdministrativeExpenses": 218973000000, "otherExpenses": -998000000, "operatingExpenses": 219971000000, "costAndExpenses": 645222000000, "interestIncome": 17609000000, "interestExpense": 17192000000, "depreciationAndAmortization": 34017000000, "ebitda": 91487000000, "ebitdaratio": 0.1301950214, "operatingIncome": 57470000000, "operatingIncomeRatio": 0.0817854764, "totalOtherIncomeExpensesNet": 346000000, "incomeBeforeTax": 57816000000, "incomeBeforeTaxRatio": 0.0822778685, "incomeTaxExpense": 12971000000, "netIncome": 65689000000, "netIncomeRatio": 0.0934819238, "eps": 18.36, "epsdiluted": 18.36, "weightedAverageShsOut": 3578226270, "weightedAverageShsOutDil": 3578226270, "link": "https://www.sec.gov/Archives/edgar/data/1061736/000162828024017454/0001628280-24-017454-index.htm", "finalLink": "https://www.sec.gov/Archives/edgar/data/1061736/000162828024017454/fmx-20231231.htm", "calculatedOtherExpenses": 998000000, "calculatedOperatingExpenses": 219971000000, "calculatedNetInterest": 417000000, "calculatedOtherIncome": -71000000, "calculatedIncomeNonControlling": -20844000000, "calculatedEbitda": 91487000000}, {"date": "2022-12-31", "symbol": "FMX", "reportedCurrency": "MXN", "cik": "0001061736", "fillingDate": "2023-04-24", "acceptedDate": "2023-04-21 21:33:49", "calendarYear": "2022", "period": "FY", "revenue": 673202000000, "costOfRevenue": 421534000000, "grossProfit": 251668000000, "grossProfitRatio": 0.3738372732, "researchAndDevelopmentExpenses": 0, "generalAndAdministrativeExpenses": 34486000000, "sellingAndMarketingExpenses": 157340000000, "sellingGeneralAndAdministrativeExpenses": 191826000000, "otherExpenses": 426000000, "operatingExpenses": 192252000000, "costAndExpenses": 613786000000, "interestIncome": 3842000000, "interestExpense": 16314000000, "depreciationAndAmortization": 30527000000, "ebitda": 61915000000, "ebitdaratio": 0.0919709092, "operatingIncome": 31388000000, "operatingIncomeRatio": 0.0466249358, "totalOtherIncomeExpensesNet": 10484000000, "incomeBeforeTax": 41872000000, "incomeBeforeTaxRatio": 0.0621982704, "incomeTaxExpense": 13547000000, "netIncome": 23909000000, "netIncomeRatio": 0.0355153431, "eps": 6.68, "epsdiluted": 6.68, "weightedAverageShsOut": 3578226270, "weightedAverageShsOutDil": 3578226270, "link": "https://www.sec.gov/Archives/edgar/data/1061736/000162828023012491/0001628280-23-012491-index.htm", "finalLink": "https://www.sec.gov/Archives/edgar/data/1061736/000162828023012491/fmx-20221231.htm", "calculatedOtherExpenses": 28454000000, "calculatedOperatingExpenses": 220280000000, "calculatedNetInterest": -12472000000, "calculatedOtherIncome": 22956000000, "calculatedIncomeNonControlling": 4416000000, "calculatedEbitda": 61915000000}, {"date": "2021-12-31", "symbol": "FMX", "reportedCurrency": "MXN", "cik": "0001061736", "fillingDate": "2022-04-14", "acceptedDate": "2022-04-14 14:19:02", "calendarYear": "2021", "period": "FY", "revenue": 556261000000, "costOfRevenue": 342548000000, "grossProfit": 213713000000, "grossProfitRatio": 0.3841955485, "researchAndDevelopmentExpenses": 0, "generalAndAdministrativeExpenses": 27219000000, "sellingAndMarketingExpenses": 134079000000, "sellingGeneralAndAdministrativeExpenses": 161298000000, "otherExpenses": 422000000, "operatingExpenses": 161720000000, "costAndExpenses": 504268000000, "interestIncome": 1464000000, "interestExpense": 16938000000, "depreciationAndAmortization": 27987000000, "ebitda": 56900000000, "ebitdaratio": 0.102290112, "operatingIncome": 28913000000, "operatingIncomeRatio": 0.0519773991, "totalOtherIncomeExpensesNet": 12363000000, "incomeBeforeTax": 41276000000, "incomeBeforeTaxRatio": 0.0742025776, "incomeTaxExpense": 14278000000, "netIncome": 28495000000, "netIncomeRatio": 0.0512259533, "eps": 7.96, "epsdiluted": 7.96, "weightedAverageShsOut": 3578226270, "weightedAverageShsOutDil": 3578226270, "link": "https://www.sec.gov/Archives/edgar/data/1061736/000155837022005450/0001558370-22-005450-index.htm", "finalLink": "https://www.sec.gov/Archives/edgar/data/1061736/000155837022005450/tmb-20211231x20f.htm", "calculatedOtherExpenses": 23502000000, "calculatedOperatingExpenses": 184800000000, "calculatedNetInterest": -15474000000, "calculatedOtherIncome": 27837000000, "calculatedIncomeNonControlling": -1497000000, "calculatedEbitda": 56900000000}, {"date": "2020-12-31", "symbol": "FMX", "reportedCurrency": "MXN", "cik": "0001061736", "fillingDate": "2021-04-14", "acceptedDate": "2021-04-14 17:25:49", "calendarYear": "2020", "period": "FY", "revenue": 492966000000, "costOfRevenue": 303313000000, "grossProfit": 189653000000, "grossProfitRatio": 0.3847182159, "researchAndDevelopmentExpenses": 0, "generalAndAdministrativeExpenses": 22988000000, "sellingAndMarketingExpenses": 123405000000, "sellingGeneralAndAdministrativeExpenses": 146393000000, "otherExpenses": 1757000000, "operatingExpenses": 148150000000, "costAndExpenses": 451463000000, "interestIncome": 2100000000, "interestExpense": 17516000000, "depreciationAndAmortization": 28049000000, "ebitda": 36067000000, "ebitdaratio": 0.0731632608, "operatingIncome": 8018000000, "operatingIncomeRatio": 0.0162648134, "totalOtherIncomeExpensesNet": 10918000000, "incomeBeforeTax": 18936000000, "incomeBeforeTaxRatio": 0.0384123854, "incomeTaxExpense": 14819000000, "netIncome": 4117000000, "netIncomeRatio": 0.0083514887, "eps": 1.15, "epsdiluted": 1.15, "weightedAverageShsOut": 3578226270, "weightedAverageShsOutDil": 3578226270, "link": "https://www.sec.gov/Archives/edgar/data/1061736/000155837021004287/0001558370-21-004287-index.htm", "finalLink": "https://www.sec.gov/Archives/edgar/data/1061736/000155837021004287/fmx-20201231x20f.htm", "calculatedOtherExpenses": 35242000000, "calculatedOperatingExpenses": 181635000000, "calculatedNetInterest": -15416000000, "calculatedOtherIncome": 26334000000, "calculatedIncomeNonControlling": 0, "calculatedEbitda": 36067000000}, {"date": "2019-12-31", "symbol": "FMX", "reportedCurrency": "MXN", "cik": "0001061736", "fillingDate": "2020-04-28", "acceptedDate": "2020-04-28 16:59:52", "calendarYear": "2019", "period": "FY", "revenue": 506711000000, "costOfRevenue": 315230000000, "grossProfit": 191481000000, "grossProfitRatio": 0.3778899609, "researchAndDevelopmentExpenses": 0, "generalAndAdministrativeExpenses": 19930000000, "sellingAndMarketingExpenses": 121871000000, "sellingGeneralAndAdministrativeExpenses": 141801000000, "otherExpenses": 2528000000, "operatingExpenses": 144329000000, "costAndExpenses": 459559000000, "interestIncome": 3168000000, "interestExpense": 14133000000, "depreciationAndAmortization": 25810000000, "ebitda": 48687000000, "ebitdaratio": 0.0960843558, "operatingIncome": 22877000000, "operatingIncomeRatio": 0.0451480232, "totalOtherIncomeExpensesNet": 9210000000, "incomeBeforeTax": 32087000000, "incomeBeforeTaxRatio": 0.0633240644, "incomeTaxExpense": 10476000000, "netIncome": 20699000000, "netIncomeRatio": 0.0408497151, "eps": 5.78, "epsdiluted": 5.78, "weightedAverageShsOut": 3578226270, "weightedAverageShsOutDil": 3578226270, "link": "https://www.sec.gov/Archives/edgar/data/1061736/000119312520123260/0001193125-20-123260-index.htm", "finalLink": "https://www.sec.gov/Archives/edgar/data/1061736/000119312520123260/d869153d20f.htm", "calculatedOtherExpenses": 26803000000, "calculatedOperatingExpenses": 168604000000, "calculatedNetInterest": -10965000000, "calculatedOtherIncome": 20175000000, "calculatedIncomeNonControlling": 912000000, "calculatedEbitda": 48687000000}, {"date": "2018-12-31", "symbol": "FMX", "reportedCurrency": "MXN", "cik": "0001061736", "fillingDate": "2019-04-24", "acceptedDate": "2019-04-24 17:06:17", "calendarYear": "2018", "period": "FY", "revenue": 469744000000, "costOfRevenue": 294574000000, "grossProfit": 175170000000, "grossProfitRatio": 0.372905242, "researchAndDevelopmentExpenses": 0, "generalAndAdministrativeExpenses": 17462000000, "sellingAndMarketingExpenses": 114573000000, "sellingGeneralAndAdministrativeExpenses": 132035000000, "otherExpenses": -13000000, "operatingExpenses": 132022000000, "costAndExpenses": 426596000000, "interestIncome": 2832000000, "interestExpense": 9404000000, "depreciationAndAmortization": 17237000000, "ebitda": 60801000000, "ebitdaratio": 0.1294343302, "operatingIncome": 44193000000, "operatingIncomeRatio": 0.0940789026, "totalOtherIncomeExpensesNet": -10562000000, "incomeBeforeTax": 33631000000, "incomeBeforeTaxRatio": 0.0715943152, "incomeTaxExpense": 10169000000, "netIncome": 22891000000, "netIncomeRatio": 0.0487307981, "eps": 6.4, "epsdiluted": 6.4, "weightedAverageShsOut": 3578226270, "weightedAverageShsOutDil": 3578226270, "link": "https://www.sec.gov/Archives/edgar/data/1061736/000119312519117240/0001193125-19-117240-index.htm", "finalLink": "https://www.sec.gov/Archives/edgar/data/1061736/000119312519117240/d694088d20f.htm", "calculatedOtherExpenses": -1058000000, "calculatedOperatingExpenses": 130977000000, "calculatedNetInterest": -6572000000, "calculatedOtherIncome": -3990000000, "calculatedIncomeNonControlling": 571000000, "calculatedEbitda": 61430000000}, {"date": "2017-12-31", "symbol": "FMX", "reportedCurrency": "MXN", "cik": "0001061736", "fillingDate": "2018-04-24", "acceptedDate": "2018-04-24 17:20:33", "calendarYear": "2017", "period": "FY", "revenue": 460456000000, "costOfRevenue": 290188000000, "grossProfit": 170268000000, "grossProfitRatio": 0.3697812603, "researchAndDevelopmentExpenses": 0, "generalAndAdministrativeExpenses": 17124000000, "sellingAndMarketingExpenses": 111456000000, "sellingGeneralAndAdministrativeExpenses": 128580000000, "otherExpenses": 1031000000, "operatingExpenses": 129611000000, "costAndExpenses": 419799000000, "interestIncome": 1566000000, "interestExpense": 10738000000, "depreciationAndAmortization": 17665000000, "ebitda": 81395000000, "ebitdaratio": 0.1767704189, "operatingIncome": 41439000000, "operatingIncomeRatio": 0.0899955696, "totalOtherIncomeExpensesNet": -1572000000, "incomeBeforeTax": 39867000000, "incomeBeforeTaxRatio": 0.0865815626, "incomeTaxExpense": 10583000000, "netIncome": 42408000000, "netIncomeRatio": 0.0921000052, "eps": 23.7, "epsdiluted": 23.7, "weightedAverageShsOut": 3578226270, "weightedAverageShsOutDil": 3578226373, "link": "https://www.sec.gov/Archives/edgar/data/1061736/000119312518129003/0001193125-18-129003-index.htm", "finalLink": "https://www.sec.gov/Archives/edgar/data/1061736/000119312518129003/d536132d20f.htm", "calculatedOtherExpenses": 249000000, "calculatedOperatingExpenses": 128829000000, "calculatedNetInterest": -9172000000, "calculatedOtherIncome": 7600000000, "calculatedIncomeNonControlling": -13124000000, "calculatedEbitda": 59104000000}, {"date": "2016-12-31", "symbol": "FMX", "reportedCurrency": "MXN", "cik": "0001061736", "fillingDate": "2017-04-21", "acceptedDate": "2017-04-21 17:03:19", "calendarYear": "2016", "period": "FY", "revenue": 399507000000, "costOfRevenue": 251303000000, "grossProfit": 148204000000, "grossProfitRatio": 0.3709672171, "researchAndDevelopmentExpenses": 0, "generalAndAdministrativeExpenses": 14971000000, "sellingAndMarketingExpenses": 95547000000, "sellingGeneralAndAdministrativeExpenses": 110518000000, "otherExpenses": 3000000, "operatingExpenses": 110521000000, "costAndExpenses": 361824000000, "interestIncome": 1299000000, "interestExpense": 9181000000, "depreciationAndAmortization": 13709000000, "ebitda": 51918000000, "ebitdaratio": 0.1299551697, "operatingIncome": 37427000000, "operatingIncomeRatio": 0.0936829643, "totalOtherIncomeExpensesNet": -8871000000, "incomeBeforeTax": 28556000000, "incomeBeforeTaxRatio": 0.0714780968, "incomeTaxExpense": 7888000000, "netIncome": 21140000000, "netIncomeRatio": 0.052915218, "eps": 11.82, "epsdiluted": 11.82, "weightedAverageShsOut": 3578226270, "weightedAverageShsOutDil": 3578226306, "link": "https://www.sec.gov/Archives/edgar/data/1061736/000119312517132722/0001193125-17-132722-index.htm", "finalLink": "https://www.sec.gov/Archives/edgar/data/1061736/000119312517132722/d257565d20f.htm", "calculatedOtherExpenses": 259000000, "calculatedOperatingExpenses": 110777000000, "calculatedNetInterest": -7882000000, "calculatedOtherIncome": -989000000, "calculatedIncomeNonControlling": -472000000, "calculatedEbitda": 51136000000}, {"date": "2015-12-31", "symbol": "FMX", "reportedCurrency": "MXN", "cik": "0001061736", "fillingDate": "2016-04-21", "acceptedDate": "2016-04-20 18:45:42", "calendarYear": "2015", "period": "FY", "revenue": 311589000000, "costOfRevenue": 188410000000, "grossProfit": 123179000000, "grossProfitRatio": 0.3953252522, "researchAndDevelopmentExpenses": 0, "generalAndAdministrativeExpenses": 11928000000, "sellingAndMarketingExpenses": 76375000000, "sellingGeneralAndAdministrativeExpenses": 88303000000, "otherExpenses": -11000000, "operatingExpenses": 88292000000, "costAndExpenses": 276702000000, "interestIncome": 1024000000, "interestExpense": 7422000000, "depreciationAndAmortization": 10825000000, "ebitda": 43862000000, "ebitdaratio": 0.1407687691, "operatingIncome": 34887000000, "operatingIncomeRatio": 0.1119647998, "totalOtherIncomeExpensesNet": -9724000000, "incomeBeforeTax": 25163000000, "incomeBeforeTaxRatio": 0.0807570229, "incomeTaxExpense": 7932000000, "netIncome": 17683000000, "netIncomeRatio": 0.0567510406, "eps": 44, "epsdiluted": 44, "weightedAverageShsOut": 3578226270, "weightedAverageShsOutDil": 3578226945, "link": "https://www.sec.gov/Archives/edgar/data/1061736/000119312516548524/0001193125-16-548524-index.htm", "finalLink": "https://www.sec.gov/Archives/edgar/data/1061736/000119312516548524/d172566d20f.htm", "calculatedOtherExpenses": -11000000, "calculatedOperatingExpenses": 88292000000, "calculatedNetInterest": -6398000000, "calculatedOtherIncome": -3326000000, "calculatedIncomeNonControlling": -452000000, "calculatedEbitda": 45712000000}, {"date": "2014-12-31", "symbol": "FMX", "reportedCurrency": "MXN", "cik": "0001061736", "fillingDate": "2015-04-21", "acceptedDate": "2015-04-21 17:29:40", "calendarYear": "2014", "period": "FY", "revenue": 263449000000, "costOfRevenue": 153278000000, "grossProfit": 110171000000, "grossProfitRatio": 0.4181872013, "researchAndDevelopmentExpenses": 0, "generalAndAdministrativeExpenses": 10275000000, "sellingAndMarketingExpenses": 69016000000, "sellingGeneralAndAdministrativeExpenses": 79291000000, "otherExpenses": 25000000, "operatingExpenses": 79316000000, "costAndExpenses": 232594000000, "interestIncome": 862000000, "interestExpense": 6294000000, "depreciationAndAmortization": 10014000000, "ebitda": 39262000000, "ebitdaratio": 0.1490307422, "operatingIncome": 20743000000, "operatingIncomeRatio": 0.0787363019, "totalOtherIncomeExpensesNet": 3001000000, "incomeBeforeTax": 23744000000, "incomeBeforeTaxRatio": 0.090127501, "incomeTaxExpense": 6253000000, "netIncome": 11090000000, "netIncomeRatio": 0.042095434, "eps": 3.1, "epsdiluted": 3.1, "weightedAverageShsOut": 3578226270, "weightedAverageShsOutDil": 3578226488, "link": "https://www.sec.gov/Archives/edgar/data/1061736/000119312515140330/0001193125-15-140330-index.htm", "finalLink": "https://www.sec.gov/Archives/edgar/data/1061736/000119312515140330/d897805d20f.htm", "calculatedOtherExpenses": 10137000000, "calculatedOperatingExpenses": 89428000000, "calculatedNetInterest": -5432000000, "calculatedOtherIncome": 8433000000, "calculatedIncomeNonControlling": 6401000000, "calculatedEbitda": 30757000000}, {"date": "2013-12-31", "symbol": "FMX", "reportedCurrency": "MXN", "cik": "0001061736", "fillingDate": "2014-04-16", "acceptedDate": "2014-04-16 16:57:42", "calendarYear": "2013", "period": "FY", "revenue": 258097000000, "costOfRevenue": 148443000000, "grossProfit": 109654000000, "grossProfitRatio": 0.4248557713, "researchAndDevelopmentExpenses": 0, "generalAndAdministrativeExpenses": 10073000000, "sellingAndMarketingExpenses": 69574000000, "sellingGeneralAndAdministrativeExpenses": 79647000000, "otherExpenses": 8000000, "operatingExpenses": 79655000000, "costAndExpenses": 228098000000, "interestIncome": 1225000000, "interestExpense": 3838000000, "depreciationAndAmortization": 9696000000, "ebitda": 37212000000, "ebitdaratio": 0.1441783515, "operatingIncome": 29857000000, "operatingIncomeRatio": 0.1156813136, "totalOtherIncomeExpensesNet": -4777000000, "incomeBeforeTax": 25080000000, "incomeBeforeTaxRatio": 0.0971727684, "incomeTaxExpense": 7756000000, "netIncome": 15922000000, "netIncomeRatio": 0.0616899848, "eps": 39.5, "epsdiluted": 39.5, "weightedAverageShsOut": 3578226270, "weightedAverageShsOutDil": 3578226270, "link": "https://www.sec.gov/Archives/edgar/data/1061736/000119312514145967/0001193125-14-145967-index.htm", "finalLink": "https://www.sec.gov/Archives/edgar/data/1061736/000119312514145967/d698770d20f.htm", "calculatedOtherExpenses": 150000000, "calculatedOperatingExpenses": 79797000000, "calculatedNetInterest": -2613000000, "calculatedOtherIncome": -2164000000, "calculatedIncomeNonControlling": 1402000000, "calculatedEbitda": 39553000000}, {"date": "2012-12-31", "symbol": "FMX", "reportedCurrency": "MXN", "cik": "0001061736", "fillingDate": "2013-04-08", "acceptedDate": "2013-04-08 17:20:42", "calendarYear": "2012", "period": "FY", "revenue": 238309000000, "costOfRevenue": 137009000000, "grossProfit": 101300000000, "grossProfitRatio": 0.4250783646, "researchAndDevelopmentExpenses": 0, "generalAndAdministrativeExpenses": 9552000000, "sellingAndMarketingExpenses": 62086000000, "sellingGeneralAndAdministrativeExpenses": 71638000000, "otherExpenses": -3000000, "operatingExpenses": 71635000000, "costAndExpenses": 208644000000, "interestIncome": 783000000, "interestExpense": 2178000000, "depreciationAndAmortization": 7890000000, "ebitda": 38724000000, "ebitdaratio": 0.1624949121, "operatingIncome": 29227000000, "operatingIncomeRatio": 0.1226432909, "totalOtherIncomeExpensesNet": -1697000000, "incomeBeforeTax": 27530000000, "incomeBeforeTaxRatio": 0.1155222841, "incomeTaxExpense": 7949000000, "netIncome": 20707000000, "netIncomeRatio": 0.0868913889, "eps": 5.79, "epsdiluted": 5.79, "weightedAverageShsOut": 3578226270, "weightedAverageShsOutDil": 3578226508, "link": "https://www.sec.gov/Archives/edgar/data/1061736/000119312513146138/0001193125-13-146138-index.htm", "finalLink": "https://www.sec.gov/Archives/edgar/data/1061736/000119312513146138/d513408d20f.htm", "calculatedOtherExpenses": 435000000, "calculatedOperatingExpenses": 72073000000, "calculatedNetInterest": -1395000000, "calculatedOtherIncome": -302000000, "calculatedIncomeNonControlling": -1126000000, "calculatedEbitda": 37117000000}, {"date": "2011-12-31", "symbol": "FMX", "reportedCurrency": "MXN", "cik": "0001061736", "fillingDate": "2012-04-27", "acceptedDate": "2012-04-27 17:24:55", "calendarYear": "2011", "period": "FY", "revenue": 203044000000, "costOfRevenue": 118009000000, "grossProfit": 85035000000, "grossProfitRatio": 0.418800851, "researchAndDevelopmentExpenses": 0, "generalAndAdministrativeExpenses": 8249000000, "sellingAndMarketingExpenses": 49882000000, "sellingGeneralAndAdministrativeExpenses": 58131000000, "otherExpenses": 591000000, "operatingExpenses": 58131000000, "costAndExpenses": 176140000000, "interestIncome": 999000000, "interestExpense": 2934000000, "depreciationAndAmortization": 6541000000, "ebitda": 32295000000, "ebitdaratio": 0.1590541951, "operatingIncome": 26904000000, "operatingIncomeRatio": 0.1325032998, "totalOtherIncomeExpensesNet": 1467000000, "incomeBeforeTax": 28371000000, "incomeBeforeTaxRatio": 0.1397283347, "incomeTaxExpense": 7687000000, "netIncome": 15133000000, "netIncomeRatio": 0.0745306436, "eps": 38.5, "epsdiluted": 38, "weightedAverageShsOut": 3578226270, "weightedAverageShsOutDil": 3578226270, "link": "https://www.sec.gov/Archives/edgar/data/1061736/000119312512191729/0001193125-12-191729-index.htm", "finalLink": "https://www.sec.gov/Archives/edgar/data/1061736/000119312512191729/d333867d20f.htm", "calculatedOtherExpenses": 0, "calculatedOperatingExpenses": 58131000000, "calculatedNetInterest": -1935000000, "calculatedOtherIncome": 3402000000, "calculatedIncomeNonControlling": 5551000000, "calculatedEbitda": 33445000000}, {"date": "2010-12-31", "symbol": "FMX", "reportedCurrency": "MXN", "cik": "0001061736", "fillingDate": "2011-06-29", "acceptedDate": "2011-06-28 18:43:59", "calendarYear": "2010", "period": "FY", "revenue": 169702000000, "costOfRevenue": 98732000000, "grossProfit": 70970000000, "grossProfitRatio": 0.4182036747, "researchAndDevelopmentExpenses": 0, "generalAndAdministrativeExpenses": 7766000000, "sellingAndMarketingExpenses": 40675000000, "sellingGeneralAndAdministrativeExpenses": 48441000000, "otherExpenses": 627000000, "operatingExpenses": 48441000000, "costAndExpenses": 147173000000, "interestIncome": 1104000000, "interestExpense": 3265000000, "depreciationAndAmortization": 5502000000, "ebitda": 54689000000, "ebitdaratio": 0.3222649114, "operatingIncome": 22529000000, "operatingIncomeRatio": 0.1327562433, "totalOtherIncomeExpensesNet": 1103000000, "incomeBeforeTax": 23632000000, "incomeBeforeTaxRatio": 0.1392558721, "incomeTaxExpense": 5671000000, "netIncome": 40251000000, "netIncomeRatio": 0.237186362, "eps": 100.5, "epsdiluted": 100.5, "weightedAverageShsOut": 3578226270, "weightedAverageShsOutDil": 3578226270, "link": "https://www.sec.gov/Archives/edgar/data/1061736/000119312511175989/0001193125-11-175989-index.htm", "finalLink": "https://www.sec.gov/Archives/edgar/data/1061736/000119312511175989/d20f.htm", "calculatedOtherExpenses": 0, "calculatedOperatingExpenses": 48441000000, "calculatedNetInterest": -2161000000, "calculatedOtherIncome": 3264000000, "calculatedIncomeNonControlling": -22290000000, "calculatedEbitda": 28031000000}, {"date": "2009-12-31", "symbol": "FMX", "reportedCurrency": "MXN", "cik": "0001061736", "fillingDate": "2010-06-25", "acceptedDate": "2010-06-25 17:22:50", "calendarYear": "2009", "period": "FY", "revenue": 197033000000, "costOfRevenue": 106195000000, "grossProfit": 90838000000, "grossProfitRatio": 0.4610293707, "researchAndDevelopmentExpenses": 0, "generalAndAdministrativeExpenses": 11111000000, "sellingAndMarketingExpenses": 52715000000, "sellingGeneralAndAdministrativeExpenses": 63826000000, "otherExpenses": 851000000, "operatingExpenses": 63826000000, "costAndExpenses": 170021000000, "interestIncome": 565000000, "interestExpense": 5197000000, "depreciationAndAmortization": 9089000000, "ebitda": 28102000000, "ebitdaratio": 0.1426258546, "operatingIncome": 27012000000, "operatingIncomeRatio": 0.1370937863, "totalOtherIncomeExpensesNet": -8022000000, "incomeBeforeTax": 18990000000, "incomeBeforeTaxRatio": 0.0963797942, "incomeTaxExpense": 3908000000, "netIncome": 9908000000, "netIncomeRatio": 0.0502859927, "eps": 27.7, "epsdiluted": 27.7, "weightedAverageShsOut": 1417048500, "weightedAverageShsOutDil": 1417048500, "link": "https://www.sec.gov/Archives/edgar/data/1061736/000119312510147430/0001193125-10-147430-index.htm", "finalLink": "https://www.sec.gov/Archives/edgar/data/1061736/000119312510147430/d20f.htm", "calculatedOtherExpenses": 0, "calculatedOperatingExpenses": 63826000000, "calculatedNetInterest": -4632000000, "calculatedOtherIncome": -3390000000, "calculatedIncomeNonControlling": 5174000000, "calculatedEbitda": 36101000000}, {"date": "2008-12-31", "symbol": "FMX", "reportedCurrency": "MXN", "cik": "0001061736", "fillingDate": "2009-06-30", "acceptedDate": "2009-06-30 17:14:18", "calendarYear": "2008", "period": "FY", "revenue": 168022000000, "costOfRevenue": 90399000000, "grossProfit": 77623000000, "grossProfitRatio": 0.4619811691, "researchAndDevelopmentExpenses": 0, "generalAndAdministrativeExpenses": 9531000000, "sellingAndMarketingExpenses": 45408000000, "sellingGeneralAndAdministrativeExpenses": 54939000000, "otherExpenses": 689000000, "operatingExpenses": 54939000000, "costAndExpenses": 145338000000, "interestIncome": 598000000, "interestExpense": 4930000000, "depreciationAndAmortization": 8068000000, "ebitda": 23913000000, "ebitdaratio": 0.1423206485, "operatingIncome": 22684000000, "operatingIncomeRatio": 0.1350061301, "totalOtherIncomeExpensesNet": -9199000000, "incomeBeforeTax": 13485000000, "incomeBeforeTaxRatio": 0.0802573473, "incomeTaxExpense": 4207000000, "netIncome": 9278000000, "netIncomeRatio": 0.0552189594, "eps": 12.96, "epsdiluted": 12.96, "weightedAverageShsOut": 715644000, "weightedAverageShsOutDil": 715644000, "link": "https://www.sec.gov/Archives/edgar/data/1061736/000119312509141851/0001193125-09-141851-index.htm", "finalLink": "https://www.sec.gov/Archives/edgar/data/1061736/000119312509141851/d20f.htm", "calculatedOtherExpenses": 0, "calculatedOperatingExpenses": 54939000000, "calculatedNetInterest": -4332000000, "calculatedOtherIncome": -4867000000, "calculatedIncomeNonControlling": 0, "calculatedEbitda": 30752000000}, {"date": "2007-12-31", "symbol": "FMX", "reportedCurrency": "MXN", "cik": "0001061736", "fillingDate": "2008-06-30", "acceptedDate": "2008-06-30 15:43:35", "calendarYear": "2007", "period": "FY", "revenue": 147556000000, "costOfRevenue": 79801000000, "grossProfit": 67755000000, "grossProfitRatio": 0.4591815989, "researchAndDevelopmentExpenses": 0, "generalAndAdministrativeExpenses": 9191000000, "sellingAndMarketingExpenses": 38995000000, "sellingGeneralAndAdministrativeExpenses": 48186000000, "otherExpenses": 842000000, "operatingExpenses": 48186000000, "costAndExpenses": 127987000000, "interestIncome": 769000000, "interestExpense": 4554000000, "depreciationAndAmortization": 8112000000, "ebitda": 26127000000, "ebitdaratio": 0.1770649787, "operatingIncome": 19569000000, "operatingIncomeRatio": 0.1326208355, "totalOtherIncomeExpensesNet": -2683000000, "incomeBeforeTax": 16886000000, "incomeBeforeTaxRatio": 0.1144379083, "incomeTaxExpense": 4950000000, "netIncome": 8511000000, "netIncomeRatio": 0.0576797961, "eps": 21, "epsdiluted": 21, "weightedAverageShsOut": 715645200, "weightedAverageShsOutDil": 715645200, "link": "https://www.sec.gov/Archives/edgar/data/1061736/000119312508143966/0001193125-08-143966-index.htm", "finalLink": "https://www.sec.gov/Archives/edgar/data/1061736/000119312508143966/d20f.htm", "calculatedOtherExpenses": 0, "calculatedOperatingExpenses": 48186000000, "calculatedNetInterest": -3785000000, "calculatedOtherIncome": 1102000000, "calculatedIncomeNonControlling": 3425000000, "calculatedEbitda": 27681000000}, {"date": "2006-12-31", "symbol": "FMX", "reportedCurrency": "MXN", "cik": "0001061736", "fillingDate": "2007-06-28", "acceptedDate": "2007-06-28 15:31:04", "calendarYear": "2006", "period": "FY", "revenue": 126427000000, "costOfRevenue": 67940000000, "grossProfit": 58487000000, "grossProfitRatio": 0.4626147896, "researchAndDevelopmentExpenses": 0, "generalAndAdministrativeExpenses": 8400000000, "sellingAndMarketingExpenses": 32697000000, "sellingGeneralAndAdministrativeExpenses": 41097000000, "otherExpenses": 778000000, "operatingExpenses": 41097000000, "costAndExpenses": 109037000000, "interestIncome": 707000000, "interestExpense": 4040000000, "depreciationAndAmortization": 7620000000, "ebitda": 23088000000, "ebitdaratio": 0.182619219, "operatingIncome": 17390000000, "operatingIncomeRatio": 0.1375497323, "totalOtherIncomeExpensesNet": -3389000000, "incomeBeforeTax": 14001000000, "incomeBeforeTaxRatio": 0.1107437494, "incomeTaxExpense": 4806000000, "netIncome": 6622000000, "netIncomeRatio": 0.0523780522, "eps": 18, "epsdiluted": 18, "weightedAverageShsOut": 715645200, "weightedAverageShsOutDil": 715645200, "link": "https://www.sec.gov/Archives/edgar/data/1061736/000119312507145533/0001193125-07-145533-index.htm", "finalLink": "https://www.sec.gov/Archives/edgar/data/1061736/000119312507145533/d20f.htm", "calculatedOtherExpenses": 0, "calculatedOperatingExpenses": 41097000000, "calculatedNetInterest": -3333000000, "calculatedOtherIncome": -56000000, "calculatedIncomeNonControlling": 2573000000, "calculatedEbitda": 25010000000}, {"date": "2005-12-31", "symbol": "FMX", "reportedCurrency": "MXN", "cik": "0001061736", "fillingDate": "2006-06-29", "acceptedDate": "2006-06-29 14:35:05", "calendarYear": "2005", "period": "FY", "revenue": 105582000000, "costOfRevenue": 56195000000, "grossProfit": 49387000000, "grossProfitRatio": 0.467759656, "researchAndDevelopmentExpenses": 0, "generalAndAdministrativeExpenses": 7085000000, "sellingAndMarketingExpenses": 26715000000, "sellingGeneralAndAdministrativeExpenses": 33800000000, "otherExpenses": 667000000, "operatingExpenses": 33800000000, "costAndExpenses": 89995000000, "interestIncome": 638000000, "interestExpense": 4520000000, "depreciationAndAmortization": 6702000000, "ebitda": 21355000000, "ebitdaratio": 0.2022598549, "operatingIncome": 15587000000, "operatingIncomeRatio": 0.1476293308, "totalOtherIncomeExpensesNet": -2891000000, "incomeBeforeTax": 12696000000, "incomeBeforeTaxRatio": 0.1202477695, "incomeTaxExpense": 4584000000, "netIncome": 5549000000, "netIncomeRatio": 0.0525563069, "eps": 15.5, "epsdiluted": 15.5, "weightedAverageShsOut": 715645200, "weightedAverageShsOutDil": 715645200, "link": "https://www.sec.gov/Archives/edgar/data/1061736/000119312506139222/0001193125-06-139222-index.htm", "finalLink": "https://www.sec.gov/Archives/edgar/data/1061736/000119312506139222/d20f.htm", "calculatedOtherExpenses": 0, "calculatedOperatingExpenses": 33800000000, "calculatedNetInterest": -3882000000, "calculatedOtherIncome": 991000000, "calculatedIncomeNonControlling": 2563000000, "calculatedEbitda": 22289000000}, {"date": "2004-12-31", "symbol": "FMX", "reportedCurrency": "MXN", "cik": "0001061736", "fillingDate": "2005-04-08", "acceptedDate": "2005-04-08 06:15:29", "calendarYear": "2004", "period": "FY", "revenue": 93956000000, "costOfRevenue": 49969000000, "grossProfit": 43987000000, "grossProfitRatio": 0.46816595, "researchAndDevelopmentExpenses": 0, "generalAndAdministrativeExpenses": 6621000000, "sellingAndMarketingExpenses": 23628000000, "sellingGeneralAndAdministrativeExpenses": 30249000000, "otherExpenses": 594000000, "operatingExpenses": 30249000000, "costAndExpenses": 80218000000, "interestIncome": 541000000, "interestExpense": 3764000000, "depreciationAndAmortization": 6252000000, "ebitda": 18242000000, "ebitdaratio": 0.1941547107, "operatingIncome": 13738000000, "operatingIncomeRatio": 0.1462173783, "totalOtherIncomeExpensesNet": -2094000000, "incomeBeforeTax": 11644000000, "incomeBeforeTaxRatio": 0.1239303504, "incomeTaxExpense": 2395000000, "netIncome": 5831000000, "netIncomeRatio": 0.0620609647, "eps": 18, "epsdiluted": 18, "weightedAverageShsOut": 636020400, "weightedAverageShsOutDil": 636020400, "link": "https://www.sec.gov/Archives/edgar/data/1061736/000119312505072413/0001193125-05-072413-index.htm", "finalLink": "https://www.sec.gov/Archives/edgar/data/1061736/000119312505072413/d20f.htm", "calculatedOtherExpenses": 0, "calculatedOperatingExpenses": 30249000000, "calculatedNetInterest": -3223000000, "calculatedOtherIncome": 1129000000, "calculatedIncomeNonControlling": 3418000000, "calculatedEbitda": 19990000000}, {"date": "2003-12-31", "symbol": "FMX", "reportedCurrency": "MXN", "cik": "0001061736", "fillingDate": "2004-04-08", "acceptedDate": "2004-04-07 19:15:23", "calendarYear": "2003", "period": "FY", "revenue": 75891000000, "costOfRevenue": 39371000000, "grossProfit": 36520000000, "grossProfitRatio": 0.4812164815, "researchAndDevelopmentExpenses": 0, "generalAndAdministrativeExpenses": 5740000000, "sellingAndMarketingExpenses": 18696000000, "sellingGeneralAndAdministrativeExpenses": 24436000000, "otherExpenses": 24436000000, "operatingExpenses": 24436000000, "costAndExpenses": 63807000000, "interestIncome": 695000000, "interestExpense": 2540000000, "depreciationAndAmortization": 5108000000, "ebitda": 14119000000, "ebitdaratio": 0.1860431408, "operatingIncome": 12084000000, "operatingIncomeRatio": 0.159228367, "totalOtherIncomeExpensesNet": -4049000000, "incomeBeforeTax": 8035000000, "incomeBeforeTaxRatio": 0.105875532, "incomeTaxExpense": 3378000000, "netIncome": 3093000000, "netIncomeRatio": 0.0407558208, "eps": 9.5, "epsdiluted": 9.5, "weightedAverageShsOut": 636020400, "weightedAverageShsOutDil": 636020400, "link": "https://www.sec.gov/Archives/edgar/data/1061736/000102444604000019/0001024446-04-000019-index.htm", "finalLink": "https://www.sec.gov/Archives/edgar/data/1061736/000102444604000019/fmx_form20f.htm", "calculatedOtherExpenses": 0, "calculatedOperatingExpenses": 24436000000, "calculatedNetInterest": -1845000000, "calculatedOtherIncome": -2204000000, "calculatedIncomeNonControlling": 1564000000, "calculatedEbitda": 17192000000}, {"date": "2002-12-31", "symbol": "FMX", "reportedCurrency": "MXN", "cik": "0001061736", "fillingDate": "2003-06-27", "acceptedDate": "2003-06-27 14:23:13", "calendarYear": "2002", "period": "FY", "revenue": 52945452560, "costOfRevenue": 26368830180, "grossProfit": 26576622380, "grossProfitRatio": 0.5019623234, "researchAndDevelopmentExpenses": 0, "generalAndAdministrativeExpenses": 4659000000, "sellingAndMarketingExpenses": 12511000000, "sellingGeneralAndAdministrativeExpenses": 17170000000, "otherExpenses": -6364280, "operatingExpenses": 17163635720, "costAndExpenses": 43532465900, "interestIncome": 0, "interestExpense": 903896070, "depreciationAndAmortization": 4633766060, "ebitda": 11999999550, "ebitdaratio": 0.2266483516, "operatingIncome": 9412986660, "operatingIncomeRatio": 0.1777864992, "totalOtherIncomeExpensesNet": -1174025930, "incomeBeforeTax": 8238960730, "incomeBeforeTaxRatio": 0.1556122449, "incomeTaxExpense": 3625973890, "netIncome": 2836363530, "netIncomeRatio": 0.0535714286, "eps": 8.67, "epsdiluted": 8.67, "weightedAverageShsOut": 635676000, "weightedAverageShsOutDil": 635676000, "link": "https://www.sec.gov/Archives/edgar/data/1061736/000115752303002671/0001157523-03-002671-index.htm", "finalLink": "https://www.sec.gov/Archives/edgar/data/1061736/000115752303002671/a4422668.txt", "calculatedOtherExpenses": -6364280, "calculatedOperatingExpenses": 17163635720, "calculatedNetInterest": -903896070, "calculatedOtherIncome": -270129860, "calculatedIncomeNonControlling": 1776623310, "calculatedEbitda": 14046752720}, {"date": "2001-12-31", "symbol": "FMX", "reportedCurrency": "MXN", "cik": "0001061736", "fillingDate": "2002-07-01", "acceptedDate": "2002-07-02 16:27:23", "calendarYear": "2001", "period": "FY", "revenue": 49540682880, "costOfRevenue": 24301946880, "grossProfit": 25238736000, "grossProfitRatio": 0.5094547457, "researchAndDevelopmentExpenses": 0, "generalAndAdministrativeExpenses": 0, "sellingAndMarketingExpenses": 0, "sellingGeneralAndAdministrativeExpenses": 17116865280, "otherExpenses": 17116865280, "operatingExpenses": 17116865280, "costAndExpenses": 41418812160, "interestIncome": 0, "interestExpense": 891313920, "depreciationAndAmortization": 3492495360, "ebitda": 10450200960, "ebitdaratio": 0.2109418028, "operatingIncome": 8121870720, "operatingIncomeRatio": 0.1639434551, "totalOtherIncomeExpensesNet": -454752000, "incomeBeforeTax": 7667118720, "incomeBeforeTaxRatio": 0.1547640903, "incomeTaxExpense": 2801272320, "netIncome": 3265119360, "netIncomeRatio": 0.0659078392, "eps": 9.95, "epsdiluted": 9.95, "weightedAverageShsOut": 635712000, "weightedAverageShsOutDil": 635712000, "link": "https://www.sec.gov/Archives/edgar/data/1061736/999999999702037663/9999999997-02-037663-index.htm", "finalLink": "https://www.sec.gov/Archives/edgar/data/1061736/999999999702037663/9999999997-02-037663.paper", "calculatedOtherExpenses": 0, "calculatedOperatingExpenses": 17116865280, "calculatedNetInterest": -891313920, "calculatedOtherIncome": 436561920, "calculatedIncomeNonControlling": 1600727040, "calculatedEbitda": 11614366080}, {"date": "2000-12-31", "symbol": "FMX", "reportedCurrency": "MXN", "cik": "0001061736", "fillingDate": "2000-12-31", "acceptedDate": "2000-12-30 19:00:00", "calendarYear": "2000", "period": "FY", "revenue": 45454000000, "costOfRevenue": 22713000000, "grossProfit": 22741000000, "grossProfitRatio": 0.5003080037, "researchAndDevelopmentExpenses": 0, "generalAndAdministrativeExpenses": 4138000000, "sellingAndMarketingExpenses": 11543000000, "sellingGeneralAndAdministrativeExpenses": 15681000000, "otherExpenses": 0, "operatingExpenses": 15681000000, "costAndExpenses": 38394000000, "interestIncome": 409000000, "interestExpense": 1028000000, "depreciationAndAmortization": 3479000000, "ebitda": 9356000000, "ebitdaratio": 0.20583447, "operatingIncome": 7060000000, "operatingIncomeRatio": 0.1553218639, "totalOtherIncomeExpensesNet": -1191000000, "incomeBeforeTax": 5869000000, "incomeBeforeTaxRatio": 0.1291195494, "incomeTaxExpense": 2314000000, "netIncome": 2535000000, "netIncomeRatio": 0.0557706692, "eps": 7.65, "epsdiluted": 7.65, "weightedAverageShsOut": 640512000, "weightedAverageShsOutDil": 640512000, "link": "", "finalLink": "", "calculatedOtherExpenses": 0, "calculatedOperatingExpenses": 15681000000, "calculatedNetInterest": -619000000, "calculatedOtherIncome": -572000000, "calculatedIncomeNonControlling": 1020000000, "calculatedEbitda": 10539000000}, {"date": "1999-12-31", "symbol": "FMX", "reportedCurrency": "MXN", "cik": "0001061736", "fillingDate": "1999-12-31", "acceptedDate": "1999-12-30 19:00:00", "calendarYear": "1999", "period": "FY", "revenue": 38627000000, "costOfRevenue": 19769000000, "grossProfit": 18858000000, "grossProfitRatio": 0.4882077303, "researchAndDevelopmentExpenses": 0, "generalAndAdministrativeExpenses": 3275000000, "sellingAndMarketingExpenses": 9587000000, "sellingGeneralAndAdministrativeExpenses": 12862000000, "otherExpenses": 0, "operatingExpenses": 12862000000, "costAndExpenses": 32631000000, "interestIncome": 399000000, "interestExpense": 1002000000, "depreciationAndAmortization": 2936000000, "ebitda": 8720000000, "ebitdaratio": 0.2257488285, "operatingIncome": 5996000000, "operatingIncomeRatio": 0.1552282082, "totalOtherIncomeExpensesNet": -236000000, "incomeBeforeTax": 5760000000, "incomeBeforeTaxRatio": 0.1491184922, "incomeTaxExpense": 1852000000, "netIncome": 2930000000, "netIncomeRatio": 0.0758536775, "eps": 9.2, "epsdiluted": 9.2, "weightedAverageShsOut": 640956000, "weightedAverageShsOutDil": 640956000, "link": "", "finalLink": "", "calculatedOtherExpenses": 0, "calculatedOperatingExpenses": 12862000000, "calculatedNetInterest": -603000000, "calculatedOtherIncome": 367000000, "calculatedIncomeNonControlling": 978000000, "calculatedEbitda": 8932000000}, {"date": "1998-12-31", "symbol": "FMX", "reportedCurrency": "MXN", "cik": "0001061736", "fillingDate": "1998-12-31", "acceptedDate": "1998-12-30 19:00:00", "calendarYear": "1998", "period": "FY", "revenue": 33530000000, "costOfRevenue": 18370000000, "grossProfit": 15160000000, "grossProfitRatio": 0.4521324187, "researchAndDevelopmentExpenses": 0, "generalAndAdministrativeExpenses": 2599000000, "sellingAndMarketingExpenses": 7891000000, "sellingGeneralAndAdministrativeExpenses": 10490000000, "otherExpenses": 0, "operatingExpenses": 10490000000, "costAndExpenses": 28860000000, "interestIncome": 349000000, "interestExpense": 1102000000, "depreciationAndAmortization": 2329000000, "ebitda": 5661000000, "ebitdaratio": 0.1688338801, "operatingIncome": 4670000000, "operatingIncomeRatio": 0.1392782583, "totalOtherIncomeExpensesNet": -1762000000, "incomeBeforeTax": 2908000000, "incomeBeforeTaxRatio": 0.086728303, "incomeTaxExpense": 870000000, "netIncome": 1360000000, "netIncomeRatio": 0.0405606919, "eps": 5.25, "epsdiluted": 5.25, "weightedAverageShsOut": 524904000, "weightedAverageShsOutDil": 524904000, "link": "", "finalLink": "", "calculatedOtherExpenses": 0, "calculatedOperatingExpenses": 10490000000, "calculatedNetInterest": -753000000, "calculatedOtherIncome": -1009000000, "calculatedIncomeNonControlling": 678000000, "calculatedEbitda": 6999000000}, {"date": "1997-12-31", "symbol": "FMX", "reportedCurrency": "MXN", "cik": "0001061736", "fillingDate": "1997-12-31", "acceptedDate": "1997-12-30 19:00:00", "calendarYear": "1997", "period": "FY", "revenue": 24579000000, "costOfRevenue": 13445000000, "grossProfit": 11134000000, "grossProfitRatio": 0.4529883234, "researchAndDevelopmentExpenses": 0, "generalAndAdministrativeExpenses": 1924000000, "sellingAndMarketingExpenses": 5698000000, "sellingGeneralAndAdministrativeExpenses": 7622000000, "otherExpenses": 0, "operatingExpenses": 7622000000, "costAndExpenses": 21067000000, "interestIncome": 262000000, "interestExpense": 997000000, "depreciationAndAmortization": 1855000000, "ebitda": 5364000000, "ebitdaratio": 0.2182350787, "operatingIncome": 3512000000, "operatingIncomeRatio": 0.1428862037, "totalOtherIncomeExpensesNet": -456000000, "incomeBeforeTax": 3056000000, "incomeBeforeTaxRatio": 0.1243337809, "incomeTaxExpense": 837000000, "netIncome": 1675000000, "netIncomeRatio": 0.0681476057, "eps": 8.23, "epsdiluted": 8.23, "weightedAverageShsOut": 307780026, "weightedAverageShsOutDil": 307780026, "link": "", "finalLink": "", "calculatedOtherExpenses": 0, "calculatedOperatingExpenses": 7622000000, "calculatedNetInterest": -735000000, "calculatedOtherIncome": 279000000, "calculatedIncomeNonControlling": 544000000, "calculatedEbitda": 5367000000}, {"date": "1996-12-31", "symbol": "FMX", "reportedCurrency": "MXN", "cik": "0001061736", "fillingDate": "1996-12-31", "acceptedDate": "1996-12-30 19:00:00", "calendarYear": "1996", "period": "FY", "revenue": 26544000000, "costOfRevenue": 15643000000, "grossProfit": 10901000000, "grossProfitRatio": 0.4106766124, "researchAndDevelopmentExpenses": 0, "generalAndAdministrativeExpenses": 2215000000, "sellingAndMarketingExpenses": 6148000000, "sellingGeneralAndAdministrativeExpenses": 8363000000, "otherExpenses": 0, "operatingExpenses": 8363000000, "costAndExpenses": 24006000000, "interestIncome": 410000000, "interestExpense": 1518000000, "depreciationAndAmortization": 2018000000, "ebitda": 5017000000, "ebitdaratio": 0.1890069319, "operatingIncome": 2538000000, "operatingIncomeRatio": 0.0956148282, "totalOtherIncomeExpensesNet": 2034000000, "incomeBeforeTax": 3464000000, "incomeBeforeTaxRatio": 0.1305003014, "incomeTaxExpense": 468000000, "netIncome": 1434000000, "netIncomeRatio": 0.0540235081, "eps": 9, "epsdiluted": 9, "weightedAverageShsOut": 307780026, "weightedAverageShsOutDil": 307780026, "link": "", "finalLink": "", "calculatedOtherExpenses": 0, "calculatedOperatingExpenses": 8363000000, "calculatedNetInterest": -1108000000, "calculatedOtherIncome": 2034000000, "calculatedIncomeNonControlling": 1562000000, "calculatedEbitda": 4556000000}, {"date": "1995-12-31", "symbol": "FMX", "reportedCurrency": "MXN", "cik": "0001061736", "fillingDate": "1995-12-31", "acceptedDate": "1995-12-30 19:00:00", "calendarYear": "1995", "period": "FY", "revenue": 21725000000, "costOfRevenue": 12789000000, "grossProfit": 8936000000, "grossProfitRatio": 0.4113233602, "researchAndDevelopmentExpenses": 0, "generalAndAdministrativeExpenses": 2050000000, "sellingAndMarketingExpenses": 5064000000, "sellingGeneralAndAdministrativeExpenses": 7114000000, "otherExpenses": 0, "operatingExpenses": 7114000000, "costAndExpenses": 19903000000, "interestIncome": 589000000, "interestExpense": 1076000000, "depreciationAndAmortization": 1532000000, "ebitda": 3320000000, "ebitdaratio": 0.1528193326, "operatingIncome": 1822000000, "operatingIncomeRatio": 0.0838665132, "totalOtherIncomeExpensesNet": -768000000, "incomeBeforeTax": 1054000000, "incomeBeforeTaxRatio": 0.0485155351, "incomeTaxExpense": 406000000, "netIncome": 306000000, "netIncomeRatio": 0.0140851554, "eps": 1.99, "epsdiluted": 1.59, "weightedAverageShsOut": 307780026, "weightedAverageShsOutDil": 383935554, "link": "", "finalLink": "", "calculatedOtherExpenses": 0, "calculatedOperatingExpenses": 7114000000, "calculatedNetInterest": -487000000, "calculatedOtherIncome": -281000000, "calculatedIncomeNonControlling": 342000000, "calculatedEbitda": 3354000000}]}