{"originalCurrency": "USD", "convertedCurrency": "USD", "report": [{"date": "2023-12-31", "symbol": "FNB", "reportedCurrency": "USD", "cik": "0000037808", "fillingDate": "2024-02-26", "acceptedDate": "2024-02-26 17:29:49", "calendarYear": "2023", "period": "FY", "revenue": 2226983000, "costOfRevenue": 0, "grossProfit": 2226983000, "grossProfitRatio": 1, "researchAndDevelopmentExpenses": 0, "generalAndAdministrativeExpenses": 523000000, "sellingAndMarketingExpenses": 17000000, "sellingGeneralAndAdministrativeExpenses": 540000000, "otherExpenses": -276315000, "operatingExpenses": 276315000, "costAndExpenses": 1641122000, "interestIncome": 1973000000, "interestExpense": 161215000, "depreciationAndAmortization": 20116000, "ebitda": 20116000, "ebitdaratio": 0.0090328485, "operatingIncome": 667200000, "operatingIncomeRatio": 0.2995981559, "totalOtherIncomeExpensesNet": 583646000, "incomeBeforeTax": 583646000, "incomeBeforeTaxRatio": 0.2620792346, "incomeTaxExpense": 98795000, "netIncome": 485000000, "netIncomeRatio": 0.2177834317, "eps": 1.32, "epsdiluted": 1.31, "weightedAverageShsOut": 360743462, "weightedAverageShsOutDil": 362897806, "link": "https://www.sec.gov/Archives/edgar/data/37808/000003780824000006/0000037808-24-000006-index.htm", "finalLink": "https://www.sec.gov/Archives/edgar/data/37808/000003780824000006/fnb-20231231.htm", "calculatedOtherExpenses": 1019783000, "calculatedOperatingExpenses": 1559783000, "calculatedNetInterest": 1811785000, "calculatedOtherIncome": -1895339000, "calculatedIncomeNonControlling": -149000, "calculatedEbitda": 687316000}, {"date": "2022-12-31", "symbol": "FNB", "reportedCurrency": "USD", "cik": "0000037808", "fillingDate": "2023-02-24", "acceptedDate": "2023-02-24 15:47:39", "calendarYear": "2022", "period": "FY", "revenue": 1443333000, "costOfRevenue": 0, "grossProfit": 1443333000, "grossProfitRatio": 1, "researchAndDevelopmentExpenses": 0, "generalAndAdministrativeExpenses": 519610000, "sellingAndMarketingExpenses": 15674000, "sellingGeneralAndAdministrativeExpenses": 535284000, "otherExpenses": -519284000, "operatingExpenses": 16000000, "costAndExpenses": 16000000, "interestIncome": 1284954000, "interestExpense": 165174000, "depreciationAndAmortization": 13868000, "ebitda": 731777000, "ebitdaratio": 0.507004967, "operatingIncome": 717909000, "operatingIncomeRatio": 0.4973966507, "totalOtherIncomeExpensesNet": -165174000, "incomeBeforeTax": 552735000, "incomeBeforeTaxRatio": 0.3829573633, "incomeTaxExpense": 113626000, "netIncome": 439000000, "netIncomeRatio": 0.3041571141, "eps": 1.23, "epsdiluted": 1.22, "weightedAverageShsOut": 349976557, "weightedAverageShsOutDil": 354052197, "link": "https://www.sec.gov/Archives/edgar/data/37808/000003780823000005/0000037808-23-000005-index.htm", "finalLink": "https://www.sec.gov/Archives/edgar/data/37808/000003780823000005/fnb-20221231.htm", "calculatedOtherExpenses": 190140000, "calculatedOperatingExpenses": 725424000, "calculatedNetInterest": 1119780000, "calculatedOtherIncome": -1284954000, "calculatedIncomeNonControlling": 109000, "calculatedEbitda": 731777000}, {"date": "2021-12-31", "symbol": "FNB", "reportedCurrency": "USD", "cik": "0000037808", "fillingDate": "2022-02-24", "acceptedDate": "2022-02-24 17:13:33", "calendarYear": "2021", "period": "FY", "revenue": 1236895000, "costOfRevenue": 0, "grossProfit": 1236895000, "grossProfitRatio": 1, "researchAndDevelopmentExpenses": 0, "generalAndAdministrativeExpenses": 506762000, "sellingAndMarketingExpenses": 14320000, "sellingGeneralAndAdministrativeExpenses": 521082000, "otherExpenses": -1254879000, "operatingExpenses": -733797000, "costAndExpenses": -733797000, "interestIncome": 1004710000, "interestExpense": 98234000, "depreciationAndAmortization": 12117000, "ebitda": 515215000, "ebitdaratio": 0.4165389948, "operatingIncome": 503098000, "operatingIncomeRatio": 0.4067426904, "totalOtherIncomeExpensesNet": 503000000, "incomeBeforeTax": 503098000, "incomeBeforeTaxRatio": 0.4067426904, "incomeTaxExpense": 98496000, "netIncome": 405000000, "netIncomeRatio": 0.3274328055, "eps": 1.24, "epsdiluted": 1.23, "weightedAverageShsOut": 319791100, "weightedAverageShsOutDil": 323481488, "link": "https://www.sec.gov/Archives/edgar/data/37808/000003780822000005/0000037808-22-000005-index.htm", "finalLink": "https://www.sec.gov/Archives/edgar/data/37808/000003780822000005/fnb-20211231.htm", "calculatedOtherExpenses": 212715000, "calculatedOperatingExpenses": 733797000, "calculatedNetInterest": 906476000, "calculatedOtherIncome": -906476000, "calculatedIncomeNonControlling": -398000, "calculatedEbitda": 515215000}, {"date": "2020-12-31", "symbol": "FNB", "reportedCurrency": "USD", "cik": "0000037808", "fillingDate": "2021-02-25", "acceptedDate": "2021-02-25 16:45:21", "calendarYear": "2020", "period": "FY", "revenue": 1216638000, "costOfRevenue": 0, "grossProfit": 1216638000, "grossProfitRatio": 1, "researchAndDevelopmentExpenses": 0, "generalAndAdministrativeExpenses": 494860000, "sellingAndMarketingExpenses": 13000000, "sellingGeneralAndAdministrativeExpenses": 494860000, "otherExpenses": -1368007000, "operatingExpenses": -873147000, "costAndExpenses": -873147000, "interestIncome": 1130306000, "interestExpense": 208224000, "depreciationAndAmortization": 13362000, "ebitda": 356853000, "ebitdaratio": 0.2933107465, "operatingIncome": 343491000, "operatingIncomeRatio": 0.282328022, "totalOtherIncomeExpensesNet": 343000000, "incomeBeforeTax": 343491000, "incomeBeforeTaxRatio": 0.282328022, "incomeTaxExpense": 57485000, "netIncome": 286000000, "netIncomeRatio": 0.2350740319, "eps": 0.86, "epsdiluted": 0.85, "weightedAverageShsOut": 323368639, "weightedAverageShsOutDil": 325487964, "link": "https://www.sec.gov/Archives/edgar/data/37808/000003780821000011/0000037808-21-000011-index.htm", "finalLink": "https://www.sec.gov/Archives/edgar/data/37808/000003780821000011/fnb-20201231.htm", "calculatedOtherExpenses": 378287000, "calculatedOperatingExpenses": 873147000, "calculatedNetInterest": 922082000, "calculatedOtherIncome": -922082000, "calculatedIncomeNonControlling": 6000, "calculatedEbitda": 356853000}, {"date": "2019-12-31", "symbol": "FNB", "reportedCurrency": "USD", "cik": "0000037808", "fillingDate": "2020-02-27", "acceptedDate": "2020-02-27 17:23:42", "calendarYear": "2019", "period": "FY", "revenue": 1211505000, "costOfRevenue": 0, "grossProfit": 1211505000, "grossProfitRatio": 1, "researchAndDevelopmentExpenses": 0, "generalAndAdministrativeExpenses": 462384000, "sellingAndMarketingExpenses": 13000000, "sellingGeneralAndAdministrativeExpenses": 462384000, "otherExpenses": -1203073000, "operatingExpenses": -740689000, "costAndExpenses": -740689000, "interestIncome": 1247019000, "interestExpense": 329780000, "depreciationAndAmortization": 14167000, "ebitda": 484983000, "ebitdaratio": 0.4003144849, "operatingIncome": 470816000, "operatingIncomeRatio": 0.3886207651, "totalOtherIncomeExpensesNet": 471000000, "incomeBeforeTax": 470816000, "incomeBeforeTaxRatio": 0.3886207651, "incomeTaxExpense": 83567000, "netIncome": 387249000, "netIncomeRatio": 0.3196429235, "eps": 1.17, "epsdiluted": 1.16, "weightedAverageShsOut": 324938720, "weightedAverageShsOutDil": 326061138, "link": "https://www.sec.gov/Archives/edgar/data/37808/000003780820000004/0000037808-20-000004-index.htm", "finalLink": "https://www.sec.gov/Archives/edgar/data/37808/000003780820000004/fnb-10xk2019xq4.htm", "calculatedOtherExpenses": 278305000, "calculatedOperatingExpenses": 740689000, "calculatedNetInterest": 917239000, "calculatedOtherIncome": -917239000, "calculatedIncomeNonControlling": 0, "calculatedEbitda": 484983000}, {"date": "2018-12-31", "symbol": "FNB", "reportedCurrency": "USD", "cik": "0000037808", "fillingDate": "2019-02-26", "acceptedDate": "2019-02-26 16:07:43", "calendarYear": "2018", "period": "FY", "revenue": 1208140000, "costOfRevenue": 140000, "grossProfit": 1208000000, "grossProfitRatio": 0.9998841194, "researchAndDevelopmentExpenses": 0, "generalAndAdministrativeExpenses": 468271000, "sellingAndMarketingExpenses": 0, "sellingGeneralAndAdministrativeExpenses": 468271000, "otherExpenses": -987000000, "operatingExpenses": -518000000, "costAndExpenses": -518000000, "interestIncome": 1170199000, "interestExpense": 237710000, "depreciationAndAmortization": 15652000, "ebitda": 799000000, "ebitdaratio": 0.6613471949, "operatingIncome": 690000000, "operatingIncomeRatio": 0.5711258629, "totalOtherIncomeExpensesNet": -238000000, "incomeBeforeTax": 452381000, "incomeBeforeTaxRatio": 0.3744441869, "incomeTaxExpense": 79523000, "netIncome": 372858000, "netIncomeRatio": 0.3086215174, "eps": 1.15, "epsdiluted": 1.15, "weightedAverageShsOut": 322846903, "weightedAverageShsOutDil": 325623603, "link": "https://www.sec.gov/Archives/edgar/data/37808/000003780819000005/0000037808-19-000005-index.htm", "finalLink": "https://www.sec.gov/Archives/edgar/data/37808/000003780819000005/fnb-10xk2018xq4.htm", "calculatedOtherExpenses": 49729000, "calculatedOperatingExpenses": 518000000, "calculatedNetInterest": 932489000, "calculatedOtherIncome": -1170108000, "calculatedIncomeNonControlling": 0, "calculatedEbitda": 705652000}, {"date": "2017-12-31", "symbol": "FNB", "reportedCurrency": "USD", "cik": "0000037808", "fillingDate": "2018-02-28", "acceptedDate": "2018-02-28 11:36:12", "calendarYear": "2017", "period": "FY", "revenue": 1098883000, "costOfRevenue": 0, "grossProfit": 1098883000, "grossProfitRatio": 1, "researchAndDevelopmentExpenses": 0, "generalAndAdministrativeExpenses": 359795000, "sellingAndMarketingExpenses": 11505000, "sellingGeneralAndAdministrativeExpenses": 359795000, "otherExpenses": -184731000, "operatingExpenses": 11505000, "costAndExpenses": 11505000, "interestIncome": 980326000, "interestExpense": 133892000, "depreciationAndAmortization": 17517000, "ebitda": 578958000, "ebitdaratio": 0.5268604574, "operatingIncome": 561441000, "operatingIncomeRatio": 0.5109197248, "totalOtherIncomeExpensesNet": -205172000, "incomeBeforeTax": 356269000, "incomeBeforeTaxRatio": 0.3242101297, "incomeTaxExpense": 157065000, "netIncome": 199204000, "netIncomeRatio": 0.1812786257, "eps": 0.63, "epsdiluted": 0.63, "weightedAverageShsOut": 303433333, "weightedAverageShsOutDil": 303857976, "link": "https://www.sec.gov/Archives/edgar/data/37808/000003780818000005/0000037808-18-000005-index.htm", "finalLink": "https://www.sec.gov/Archives/edgar/data/37808/000003780818000005/fnb-10xk2017xq4.htm", "calculatedOtherExpenses": 177647000, "calculatedOperatingExpenses": 537442000, "calculatedNetInterest": 846434000, "calculatedOtherIncome": -1051606000, "calculatedIncomeNonControlling": 0, "calculatedEbitda": 578958000}, {"date": "2016-12-31", "symbol": "FNB", "reportedCurrency": "USD", "cik": "0000037808", "fillingDate": "2017-02-23", "acceptedDate": "2017-02-23 11:24:54", "calendarYear": "2016", "period": "FY", "revenue": 813273000, "costOfRevenue": 8170000, "grossProfit": 805103000, "grossProfitRatio": 0.9899541728, "researchAndDevelopmentExpenses": 0, "generalAndAdministrativeExpenses": 259001000, "sellingAndMarketingExpenses": 10141000, "sellingGeneralAndAdministrativeExpenses": 259001000, "otherExpenses": -146824000, "operatingExpenses": 10141000, "costAndExpenses": 18311000, "interestIncome": 678963000, "interestExpense": 67451000, "depreciationAndAmortization": 11210000, "ebitda": 374342000, "ebitdaratio": 0.4602907019, "operatingIncome": 363132000, "operatingIncomeRatio": 0.4465068925, "totalOtherIncomeExpensesNet": -116744000, "incomeBeforeTax": 246388000, "incomeBeforeTaxRatio": 0.3029585391, "incomeTaxExpense": 75497000, "netIncome": 170891000, "netIncomeRatio": 0.2101274726, "eps": 0.79, "epsdiluted": 0.78, "weightedAverageShsOut": 206139241, "weightedAverageShsOutDil": 207768609, "link": "https://www.sec.gov/Archives/edgar/data/37808/000119312517053369/0001193125-17-053369-index.htm", "finalLink": "https://www.sec.gov/Archives/edgar/data/37808/000119312517053369/d280128d10k.htm", "calculatedOtherExpenses": 182970000, "calculatedOperatingExpenses": 441971000, "calculatedNetInterest": 611512000, "calculatedOtherIncome": -728256000, "calculatedIncomeNonControlling": 0, "calculatedEbitda": 374342000}, {"date": "2015-12-31", "symbol": "FNB", "reportedCurrency": "USD", "cik": "0000037808", "fillingDate": "2016-02-26", "acceptedDate": "2016-02-26 13:56:16", "calendarYear": "2015", "period": "FY", "revenue": 668267000, "costOfRevenue": 13796000, "grossProfit": 654471000, "grossProfitRatio": 0.979355557, "researchAndDevelopmentExpenses": 0, "generalAndAdministrativeExpenses": 214856000, "sellingAndMarketingExpenses": 8396000, "sellingGeneralAndAdministrativeExpenses": 214856000, "otherExpenses": -555468000, "operatingExpenses": -340612000, "costAndExpenses": 13796000, "interestIncome": 546795000, "interestExpense": 48573000, "depreciationAndAmortization": 8305000, "ebitda": 322164000, "ebitdaratio": 0.482088746, "operatingIncome": 313859000, "operatingIncomeRatio": 0.4696610786, "totalOtherIncomeExpensesNet": -76582000, "incomeBeforeTax": 237277000, "incomeBeforeTaxRatio": 0.3550631709, "incomeTaxExpense": 69993000, "netIncome": 159649000, "netIncomeRatio": 0.2389000205, "eps": 0.87, "epsdiluted": 0.86, "weightedAverageShsOut": 174262069, "weightedAverageShsOutDil": 176338953, "link": "https://www.sec.gov/Archives/edgar/data/37808/000119312516481147/0001193125-16-481147-index.htm", "finalLink": "https://www.sec.gov/Archives/edgar/data/37808/000119312516481147/d95476d10k.htm", "calculatedOtherExpenses": 125756000, "calculatedOperatingExpenses": 340612000, "calculatedNetInterest": 498222000, "calculatedOtherIncome": -574804000, "calculatedIncomeNonControlling": 7635000, "calculatedEbitda": 322164000}, {"date": "2014-12-31", "symbol": "FNB", "reportedCurrency": "USD", "cik": "0000037808", "fillingDate": "2015-02-27", "acceptedDate": "2015-02-27 16:32:53", "calendarYear": "2014", "period": "FY", "revenue": 631470000, "costOfRevenue": 11832000, "grossProfit": 619638000, "grossProfitRatio": 0.9812627678, "researchAndDevelopmentExpenses": 0, "generalAndAdministrativeExpenses": 205735000, "sellingAndMarketingExpenses": 7824000, "sellingGeneralAndAdministrativeExpenses": 205735000, "otherExpenses": 0, "operatingExpenses": 7824000, "costAndExpenses": 19656000, "interestIncome": 508983000, "interestExpense": 42686000, "depreciationAndAmortization": 9717000, "ebitda": 289475000, "ebitdaratio": 0.4584144932, "operatingIncome": 279758000, "operatingIncomeRatio": 0.4430265888, "totalOtherIncomeExpensesNet": -66189000, "incomeBeforeTax": 213569000, "incomeBeforeTaxRatio": 0.3382092578, "incomeTaxExpense": 62620000, "netIncome": 144050000, "netIncomeRatio": 0.2281185171, "eps": 0.81, "epsdiluted": 0.8, "weightedAverageShsOut": 167528395, "weightedAverageShsOutDil": 169078845, "link": "https://www.sec.gov/Archives/edgar/data/37808/000119312515069940/0001193125-15-069940-index.htm", "finalLink": "https://www.sec.gov/Archives/edgar/data/37808/000119312515069940/d837410d10k.htm", "calculatedOtherExpenses": 134145000, "calculatedOperatingExpenses": 339880000, "calculatedNetInterest": 466297000, "calculatedOtherIncome": -532486000, "calculatedIncomeNonControlling": 6899000, "calculatedEbitda": 289475000}, {"date": "2013-12-31", "symbol": "FNB", "reportedCurrency": "USD", "cik": "0000037808", "fillingDate": "2014-02-28", "acceptedDate": "2014-02-28 15:32:04", "calendarYear": "2013", "period": "FY", "revenue": 538789000, "costOfRevenue": 10914000, "grossProfit": 527875000, "grossProfitRatio": 0.9797434617, "researchAndDevelopmentExpenses": 0, "generalAndAdministrativeExpenses": 190163000, "sellingAndMarketingExpenses": 6349000, "sellingGeneralAndAdministrativeExpenses": 190163000, "otherExpenses": 0, "operatingExpenses": 6349000, "costAndExpenses": 17263000, "interestIncome": 440386000, "interestExpense": 44344000, "depreciationAndAmortization": 8407000, "ebitda": 277663000, "ebitdaratio": 0.5153464529, "operatingIncome": 269256000, "operatingIncomeRatio": 0.499742942, "totalOtherIncomeExpensesNet": -99727000, "incomeBeforeTax": 169529000, "incomeBeforeTaxRatio": 0.3146482204, "incomeTaxExpense": 44756000, "netIncome": 117804000, "netIncomeRatio": 0.2186458892, "eps": 0.81, "epsdiluted": 0.8, "weightedAverageShsOut": 145437037, "weightedAverageShsOutDil": 147809504, "link": "https://www.sec.gov/Archives/edgar/data/37808/000119312514077045/0001193125-14-077045-index.htm", "finalLink": "https://www.sec.gov/Archives/edgar/data/37808/000119312514077045/d656848d10k.htm", "calculatedOtherExpenses": 68456000, "calculatedOperatingExpenses": 258619000, "calculatedNetInterest": 396042000, "calculatedOtherIncome": -495769000, "calculatedIncomeNonControlling": 6969000, "calculatedEbitda": 277663000}, {"date": "2012-12-31", "symbol": "FNB", "reportedCurrency": "USD", "cik": "0000037808", "fillingDate": "2013-02-28", "acceptedDate": "2013-02-28 16:02:35", "calendarYear": "2012", "period": "FY", "revenue": 511696000, "costOfRevenue": 10745000, "grossProfit": 500951000, "grossProfitRatio": 0.9790012038, "researchAndDevelopmentExpenses": 0, "generalAndAdministrativeExpenses": 168219000, "sellingAndMarketingExpenses": 4991000, "sellingGeneralAndAdministrativeExpenses": 168219000, "otherExpenses": 0, "operatingExpenses": 4991000, "costAndExpenses": 15736000, "interestIncome": 431906000, "interestExpense": 59055000, "depreciationAndAmortization": 9135000, "ebitda": 245065000, "ebitdaratio": 0.478926941, "operatingIncome": 235930000, "operatingIncomeRatio": 0.4610745443, "totalOtherIncomeExpensesNet": -74365000, "incomeBeforeTax": 161565000, "incomeBeforeTaxRatio": 0.3157441137, "incomeTaxExpense": 43773000, "netIncome": 110410000, "netIncomeRatio": 0.2157726463, "eps": 0.79, "epsdiluted": 0.79, "weightedAverageShsOut": 139135272, "weightedAverageShsOutDil": 140640165, "link": "https://www.sec.gov/Archives/edgar/data/37808/000119312513084078/0001193125-13-084078-index.htm", "finalLink": "https://www.sec.gov/Archives/edgar/data/37808/000119312513084078/d434498d10k.htm", "calculatedOtherExpenses": 96802000, "calculatedOperatingExpenses": 265021000, "calculatedNetInterest": 372851000, "calculatedOtherIncome": -447216000, "calculatedIncomeNonControlling": 7382000, "calculatedEbitda": 245065000}, {"date": "2011-12-31", "symbol": "FNB", "reportedCurrency": "USD", "cik": "0000037808", "fillingDate": "2012-02-28", "acceptedDate": "2012-02-28 17:03:48", "calendarYear": "2011", "period": "FY", "revenue": 444387000, "costOfRevenue": 7895000, "grossProfit": 436492000, "grossProfitRatio": 0.9822339537, "researchAndDevelopmentExpenses": 0, "generalAndAdministrativeExpenses": 149817000, "sellingAndMarketingExpenses": 6375000, "sellingGeneralAndAdministrativeExpenses": 149817000, "otherExpenses": 66000, "operatingExpenses": 6375000, "costAndExpenses": 14270000, "interestIncome": 399020000, "interestExpense": 74617000, "depreciationAndAmortization": 7228000, "ebitda": 216164000, "ebitdaratio": 0.4864318713, "operatingIncome": 208936000, "operatingIncomeRatio": 0.4701667691, "totalOtherIncomeExpensesNet": -81990000, "incomeBeforeTax": 126946000, "incomeBeforeTaxRatio": 0.2856654223, "incomeTaxExpense": 39899000, "netIncome": 87047000, "netIncomeRatio": 0.1958810676, "eps": 0.7, "epsdiluted": 0.7, "weightedAverageShsOut": 124145924, "weightedAverageShsOutDil": 125012078, "link": "https://www.sec.gov/Archives/edgar/data/37808/000119312512085669/0001193125-12-085669-index.htm", "finalLink": "https://www.sec.gov/Archives/edgar/data/37808/000119312512085669/d267789d10k.htm", "calculatedOtherExpenses": 77739000, "calculatedOperatingExpenses": 227556000, "calculatedNetInterest": 324403000, "calculatedOtherIncome": -406393000, "calculatedIncomeNonControlling": 0, "calculatedEbitda": 216164000}, {"date": "2010-12-31", "symbol": "FNB", "reportedCurrency": "USD", "cik": "0000037808", "fillingDate": "2011-02-25", "acceptedDate": "2011-02-25 15:35:23", "calendarYear": "2010", "period": "FY", "revenue": 403301000, "costOfRevenue": 0, "grossProfit": 403301000, "grossProfitRatio": 1, "researchAndDevelopmentExpenses": 0, "generalAndAdministrativeExpenses": 126259000, "sellingAndMarketingExpenses": 5161000, "sellingGeneralAndAdministrativeExpenses": 126259000, "otherExpenses": 2339000, "operatingExpenses": 5161000, "costAndExpenses": 5161000, "interestIncome": 373721000, "interestExpense": 88731000, "depreciationAndAmortization": 6714000, "ebitda": 219201000, "ebitdaratio": 0.5435171249, "operatingIncome": 212487000, "operatingIncomeRatio": 0.5268695094, "totalOtherIncomeExpensesNet": -109951000, "incomeBeforeTax": 102536000, "incomeBeforeTaxRatio": 0.254241869, "incomeTaxExpense": 27884000, "netIncome": 74652000, "netIncomeRatio": 0.1851024421, "eps": 0.66, "epsdiluted": 0.65, "weightedAverageShsOut": 113923612, "weightedAverageShsOutDil": 114281733, "link": "https://www.sec.gov/Archives/edgar/data/37808/000095012311018643/0000950123-11-018643-index.htm", "finalLink": "https://www.sec.gov/Archives/edgar/data/37808/000095012311018643/l40885e10vk.htm", "calculatedOtherExpenses": 64555000, "calculatedOperatingExpenses": 190814000, "calculatedNetInterest": 284990000, "calculatedOtherIncome": -394941000, "calculatedIncomeNonControlling": 0, "calculatedEbitda": 219201000}, {"date": "2009-12-31", "symbol": "FNB", "reportedCurrency": "USD", "cik": "0000037808", "fillingDate": "2010-02-26", "acceptedDate": "2010-02-26 12:09:09", "calendarYear": "2009", "period": "FY", "revenue": 380414000, "costOfRevenue": 0, "grossProfit": 380414000, "grossProfitRatio": 1, "researchAndDevelopmentExpenses": 0, "generalAndAdministrativeExpenses": 178929000, "sellingAndMarketingExpenses": 5321000, "sellingGeneralAndAdministrativeExpenses": 184250000, "otherExpenses": 7893000, "operatingExpenses": 5321000, "costAndExpenses": 5321000, "interestIncome": 387576000, "interestExpense": 121179000, "depreciationAndAmortization": 25858000, "ebitda": 197417000, "ebitdaratio": 0.5189530354, "operatingIncome": 171559000, "operatingIncomeRatio": 0.4509797221, "totalOtherIncomeExpensesNet": -121179000, "incomeBeforeTax": 50380000, "incomeBeforeTaxRatio": 0.1324346633, "incomeTaxExpense": 9269000, "netIncome": 41111000, "netIncomeRatio": 0.1080691037, "eps": 0.32, "epsdiluted": 0.32, "weightedAverageShsOut": 102580415, "weightedAverageShsOutDil": 102849334, "link": "https://www.sec.gov/Archives/edgar/data/37808/000095012310017771/0000950123-10-017771-index.htm", "finalLink": "https://www.sec.gov/Archives/edgar/data/37808/000095012310017771/l38910e10vk.htm", "calculatedOtherExpenses": 24605000, "calculatedOperatingExpenses": 208855000, "calculatedNetInterest": 266397000, "calculatedOtherIncome": -387576000, "calculatedIncomeNonControlling": 0, "calculatedEbitda": 197417000}, {"date": "2008-12-31", "symbol": "FNB", "reportedCurrency": "USD", "cik": "0000037808", "fillingDate": "2009-03-02", "acceptedDate": "2009-03-02 14:53:40", "calendarYear": "2008", "period": "FY", "revenue": 355096000, "costOfRevenue": 0, "grossProfit": 355096000, "grossProfitRatio": 1, "researchAndDevelopmentExpenses": 0, "generalAndAdministrativeExpenses": 119587000, "sellingAndMarketingExpenses": 4589000, "sellingGeneralAndAdministrativeExpenses": 124176000, "otherExpenses": 0, "operatingExpenses": 4589000, "costAndExpenses": 4589000, "interestIncome": 409781000, "interestExpense": 157989000, "depreciationAndAmortization": 20970000, "ebitda": 221791000, "ebitdaratio": 0.6245944759, "operatingIncome": 200821000, "operatingIncomeRatio": 0.565540023, "totalOtherIncomeExpensesNet": -157989000, "incomeBeforeTax": 42832000, "incomeBeforeTaxRatio": 0.1206209025, "incomeTaxExpense": 7237000, "netIncome": 35595000, "netIncomeRatio": 0.1002404983, "eps": 0.44, "epsdiluted": 0.44, "weightedAverageShsOut": 80654153, "weightedAverageShsOutDil": 80997987, "link": "https://www.sec.gov/Archives/edgar/data/37808/000095015209002050/0000950152-09-002050-index.htm", "finalLink": "https://www.sec.gov/Archives/edgar/data/37808/000095015209002050/l35059ae10vk.htm", "calculatedOtherExpenses": 30099000, "calculatedOperatingExpenses": 154275000, "calculatedNetInterest": 251792000, "calculatedOtherIncome": -409781000, "calculatedIncomeNonControlling": 0, "calculatedEbitda": 221791000}, {"date": "2007-12-31", "symbol": "FNB", "reportedCurrency": "USD", "cik": "0000037808", "fillingDate": "2008-02-29", "acceptedDate": "2008-02-29 14:59:03", "calendarYear": "2007", "period": "FY", "revenue": 276564000, "costOfRevenue": 0, "grossProfit": 276564000, "grossProfitRatio": 1, "researchAndDevelopmentExpenses": 0, "generalAndAdministrativeExpenses": 89528000, "sellingAndMarketingExpenses": 2914000, "sellingGeneralAndAdministrativeExpenses": 92442000, "otherExpenses": 0, "operatingExpenses": 2914000, "costAndExpenses": 2914000, "interestIncome": 368890000, "interestExpense": 174053000, "depreciationAndAmortization": 13433000, "ebitda": 285625000, "ebitdaratio": 1.0327627602, "operatingIncome": 272192000, "operatingIncomeRatio": 0.9841917242, "totalOtherIncomeExpensesNet": -174053000, "incomeBeforeTax": 98139000, "incomeBeforeTaxRatio": 0.3548509567, "incomeTaxExpense": 28461000, "netIncome": 69678000, "netIncomeRatio": 0.2519416844, "eps": 1.16, "epsdiluted": 1.15, "weightedAverageShsOut": 60135859, "weightedAverageShsOutDil": 60629065, "link": "https://www.sec.gov/Archives/edgar/data/37808/000095015208001560/0000950152-08-001560-index.htm", "finalLink": "https://www.sec.gov/Archives/edgar/data/37808/000095015208001560/l29845ae10vk.htm", "calculatedOtherExpenses": -88070000, "calculatedOperatingExpenses": 4372000, "calculatedNetInterest": 194837000, "calculatedOtherIncome": -368890000, "calculatedIncomeNonControlling": 0, "calculatedEbitda": 285625000}, {"date": "2006-12-31", "symbol": "FNB", "reportedCurrency": "USD", "cik": "0000037808", "fillingDate": "2007-02-28", "acceptedDate": "2007-02-28 16:37:36", "calendarYear": "2006", "period": "FY", "revenue": 268112000, "costOfRevenue": 0, "grossProfit": 268112000, "grossProfitRatio": 1, "researchAndDevelopmentExpenses": 0, "generalAndAdministrativeExpenses": 86207000, "sellingAndMarketingExpenses": 2845000, "sellingGeneralAndAdministrativeExpenses": 89052000, "otherExpenses": 0, "operatingExpenses": 3210000, "costAndExpenses": 3210000, "interestIncome": 342422000, "interestExpense": 153585000, "depreciationAndAmortization": 14467000, "ebitda": 265238000, "ebitdaratio": 0.9892805992, "operatingIncome": 250771000, "operatingIncomeRatio": 0.9353218058, "totalOtherIncomeExpensesNet": -153585000, "incomeBeforeTax": 97186000, "incomeBeforeTaxRatio": 0.362482843, "incomeTaxExpense": 29537000, "netIncome": 67649000, "netIncomeRatio": 0.2523161962, "eps": 1.15, "epsdiluted": 1.14, "weightedAverageShsOut": 58825217, "weightedAverageShsOutDil": 59341228, "link": "https://www.sec.gov/Archives/edgar/data/37808/000095015207001623/0000950152-07-001623-index.htm", "finalLink": "https://www.sec.gov/Archives/edgar/data/37808/000095015207001623/l24095ae10vk.htm", "calculatedOtherExpenses": -71711000, "calculatedOperatingExpenses": 17341000, "calculatedNetInterest": 188837000, "calculatedOtherIncome": -342422000, "calculatedIncomeNonControlling": 0, "calculatedEbitda": 265238000}, {"date": "2005-12-31", "symbol": "FNB", "reportedCurrency": "USD", "cik": "0000037808", "fillingDate": "2006-03-16", "acceptedDate": "2006-03-16 15:01:36", "calendarYear": "2005", "period": "FY", "revenue": 246356000, "costOfRevenue": 0, "grossProfit": 246356000, "grossProfitRatio": 1, "researchAndDevelopmentExpenses": 0, "generalAndAdministrativeExpenses": 83689000, "sellingAndMarketingExpenses": 3210000, "sellingGeneralAndAdministrativeExpenses": 86899000, "otherExpenses": 0, "operatingExpenses": 2142000, "costAndExpenses": 2142000, "interestIncome": 297189000, "interestExpense": 108780000, "depreciationAndAmortization": 15315000, "ebitda": 201200000, "ebitdaratio": 0.8167042816, "operatingIncome": 61795000, "operatingIncomeRatio": 0.2508361883, "totalOtherIncomeExpensesNet": 27537000, "incomeBeforeTax": 77105000, "incomeBeforeTaxRatio": 0.312982026, "incomeTaxExpense": 21847000, "netIncome": 55258000, "netIncomeRatio": 0.2243014175, "eps": 0.99, "epsdiluted": 0.98, "weightedAverageShsOut": 55816162, "weightedAverageShsOutDil": 56385714, "link": "https://www.sec.gov/Archives/edgar/data/37808/000095015206002182/0000950152-06-002182-index.htm", "finalLink": "https://www.sec.gov/Archives/edgar/data/37808/000095015206002182/j1822001e10vk.htm", "calculatedOtherExpenses": 97662000, "calculatedOperatingExpenses": 184561000, "calculatedNetInterest": 188409000, "calculatedOtherIncome": -173099000, "calculatedIncomeNonControlling": 0, "calculatedEbitda": 77110000}, {"date": "2004-12-31", "symbol": "FNB", "reportedCurrency": "USD", "cik": "0000037808", "fillingDate": "2005-03-15", "acceptedDate": "2005-03-15 16:54:56", "calendarYear": "2004", "period": "FY", "revenue": 248199000, "costOfRevenue": 0, "grossProfit": 248199000, "grossProfitRatio": 1, "researchAndDevelopmentExpenses": 0, "generalAndAdministrativeExpenses": 74024000, "sellingAndMarketingExpenses": 2142000, "sellingGeneralAndAdministrativeExpenses": 76166000, "otherExpenses": -150643000, "operatingExpenses": -74477000, "costAndExpenses": -74477000, "interestIncome": 254448000, "interestExpense": 84390000, "depreciationAndAmortization": 14620000, "ebitda": 188342000, "ebitdaratio": 0.7588346448, "operatingIncome": 173722000, "operatingIncomeRatio": 0.6999302979, "totalOtherIncomeExpensesNet": -84390000, "incomeBeforeTax": 89332000, "incomeBeforeTaxRatio": 0.3599208699, "incomeTaxExpense": 27537000, "netIncome": 61795000, "netIncomeRatio": 0.2489736059, "eps": 1.31, "epsdiluted": 1.29, "weightedAverageShsOut": 47171756, "weightedAverageShsOutDil": 47903101, "link": "https://www.sec.gov/Archives/edgar/data/37808/000095015205002153/0000950152-05-002153-index.htm", "finalLink": "https://www.sec.gov/Archives/edgar/data/37808/000095015205002153/j1204401e10vk.htm", "calculatedOtherExpenses": -1689000, "calculatedOperatingExpenses": 74477000, "calculatedNetInterest": 170058000, "calculatedOtherIncome": -254448000, "calculatedIncomeNonControlling": 0, "calculatedEbitda": 188342000}, {"date": "2003-12-31", "symbol": "FNB", "reportedCurrency": "USD", "cik": "0000037808", "fillingDate": "2004-03-15", "acceptedDate": "2004-03-15 16:14:45", "calendarYear": "2003", "period": "FY", "revenue": 424048000, "costOfRevenue": 0, "grossProfit": 424048000, "grossProfitRatio": 1, "researchAndDevelopmentExpenses": 0, "generalAndAdministrativeExpenses": 170900000, "sellingAndMarketingExpenses": 3863000, "sellingGeneralAndAdministrativeExpenses": 174763000, "otherExpenses": -384589000, "operatingExpenses": -209826000, "costAndExpenses": -209826000, "interestIncome": 423313000, "interestExpense": 129836000, "depreciationAndAmortization": 31974000, "ebitda": 246196000, "ebitdaratio": 0.5805852168, "operatingIncome": 214222000, "operatingIncomeRatio": 0.5051833755, "totalOtherIncomeExpensesNet": -129836000, "incomeBeforeTax": 84386000, "incomeBeforeTaxRatio": 0.1990010565, "incomeTaxExpense": 25597000, "netIncome": 58789000, "netIncomeRatio": 0.1386376071, "eps": 1.27, "epsdiluted": 1.25, "weightedAverageShsOut": 46241732, "weightedAverageShsOutDil": 46981600, "link": "https://www.sec.gov/Archives/edgar/data/37808/000095012804000287/0000950128-04-000287-index.htm", "finalLink": "https://www.sec.gov/Archives/edgar/data/37808/000095012804000287/j0499301e10vk.txt", "calculatedOtherExpenses": 35063000, "calculatedOperatingExpenses": 209826000, "calculatedNetInterest": 293477000, "calculatedOtherIncome": -423313000, "calculatedIncomeNonControlling": 0, "calculatedEbitda": 246196000}, {"date": "2002-12-31", "symbol": "FNB", "reportedCurrency": "USD", "cik": "0000037808", "fillingDate": "2003-03-18", "acceptedDate": "2003-03-18 13:58:57", "calendarYear": "2002", "period": "FY", "revenue": 401986000, "costOfRevenue": 0, "grossProfit": 401986000, "grossProfitRatio": 1, "researchAndDevelopmentExpenses": 0, "generalAndAdministrativeExpenses": 143210000, "sellingAndMarketingExpenses": 3697000, "sellingGeneralAndAdministrativeExpenses": 146907000, "otherExpenses": -309774000, "operatingExpenses": -162867000, "costAndExpenses": -162867000, "interestIncome": 426784000, "interestExpense": 145671000, "depreciationAndAmortization": 20232000, "ebitda": 259351000, "ebitdaratio": 0.64517421, "operatingIncome": 239119000, "operatingIncomeRatio": 0.594844099, "totalOtherIncomeExpensesNet": -145671000, "incomeBeforeTax": 93448000, "incomeBeforeTaxRatio": 0.2324658073, "incomeTaxExpense": 30113000, "netIncome": 63335000, "netIncomeRatio": 0.1575552382, "eps": 1.37, "epsdiluted": 1.35, "weightedAverageShsOut": 46049635, "weightedAverageShsOutDil": 46731852, "link": "https://www.sec.gov/Archives/edgar/data/37808/000095012803000381/0000950128-03-000381-index.htm", "finalLink": "https://www.sec.gov/Archives/edgar/data/37808/000095012803000381/j9925601e10vk.txt", "calculatedOtherExpenses": 15960000, "calculatedOperatingExpenses": 162867000, "calculatedNetInterest": 281113000, "calculatedOtherIncome": -426784000, "calculatedIncomeNonControlling": 0, "calculatedEbitda": 259351000}, {"date": "2001-12-31", "symbol": "FNB", "reportedCurrency": "USD", "cik": "0000037808", "fillingDate": "2002-03-26", "acceptedDate": "2002-03-26 00:00:00", "calendarYear": "2001", "period": "FY", "revenue": 253825000, "costOfRevenue": 0, "grossProfit": 253825000, "grossProfitRatio": 1, "researchAndDevelopmentExpenses": 0, "generalAndAdministrativeExpenses": 99933000, "sellingAndMarketingExpenses": 2698000, "sellingGeneralAndAdministrativeExpenses": 102631000, "otherExpenses": -164709000, "operatingExpenses": -62078000, "costAndExpenses": -62078000, "interestIncome": 296693000, "interestExpense": 125667000, "depreciationAndAmortization": 13918000, "ebitda": 205665000, "ebitdaratio": 0.8102629765, "operatingIncome": 191747000, "operatingIncomeRatio": 0.7554299222, "totalOtherIncomeExpensesNet": -125667000, "incomeBeforeTax": 66080000, "incomeBeforeTaxRatio": 0.2603368463, "incomeTaxExpense": 21508000, "netIncome": 44572000, "netIncomeRatio": 0.1756013001, "eps": 1.19, "epsdiluted": 1.17, "weightedAverageShsOut": 28215662, "weightedAverageShsOutDil": 28945377, "link": "https://www.sec.gov/Archives/edgar/data/37808/000095012802000312/0000950128-02-000312-index.htm", "finalLink": "https://www.sec.gov/Archives/edgar/data/37808/000095012802000312/j9337301e10-k.txt", "calculatedOtherExpenses": -40553000, "calculatedOperatingExpenses": 62078000, "calculatedNetInterest": 171026000, "calculatedOtherIncome": -296693000, "calculatedIncomeNonControlling": 0, "calculatedEbitda": 205665000}, {"date": "2000-12-31", "symbol": "FNB", "reportedCurrency": "USD", "cik": "0000037808", "fillingDate": "2001-03-20", "acceptedDate": "2001-03-20 00:00:00", "calendarYear": "2000", "period": "FY", "revenue": 211200000, "costOfRevenue": 0, "grossProfit": 211200000, "grossProfitRatio": 1, "researchAndDevelopmentExpenses": 0, "generalAndAdministrativeExpenses": 76600000, "sellingAndMarketingExpenses": 2500000, "sellingGeneralAndAdministrativeExpenses": 79100000, "otherExpenses": -92200000, "operatingExpenses": -13100000, "costAndExpenses": -13100000, "interestIncome": 290900000, "interestExpense": 135300000, "depreciationAndAmortization": 12600000, "ebitda": 210700000, "ebitdaratio": 0.9976325758, "operatingIncome": 198100000, "operatingIncomeRatio": 0.9379734848, "totalOtherIncomeExpensesNet": -135300000, "incomeBeforeTax": 62800000, "incomeBeforeTaxRatio": 0.2973484848, "incomeTaxExpense": 20100000, "netIncome": 42700000, "netIncomeRatio": 0.2021780303, "eps": 1.38, "epsdiluted": 1.35, "weightedAverageShsOut": 31629710, "weightedAverageShsOutDil": 32332593, "link": "https://www.sec.gov/Archives/edgar/data/37808/000095012801000500/0000950128-01-000500-index.htm", "finalLink": "https://www.sec.gov/Archives/edgar/data/37808/000095012801000500/j8718901e10-k.txt", "calculatedOtherExpenses": -66000000, "calculatedOperatingExpenses": 13100000, "calculatedNetInterest": 155600000, "calculatedOtherIncome": -290900000, "calculatedIncomeNonControlling": 0, "calculatedEbitda": 210700000}, {"date": "1999-12-31", "symbol": "FNB", "reportedCurrency": "USD", "cik": "0000037808", "fillingDate": "2000-03-14", "acceptedDate": "2000-03-14 00:00:00", "calendarYear": "1999", "period": "FY", "revenue": 195300000, "costOfRevenue": 0, "grossProfit": 195300000, "grossProfitRatio": 1, "researchAndDevelopmentExpenses": 0, "generalAndAdministrativeExpenses": 70200000, "sellingAndMarketingExpenses": 2800000, "sellingGeneralAndAdministrativeExpenses": 73000000, "otherExpenses": -105300000, "operatingExpenses": -32300000, "costAndExpenses": -32300000, "interestIncome": 254900000, "interestExpense": 106500000, "depreciationAndAmortization": 11300000, "ebitda": 174300000, "ebitdaratio": 0.8924731183, "operatingIncome": 163000000, "operatingIncomeRatio": 0.8346134153, "totalOtherIncomeExpensesNet": -106500000, "incomeBeforeTax": 56500000, "incomeBeforeTaxRatio": 0.2892985151, "incomeTaxExpense": 17200000, "netIncome": 39300000, "netIncomeRatio": 0.2012288786, "eps": 1.54, "epsdiluted": 1.49, "weightedAverageShsOut": 26124605, "weightedAverageShsOutDil": 27035928, "link": "https://www.sec.gov/Archives/edgar/data/37808/000095012800000520/0000950128-00-000520-index.html", "finalLink": "https://www.sec.gov/Archives/edgar/data/37808/000095012800000520/", "calculatedOtherExpenses": -40700000, "calculatedOperatingExpenses": 32300000, "calculatedNetInterest": 148400000, "calculatedOtherIncome": -254900000, "calculatedIncomeNonControlling": 0, "calculatedEbitda": 174300000}, {"date": "1998-12-31", "symbol": "FNB", "reportedCurrency": "USD", "cik": "0000037808", "fillingDate": "1999-03-17", "acceptedDate": "1999-03-17 00:00:00", "calendarYear": "1998", "period": "FY", "revenue": 164300000, "costOfRevenue": 0, "grossProfit": 164300000, "grossProfitRatio": 1, "researchAndDevelopmentExpenses": 0, "generalAndAdministrativeExpenses": 57900000, "sellingAndMarketingExpenses": 2400000, "sellingGeneralAndAdministrativeExpenses": 60300000, "otherExpenses": -73300000, "operatingExpenses": -13000000, "costAndExpenses": -13000000, "interestIncome": 236000000, "interestExpense": 103400000, "depreciationAndAmortization": 8600000, "ebitda": 159900000, "ebitdaratio": 0.97321972, "operatingIncome": 151300000, "operatingIncomeRatio": 0.9208764455, "totalOtherIncomeExpensesNet": -103400000, "incomeBeforeTax": 47900000, "incomeBeforeTaxRatio": 0.2915398661, "incomeTaxExpense": 16000000, "netIncome": 31900000, "netIncomeRatio": 0.1941570298, "eps": 1.29, "epsdiluted": 1.24, "weightedAverageShsOut": 25161754, "weightedAverageShsOutDil": 26161558, "link": "https://www.sec.gov/Archives/edgar/data/37808/000095012899000583/0000950128-99-000583-index.html", "finalLink": "https://www.sec.gov/Archives/edgar/data/37808/", "calculatedOtherExpenses": -47300000, "calculatedOperatingExpenses": 13000000, "calculatedNetInterest": 132600000, "calculatedOtherIncome": -236000000, "calculatedIncomeNonControlling": 0, "calculatedEbitda": 159900000}, {"date": "1997-12-31", "symbol": "FNB", "reportedCurrency": "USD", "cik": "0000037808", "fillingDate": "1998-03-18", "acceptedDate": "1998-03-18 00:00:00", "calendarYear": "1997", "period": "FY", "revenue": 134100000, "costOfRevenue": 0, "grossProfit": 134100000, "grossProfitRatio": 1, "researchAndDevelopmentExpenses": 0, "generalAndAdministrativeExpenses": 46400000, "sellingAndMarketingExpenses": 2200000, "sellingGeneralAndAdministrativeExpenses": 48600000, "otherExpenses": -54100000, "operatingExpenses": -5500000, "costAndExpenses": -5500000, "interestIncome": 195500000, "interestExpense": 84500000, "depreciationAndAmortization": 6900000, "ebitda": 135500000, "ebitdaratio": 1.0104399702, "operatingIncome": 128600000, "operatingIncomeRatio": 0.9589858315, "totalOtherIncomeExpensesNet": -93300000, "incomeBeforeTax": 35300000, "incomeBeforeTaxRatio": 0.2632363908, "incomeTaxExpense": 11000000, "netIncome": 33100000, "netIncomeRatio": 0.2468307233, "eps": 1.61, "epsdiluted": 1.53, "weightedAverageShsOut": 22163719, "weightedAverageShsOutDil": 23300320, "link": "https://www.sec.gov/Archives/edgar/data/37808/000095012898000636/0000950128-98-000636-index.html", "finalLink": "https://www.sec.gov/Archives/edgar/data/37808/", "calculatedOtherExpenses": -43100000, "calculatedOperatingExpenses": 5500000, "calculatedNetInterest": 111000000, "calculatedOtherIncome": -204300000, "calculatedIncomeNonControlling": -8800000, "calculatedEbitda": 135500000}, {"date": "1996-12-31", "symbol": "FNB", "reportedCurrency": "USD", "cik": "0000037808", "fillingDate": "1997-03-19", "acceptedDate": "1997-03-19 00:00:00", "calendarYear": "1996", "period": "FY", "revenue": 96000000, "costOfRevenue": 0, "grossProfit": 96000000, "grossProfitRatio": 1, "researchAndDevelopmentExpenses": 0, "generalAndAdministrativeExpenses": 30400000, "sellingAndMarketingExpenses": 1800000, "sellingGeneralAndAdministrativeExpenses": 32200000, "otherExpenses": -42800000, "operatingExpenses": -10600000, "costAndExpenses": -10600000, "interestIncome": 139000000, "interestExpense": 58300000, "depreciationAndAmortization": 4100000, "ebitda": 89500000, "ebitdaratio": 0.9322916667, "operatingIncome": 85400000, "operatingIncomeRatio": 0.8895833333, "totalOtherIncomeExpensesNet": -58300000, "incomeBeforeTax": 27100000, "incomeBeforeTaxRatio": 0.2822916667, "incomeTaxExpense": 8700000, "netIncome": 18400000, "netIncomeRatio": 0.1916666667, "eps": 1.01, "epsdiluted": 0.99, "weightedAverageShsOut": 20791190, "weightedAverageShsOutDil": 21421226, "link": "https://www.sec.gov/Archives/edgar/data/37808/000095012897000642/0000950128-97-000642-index.html", "finalLink": "https://www.sec.gov/Archives/edgar/data/37808/", "calculatedOtherExpenses": -21600000, "calculatedOperatingExpenses": 10600000, "calculatedNetInterest": 80700000, "calculatedOtherIncome": -139000000, "calculatedIncomeNonControlling": 0, "calculatedEbitda": 89500000}, {"date": "1995-12-31", "symbol": "FNB", "reportedCurrency": "USD", "cik": "0000037808", "fillingDate": "1996-03-18", "acceptedDate": "1996-03-18 00:00:00", "calendarYear": "1995", "period": "FY", "revenue": 92300000, "costOfRevenue": 0, "grossProfit": 92300000, "grossProfitRatio": 1, "researchAndDevelopmentExpenses": 0, "generalAndAdministrativeExpenses": 29100000, "sellingAndMarketingExpenses": 2300000, "sellingGeneralAndAdministrativeExpenses": 31400000, "otherExpenses": -38900000, "operatingExpenses": -7500000, "costAndExpenses": -7500000, "interestIncome": 135400000, "interestExpense": 58100000, "depreciationAndAmortization": 4700000, "ebitda": 89500000, "ebitdaratio": 0.9696641387, "operatingIncome": 84800000, "operatingIncomeRatio": 0.9187432286, "totalOtherIncomeExpensesNet": -58100000, "incomeBeforeTax": 26700000, "incomeBeforeTaxRatio": 0.2892741062, "incomeTaxExpense": 8600000, "netIncome": 18100000, "netIncomeRatio": 0.196099675, "eps": 1.56, "epsdiluted": 1.49, "weightedAverageShsOut": 10987513, "weightedAverageShsOutDil": 12159921, "link": "https://www.sec.gov/Archives/edgar/data/37808/000095012896000220/0000950128-96-000220-index.html", "finalLink": "https://www.sec.gov/Archives/edgar/data/37808/", "calculatedOtherExpenses": -23900000, "calculatedOperatingExpenses": 7500000, "calculatedNetInterest": 77300000, "calculatedOtherIncome": -135400000, "calculatedIncomeNonControlling": 0, "calculatedEbitda": 89500000}, {"date": "1994-12-31", "symbol": "FNB", "reportedCurrency": "USD", "cik": "0000037808", "fillingDate": "1994-12-31", "acceptedDate": "1994-12-30 19:00:00", "calendarYear": "1994", "period": "FY", "revenue": 89100000, "costOfRevenue": 0, "grossProfit": 89100000, "grossProfitRatio": 1, "researchAndDevelopmentExpenses": 0, "generalAndAdministrativeExpenses": 27700000, "sellingAndMarketingExpenses": 2100000, "sellingGeneralAndAdministrativeExpenses": 29800000, "otherExpenses": -48500000, "operatingExpenses": -18700000, "costAndExpenses": -18700000, "interestIncome": 124900000, "interestExpense": 50200000, "depreciationAndAmortization": 6200000, "ebitda": 76600000, "ebitdaratio": 0.859708193, "operatingIncome": 70400000, "operatingIncomeRatio": 0.7901234568, "totalOtherIncomeExpensesNet": -50200000, "incomeBeforeTax": 20200000, "incomeBeforeTaxRatio": 0.22671156, "incomeTaxExpense": 6700000, "netIncome": 13500000, "netIncomeRatio": 0.1515151515, "eps": 1.15, "epsdiluted": 1.12, "weightedAverageShsOut": 10953424, "weightedAverageShsOutDil": 10953424, "link": "", "finalLink": "", "calculatedOtherExpenses": -11100000, "calculatedOperatingExpenses": 18700000, "calculatedNetInterest": 74700000, "calculatedOtherIncome": -124900000, "calculatedIncomeNonControlling": 0, "calculatedEbitda": 76600000}, {"date": "1993-12-31", "symbol": "FNB", "reportedCurrency": "USD", "cik": "0000037808", "fillingDate": "1993-12-31", "acceptedDate": "1993-12-30 19:00:00", "calendarYear": "1993", "period": "FY", "revenue": 86200000, "costOfRevenue": 0, "grossProfit": 86200000, "grossProfitRatio": 1, "researchAndDevelopmentExpenses": 0, "generalAndAdministrativeExpenses": 27900000, "sellingAndMarketingExpenses": 0, "sellingGeneralAndAdministrativeExpenses": 27900000, "otherExpenses": -43800000, "operatingExpenses": -15900000, "costAndExpenses": -15900000, "interestIncome": 125500000, "interestExpense": 55300000, "depreciationAndAmortization": 7700000, "ebitda": 78000000, "ebitdaratio": 0.9048723898, "operatingIncome": 70300000, "operatingIncomeRatio": 0.8155452436, "totalOtherIncomeExpensesNet": -55300000, "incomeBeforeTax": 15000000, "incomeBeforeTaxRatio": 0.1740139211, "incomeTaxExpense": 4500000, "netIncome": 10500000, "netIncomeRatio": 0.1218097448, "eps": 0.88, "epsdiluted": 0.87, "weightedAverageShsOut": 10962192, "weightedAverageShsOutDil": 10962192, "link": "", "finalLink": "", "calculatedOtherExpenses": -12000000, "calculatedOperatingExpenses": 15900000, "calculatedNetInterest": 70200000, "calculatedOtherIncome": -125500000, "calculatedIncomeNonControlling": 0, "calculatedEbitda": 78000000}, {"date": "1992-12-31", "symbol": "FNB", "reportedCurrency": "USD", "cik": "0000037808", "fillingDate": "1992-12-31", "acceptedDate": "1992-12-30 19:00:00", "calendarYear": "1992", "period": "FY", "revenue": 76700000, "costOfRevenue": 0, "grossProfit": 76700000, "grossProfitRatio": 1, "researchAndDevelopmentExpenses": 0, "generalAndAdministrativeExpenses": 24200000, "sellingAndMarketingExpenses": 0, "sellingGeneralAndAdministrativeExpenses": 24200000, "otherExpenses": -28600000, "operatingExpenses": -4400000, "costAndExpenses": -4400000, "interestIncome": 125800000, "interestExpense": 62500000, "depreciationAndAmortization": 6200000, "ebitda": 78500000, "ebitdaratio": 1.0234680574, "operatingIncome": 72300000, "operatingIncomeRatio": 0.9426336375, "totalOtherIncomeExpensesNet": -62500000, "incomeBeforeTax": 9800000, "incomeBeforeTaxRatio": 0.1277705346, "incomeTaxExpense": 3000000, "netIncome": 6800000, "netIncomeRatio": 0.0886571056, "eps": 0.48, "epsdiluted": 0.48, "weightedAverageShsOut": 14053129, "weightedAverageShsOutDil": 14053129, "link": "", "finalLink": "", "calculatedOtherExpenses": -19800000, "calculatedOperatingExpenses": 4400000, "calculatedNetInterest": 63300000, "calculatedOtherIncome": -125800000, "calculatedIncomeNonControlling": 0, "calculatedEbitda": 78500000}, {"date": "1991-12-31", "symbol": "FNB", "reportedCurrency": "USD", "cik": "0000037808", "fillingDate": "1991-12-31", "acceptedDate": "1991-12-30 19:00:00", "calendarYear": "1991", "period": "FY", "revenue": 62300000, "costOfRevenue": 0, "grossProfit": 62300000, "grossProfitRatio": 1, "researchAndDevelopmentExpenses": 0, "generalAndAdministrativeExpenses": 20600000, "sellingAndMarketingExpenses": 0, "sellingGeneralAndAdministrativeExpenses": 20600000, "otherExpenses": 3500000, "operatingExpenses": 24100000, "costAndExpenses": 24100000, "interestIncome": 124200000, "interestExpense": 72800000, "depreciationAndAmortization": 3900000, "ebitda": 90300000, "ebitdaratio": 1.4494382022, "operatingIncome": 86400000, "operatingIncomeRatio": 1.3868378812, "totalOtherIncomeExpensesNet": -72800000, "incomeBeforeTax": 13600000, "incomeBeforeTaxRatio": 0.2182985554, "incomeTaxExpense": 3600000, "netIncome": 10000000, "netIncomeRatio": 0.1605136437, "eps": 0.79, "epsdiluted": 0.79, "weightedAverageShsOut": 12672794, "weightedAverageShsOutDil": 12672794, "link": "", "finalLink": "", "calculatedOtherExpenses": -44700000, "calculatedOperatingExpenses": -24100000, "calculatedNetInterest": 51400000, "calculatedOtherIncome": -124200000, "calculatedIncomeNonControlling": 0, "calculatedEbitda": 90300000}, {"date": "1990-12-31", "symbol": "FNB", "reportedCurrency": "USD", "cik": "0000037808", "fillingDate": "1990-12-31", "acceptedDate": "1990-12-30 19:00:00", "calendarYear": "1990", "period": "FY", "revenue": 51100000, "costOfRevenue": 0, "grossProfit": 51100000, "grossProfitRatio": 1, "researchAndDevelopmentExpenses": 0, "generalAndAdministrativeExpenses": 17500000, "sellingAndMarketingExpenses": 0, "sellingGeneralAndAdministrativeExpenses": 17500000, "otherExpenses": 12600000, "operatingExpenses": 30100000, "costAndExpenses": 30100000, "interestIncome": 112500000, "interestExpense": 69300000, "depreciationAndAmortization": 3300000, "ebitda": 84500000, "ebitdaratio": 1.6536203523, "operatingIncome": 81200000, "operatingIncomeRatio": 1.5890410959, "totalOtherIncomeExpensesNet": -69300000, "incomeBeforeTax": 11900000, "incomeBeforeTaxRatio": 0.2328767123, "incomeTaxExpense": 2800000, "netIncome": 9100000, "netIncomeRatio": 0.1780821918, "eps": 0.8, "epsdiluted": 0.8, "weightedAverageShsOut": 11424468, "weightedAverageShsOutDil": 11424468, "link": "", "finalLink": "", "calculatedOtherExpenses": -47600000, "calculatedOperatingExpenses": -30100000, "calculatedNetInterest": 43200000, "calculatedOtherIncome": -112500000, "calculatedIncomeNonControlling": 0, "calculatedEbitda": 84500000}, {"date": "1989-12-31", "symbol": "FNB", "reportedCurrency": "USD", "cik": "0000037808", "fillingDate": "1989-12-31", "acceptedDate": "1989-12-30 19:00:00", "calendarYear": "1989", "period": "FY", "revenue": 0, "costOfRevenue": 0, "grossProfit": 0, "grossProfitRatio": 0, "researchAndDevelopmentExpenses": 0, "generalAndAdministrativeExpenses": 0, "sellingAndMarketingExpenses": 0, "sellingGeneralAndAdministrativeExpenses": 0, "otherExpenses": 8600000, "operatingExpenses": 8600000, "costAndExpenses": 8600000, "interestIncome": 0, "interestExpense": 0, "depreciationAndAmortization": 0, "ebitda": 8600000, "ebitdaratio": 0, "operatingIncome": 8600000, "operatingIncomeRatio": 0, "totalOtherIncomeExpensesNet": 0, "incomeBeforeTax": 0, "incomeBeforeTaxRatio": 0, "incomeTaxExpense": -8600000, "netIncome": 8600000, "netIncomeRatio": 0, "eps": 0.76, "epsdiluted": 0.76, "weightedAverageShsOut": 11305146, "weightedAverageShsOutDil": 11305146, "link": "", "finalLink": "", "calculatedOtherExpenses": -8600000, "calculatedOperatingExpenses": -8600000, "calculatedNetInterest": 0, "calculatedOtherIncome": -8600000, "calculatedIncomeNonControlling": 0, "calculatedEbitda": 8600000}, {"date": "1988-12-31", "symbol": "FNB", "reportedCurrency": "USD", "cik": "0000037808", "fillingDate": "1988-12-31", "acceptedDate": "1988-12-30 19:00:00", "calendarYear": "1988", "period": "FY", "revenue": 0, "costOfRevenue": 0, "grossProfit": 0, "grossProfitRatio": 0, "researchAndDevelopmentExpenses": 0, "generalAndAdministrativeExpenses": 0, "sellingAndMarketingExpenses": 0, "sellingGeneralAndAdministrativeExpenses": 0, "otherExpenses": 7800000, "operatingExpenses": 7800000, "costAndExpenses": 7800000, "interestIncome": 0, "interestExpense": 0, "depreciationAndAmortization": 0, "ebitda": 7800000, "ebitdaratio": 0, "operatingIncome": 7800000, "operatingIncomeRatio": 0, "totalOtherIncomeExpensesNet": 0, "incomeBeforeTax": 0, "incomeBeforeTaxRatio": 0, "incomeTaxExpense": -7800000, "netIncome": 7800000, "netIncomeRatio": 0, "eps": 0.7, "epsdiluted": 0.7, "weightedAverageShsOut": 11122073, "weightedAverageShsOutDil": 11122073, "link": "", "finalLink": "", "calculatedOtherExpenses": -7800000, "calculatedOperatingExpenses": -7800000, "calculatedNetInterest": 0, "calculatedOtherIncome": -7800000, "calculatedIncomeNonControlling": 0, "calculatedEbitda": 7800000}]}