{"originalCurrency": "USD", "convertedCurrency": "USD", "report": [{"date": "2023-12-28", "symbol": "FND", "reportedCurrency": "USD", "cik": "0001507079", "fillingDate": "2024-02-22", "acceptedDate": "2024-02-22 16:21:18", "calendarYear": "2023", "period": "FY", "revenue": 4413884000, "costOfRevenue": 2555536000, "grossProfit": 1858348000, "grossProfitRatio": 0.4210232983, "researchAndDevelopmentExpenses": 0, "generalAndAdministrativeExpenses": 252713000, "sellingAndMarketingExpenses": 1239225000, "sellingGeneralAndAdministrativeExpenses": 1491938000, "otherExpenses": 44982000, "operatingExpenses": 1536920000, "costAndExpenses": 4092456000, "interestIncome": 0, "interestExpense": 9897000, "depreciationAndAmortization": 201869000, "ebitda": 523297000, "ebitdaratio": 0.118557035, "operatingIncome": 321428000, "operatingIncomeRatio": 0.0728220316, "totalOtherIncomeExpensesNet": -9897000, "incomeBeforeTax": 311531000, "incomeBeforeTaxRatio": 0.0705797887, "incomeTaxExpense": 65551000, "netIncome": 245980000, "netIncomeRatio": 0.0557286961, "eps": 2.31, "epsdiluted": 2.28, "weightedAverageShsOut": 106264000, "weightedAverageShsOutDil": 107882000, "link": "https://www.sec.gov/Archives/edgar/data/1507079/000150707924000010/0001507079-24-000010-index.htm", "finalLink": "https://www.sec.gov/Archives/edgar/data/1507079/000150707924000010/fnd-20231228.htm", "calculatedOtherExpenses": 44982000, "calculatedOperatingExpenses": 1536920000, "calculatedNetInterest": -9897000, "calculatedOtherIncome": 0, "calculatedIncomeNonControlling": 0, "calculatedEbitda": 523297000}, {"date": "2022-12-29", "symbol": "FND", "reportedCurrency": "USD", "cik": "0001507079", "fillingDate": "2023-02-23", "acceptedDate": "2023-02-23 16:21:46", "calendarYear": "2022", "period": "FY", "revenue": 4264473000, "costOfRevenue": 2536757000, "grossProfit": 1727716000, "grossProfitRatio": 0.4051417373, "researchAndDevelopmentExpenses": 0, "generalAndAdministrativeExpenses": 213848000, "sellingAndMarketingExpenses": 1078466000, "sellingGeneralAndAdministrativeExpenses": 1292314000, "otherExpenses": 38642000, "operatingExpenses": 1330956000, "costAndExpenses": 3867713000, "interestIncome": 11138000, "interestExpense": 11138000, "depreciationAndAmortization": 155023000, "ebitda": 551783000, "ebitdaratio": 0.1293906656, "operatingIncome": 396760000, "operatingIncomeRatio": 0.0930384599, "totalOtherIncomeExpensesNet": -11138000, "incomeBeforeTax": 385622000, "incomeBeforeTaxRatio": 0.0904266483, "incomeTaxExpense": 87427000, "netIncome": 298195000, "netIncomeRatio": 0.0699254046, "eps": 2.82, "epsdiluted": 2.78, "weightedAverageShsOut": 105626000, "weightedAverageShsOutDil": 107443000, "link": "https://www.sec.gov/Archives/edgar/data/1507079/000150707923000008/0001507079-23-000008-index.htm", "finalLink": "https://www.sec.gov/Archives/edgar/data/1507079/000150707923000008/fnd-20221229.htm", "calculatedOtherExpenses": 38642000, "calculatedOperatingExpenses": 1330956000, "calculatedNetInterest": 0, "calculatedOtherIncome": -11138000, "calculatedIncomeNonControlling": 0, "calculatedEbitda": 551783000}, {"date": "2021-12-30", "symbol": "FND", "reportedCurrency": "USD", "cik": "0001507079", "fillingDate": "2022-02-24", "acceptedDate": "2022-02-24 16:10:40", "calendarYear": "2021", "period": "FY", "revenue": 3433533000, "costOfRevenue": 2011267000, "grossProfit": 1422266000, "grossProfitRatio": 0.4142281434, "researchAndDevelopmentExpenses": 0, "generalAndAdministrativeExpenses": 199401000, "sellingAndMarketingExpenses": 849440000, "sellingGeneralAndAdministrativeExpenses": 1048841000, "otherExpenses": 34433000, "operatingExpenses": 1083274000, "costAndExpenses": 3094541000, "interestIncome": 4924000, "interestExpense": 4924000, "depreciationAndAmortization": 118196000, "ebitda": 457188000, "ebitdaratio": 0.1331538098, "operatingIncome": 338992000, "operatingIncomeRatio": 0.0987297923, "totalOtherIncomeExpensesNet": -4924000, "incomeBeforeTax": 334068000, "incomeBeforeTaxRatio": 0.097295701, "incomeTaxExpense": 50838000, "netIncome": 283230000, "netIncomeRatio": 0.0824893776, "eps": 2.71, "epsdiluted": 2.64, "weightedAverageShsOut": 104683000, "weightedAverageShsOutDil": 107390000, "link": "https://www.sec.gov/Archives/edgar/data/1507079/000150707922000009/0001507079-22-000009-index.htm", "finalLink": "https://www.sec.gov/Archives/edgar/data/1507079/000150707922000009/fnd-20211230.htm", "calculatedOtherExpenses": 34433000, "calculatedOperatingExpenses": 1083274000, "calculatedNetInterest": 0, "calculatedOtherIncome": -4924000, "calculatedIncomeNonControlling": 0, "calculatedEbitda": 457188000}, {"date": "2020-12-31", "symbol": "FND", "reportedCurrency": "USD", "cik": "0001507079", "fillingDate": "2021-02-25", "acceptedDate": "2021-02-25 16:09:44", "calendarYear": "2020", "period": "FY", "revenue": 2425788000, "costOfRevenue": 1390896000, "grossProfit": 1034892000, "grossProfitRatio": 0.4266209578, "researchAndDevelopmentExpenses": 0, "generalAndAdministrativeExpenses": 144715000, "sellingAndMarketingExpenses": 654100000, "sellingGeneralAndAdministrativeExpenses": 798815000, "otherExpenses": 21498000, "operatingExpenses": 820313000, "costAndExpenses": 2211209000, "interestIncome": 8389000, "interestExpense": 8389000, "depreciationAndAmortization": 91640000, "ebitda": 306219000, "ebitdaratio": 0.1262348565, "operatingIncome": 214579000, "operatingIncomeRatio": 0.0884574415, "totalOtherIncomeExpensesNet": -7374000, "incomeBeforeTax": 207205000, "incomeBeforeTaxRatio": 0.0854176045, "incomeTaxExpense": 12224000, "netIncome": 194981000, "netIncomeRatio": 0.0803784172, "eps": 1.9, "epsdiluted": 1.84, "weightedAverageShsOut": 102690000, "weightedAverageShsOutDil": 106142000, "link": "https://www.sec.gov/Archives/edgar/data/1507079/000150707921000005/0001507079-21-000005-index.htm", "finalLink": "https://www.sec.gov/Archives/edgar/data/1507079/000150707921000005/fnd-20201231.htm", "calculatedOtherExpenses": 21498000, "calculatedOperatingExpenses": 820313000, "calculatedNetInterest": 0, "calculatedOtherIncome": -7374000, "calculatedIncomeNonControlling": 0, "calculatedEbitda": 306219000}, {"date": "2019-12-26", "symbol": "FND", "reportedCurrency": "USD", "cik": "0001507079", "fillingDate": "2020-02-20", "acceptedDate": "2020-02-20 16:22:56", "calendarYear": "2019", "period": "FY", "revenue": 2045456000, "costOfRevenue": 1182442000, "grossProfit": 863014000, "grossProfitRatio": 0.4219176555, "researchAndDevelopmentExpenses": 0, "generalAndAdministrativeExpenses": 132386000, "sellingAndMarketingExpenses": 546853000, "sellingGeneralAndAdministrativeExpenses": 679239000, "otherExpenses": 24594000, "operatingExpenses": 703833000, "costAndExpenses": 1886275000, "interestIncome": 8801000, "interestExpense": 8801000, "depreciationAndAmortization": 74001000, "ebitda": 233182000, "ebitdaratio": 0.1140000078, "operatingIncome": 159181000, "operatingIncomeRatio": 0.0778217669, "totalOtherIncomeExpensesNet": -8801000, "incomeBeforeTax": 150380000, "incomeBeforeTaxRatio": 0.0735190588, "incomeTaxExpense": -251000, "netIncome": 150631000, "netIncomeRatio": 0.0736417699, "eps": 1.51, "epsdiluted": 1.44, "weightedAverageShsOut": 99435000, "weightedAverageShsOutDil": 104962000, "link": "https://www.sec.gov/Archives/edgar/data/1507079/000155837020001086/0001558370-20-001086-index.htm", "finalLink": "https://www.sec.gov/Archives/edgar/data/1507079/000155837020001086/fnd-20191226x10k178fb5.htm", "calculatedOtherExpenses": 24594000, "calculatedOperatingExpenses": 703833000, "calculatedNetInterest": 0, "calculatedOtherIncome": -8801000, "calculatedIncomeNonControlling": 0, "calculatedEbitda": 233182000}, {"date": "2018-12-27", "symbol": "FND", "reportedCurrency": "USD", "cik": "0001507079", "fillingDate": "2019-02-25", "acceptedDate": "2019-02-25 09:37:54", "calendarYear": "2018", "period": "FY", "revenue": 1709848000, "costOfRevenue": 1007580000, "grossProfit": 702268000, "grossProfitRatio": 0.4107195493, "researchAndDevelopmentExpenses": 0, "generalAndAdministrativeExpenses": 105327000, "sellingAndMarketingExpenses": 439495000, "sellingGeneralAndAdministrativeExpenses": 544822000, "otherExpenses": 26145000, "operatingExpenses": 570967000, "costAndExpenses": 1578547000, "interestIncome": 0, "interestExpense": 8917000, "depreciationAndAmortization": 51992000, "ebitda": 183293000, "ebitdaratio": 0.1071984176, "operatingIncome": 131301000, "operatingIncomeRatio": 0.0767910364, "totalOtherIncomeExpensesNet": -8917000, "incomeBeforeTax": 122384000, "incomeBeforeTaxRatio": 0.071575953, "incomeTaxExpense": 6197000, "netIncome": 116187000, "netIncomeRatio": 0.0679516542, "eps": 1.11, "epsdiluted": 1.11, "weightedAverageShsOut": 104561000, "weightedAverageShsOutDil": 104561000, "link": "https://www.sec.gov/Archives/edgar/data/1507079/000155837019000956/0001558370-19-000956-index.htm", "finalLink": "https://www.sec.gov/Archives/edgar/data/1507079/000155837019000956/fnd-20181227x10k.htm", "calculatedOtherExpenses": 26145000, "calculatedOperatingExpenses": 570967000, "calculatedNetInterest": -8917000, "calculatedOtherIncome": 0, "calculatedIncomeNonControlling": 0, "calculatedEbitda": 183293000}, {"date": "2017-12-28", "symbol": "FND", "reportedCurrency": "USD", "cik": "0001507079", "fillingDate": "2018-03-05", "acceptedDate": "2018-03-05 08:01:36", "calendarYear": "2017", "period": "FY", "revenue": 1384767000, "costOfRevenue": 812203000, "grossProfit": 572564000, "grossProfitRatio": 0.4134731691, "researchAndDevelopmentExpenses": 0, "generalAndAdministrativeExpenses": 84661000, "sellingAndMarketingExpenses": 353647000, "sellingGeneralAndAdministrativeExpenses": 438308000, "otherExpenses": 16485000, "operatingExpenses": 454793000, "costAndExpenses": 1266996000, "interestIncome": 0, "interestExpense": 13777000, "depreciationAndAmortization": 38062000, "ebitda": 155833000, "ebitdaratio": 0.1125337331, "operatingIncome": 117771000, "operatingIncomeRatio": 0.0850475206, "totalOtherIncomeExpensesNet": -5442000, "incomeBeforeTax": 98552000, "incomeBeforeTaxRatio": 0.0711686515, "incomeTaxExpense": -4236000, "netIncome": 102788000, "netIncomeRatio": 0.0742276499, "eps": 1.13, "epsdiluted": 1.03, "weightedAverageShsOut": 90951000, "weightedAverageShsOutDil": 99660000, "link": "https://www.sec.gov/Archives/edgar/data/1507079/000155837018001485/0001558370-18-001485-index.htm", "finalLink": "https://www.sec.gov/Archives/edgar/data/1507079/000155837018001485/fnd-20171228x10k.htm", "calculatedOtherExpenses": 16485000, "calculatedOperatingExpenses": 454793000, "calculatedNetInterest": -13777000, "calculatedOtherIncome": -5442000, "calculatedIncomeNonControlling": 0, "calculatedEbitda": 155833000}, {"date": "2016-12-31", "symbol": "FND", "reportedCurrency": "USD", "cik": "0001507079", "fillingDate": "2016-12-31", "acceptedDate": "2016-12-31 00:00:00", "calendarYear": "2016", "period": "FY", "revenue": 1050759000, "costOfRevenue": 621497000, "grossProfit": 429262000, "grossProfitRatio": 0.4085256467, "researchAndDevelopmentExpenses": 0, "generalAndAdministrativeExpenses": 64025000, "sellingAndMarketingExpenses": 271876000, "sellingGeneralAndAdministrativeExpenses": 335901000, "otherExpenses": 13732000, "operatingExpenses": 349633000, "costAndExpenses": 971130000, "interestIncome": 0, "interestExpense": 12803000, "depreciationAndAmortization": 28604000, "ebitda": 108233000, "ebitdaratio": 0.10300459, "operatingIncome": 69129000, "operatingIncomeRatio": 0.0657895864, "totalOtherIncomeExpensesNet": -12313000, "incomeBeforeTax": 54513000, "incomeBeforeTaxRatio": 0.0518796413, "incomeTaxExpense": 11474000, "netIncome": 43039000, "netIncomeRatio": 0.0409599156, "eps": 0.47, "epsdiluted": 0.44, "weightedAverageShsOut": 92255657, "weightedAverageShsOutDil": 97254487, "link": null, "finalLink": null, "calculatedOtherExpenses": 24232000, "calculatedOperatingExpenses": 360133000, "calculatedNetInterest": -12803000, "calculatedOtherIncome": -1813000, "calculatedIncomeNonControlling": 0, "calculatedEbitda": 97733000}, {"date": "2015-12-31", "symbol": "FND", "reportedCurrency": "USD", "cik": "0001507079", "fillingDate": "2015-12-31", "acceptedDate": "2015-12-31 00:00:00", "calendarYear": "2015", "period": "FY", "revenue": 784012000, "costOfRevenue": 471390000, "grossProfit": 312622000, "grossProfitRatio": 0.3987464478, "researchAndDevelopmentExpenses": 0, "generalAndAdministrativeExpenses": 49917000, "sellingAndMarketingExpenses": 202637000, "sellingGeneralAndAdministrativeExpenses": 252554000, "otherExpenses": 7380000, "operatingExpenses": 259934000, "costAndExpenses": 731324000, "interestIncome": 0, "interestExpense": 9386000, "depreciationAndAmortization": 19684000, "ebitda": 72372000, "ebitdaratio": 0.0923098116, "operatingIncome": 52392000, "operatingIncomeRatio": 0.0668255078, "totalOtherIncomeExpensesNet": -296000, "incomeBeforeTax": 43006000, "incomeBeforeTaxRatio": 0.0548537522, "incomeTaxExpense": 16199000, "netIncome": 26807000, "netIncomeRatio": 0.0341920787, "eps": 0.29, "epsdiluted": 0.28, "weightedAverageShsOut": 92255657, "weightedAverageShsOutDil": 97254487, "link": null, "finalLink": null, "calculatedOtherExpenses": 7676000, "calculatedOperatingExpenses": 260230000, "calculatedNetInterest": -9386000, "calculatedOtherIncome": 0, "calculatedIncomeNonControlling": 0, "calculatedEbitda": 72076000}, {"date": "2014-12-31", "symbol": "FND", "reportedCurrency": "USD", "cik": "0001507079", "fillingDate": "2014-12-31", "acceptedDate": "2014-12-31 00:00:00", "calendarYear": "2014", "period": "FY", "revenue": 584588000, "costOfRevenue": 355051000, "grossProfit": 229537000, "grossProfitRatio": 0.3926474714, "researchAndDevelopmentExpenses": 0, "generalAndAdministrativeExpenses": 38984000, "sellingAndMarketingExpenses": 146485000, "sellingGeneralAndAdministrativeExpenses": 185469000, "otherExpenses": 7412000, "operatingExpenses": 192881000, "costAndExpenses": 547932000, "interestIncome": 0, "interestExpense": 8949000, "depreciationAndAmortization": 13704000, "ebitda": 50360000, "ebitdaratio": 0.0861461405, "operatingIncome": 33681000, "operatingIncomeRatio": 0.0576149356, "totalOtherIncomeExpensesNet": -2975000, "incomeBeforeTax": 24732000, "incomeBeforeTaxRatio": 0.0423067186, "incomeTaxExpense": 9634000, "netIncome": 15098000, "netIncomeRatio": 0.0258267361, "eps": 0.16, "epsdiluted": 0.16, "weightedAverageShsOut": 92255657, "weightedAverageShsOutDil": 97254487, "link": null, "finalLink": null, "calculatedOtherExpenses": 10387000, "calculatedOperatingExpenses": 195856000, "calculatedNetInterest": -8949000, "calculatedOtherIncome": 0, "calculatedIncomeNonControlling": 0, "calculatedEbitda": 47385000}, {"date": "2013-12-31", "symbol": "FND", "reportedCurrency": "USD", "cik": "0001507079", "fillingDate": "2013-12-31", "acceptedDate": "2013-12-31 00:00:00", "calendarYear": "2013", "period": "FY", "revenue": 441394000, "costOfRevenue": 270103000, "grossProfit": 171291000, "grossProfitRatio": 0.3880682565, "researchAndDevelopmentExpenses": 0, "generalAndAdministrativeExpenses": 31736000, "sellingAndMarketingExpenses": 107097000, "sellingGeneralAndAdministrativeExpenses": 138833000, "otherExpenses": 5196000, "operatingExpenses": 144029000, "costAndExpenses": 414132000, "interestIncome": 0, "interestExpense": 7684000, "depreciationAndAmortization": 8007000, "ebitda": 35269000, "ebitdaratio": 0.0799036688, "operatingIncome": 27262000, "operatingIncomeRatio": 0.0617634132, "totalOtherIncomeExpensesNet": -1638000, "incomeBeforeTax": 17940000, "incomeBeforeTaxRatio": 0.0406439598, "incomeTaxExpense": 6857000, "netIncome": 11083000, "netIncomeRatio": 0.0251090862, "eps": 0.12, "epsdiluted": 0.11, "weightedAverageShsOut": 92255657, "weightedAverageShsOutDil": 97254487, "link": null, "finalLink": null, "calculatedOtherExpenses": 5196000, "calculatedOperatingExpenses": 144029000, "calculatedNetInterest": -7684000, "calculatedOtherIncome": -1638000, "calculatedIncomeNonControlling": 0, "calculatedEbitda": 35269000}, {"date": "2012-12-31", "symbol": "FND", "reportedCurrency": "USD", "cik": "0001507079", "fillingDate": "2012-12-31", "acceptedDate": "2012-12-31 00:00:00", "calendarYear": "2012", "period": "FY", "revenue": 335088000, "costOfRevenue": 199900000, "grossProfit": 135188000, "grossProfitRatio": 0.4034402903, "researchAndDevelopmentExpenses": 0, "generalAndAdministrativeExpenses": 21572000, "sellingAndMarketingExpenses": 86025000, "sellingGeneralAndAdministrativeExpenses": 107597000, "otherExpenses": 1544000, "operatingExpenses": 109141000, "costAndExpenses": 309041000, "interestIncome": 0, "interestExpense": 6528000, "depreciationAndAmortization": 5705000, "ebitda": 31752000, "ebitdaratio": 0.0947571981, "operatingIncome": 27468000, "operatingIncomeRatio": 0.0819724968, "totalOtherIncomeExpensesNet": 1421000, "incomeBeforeTax": 20940000, "incomeBeforeTaxRatio": 0.0624910471, "incomeTaxExpense": 8102000, "netIncome": 12838000, "netIncomeRatio": 0.0383123239, "eps": 0.14, "epsdiluted": 0.13, "weightedAverageShsOut": 92255657, "weightedAverageShsOutDil": 97254487, "link": null, "finalLink": null, "calculatedOtherExpenses": 123000, "calculatedOperatingExpenses": 107720000, "calculatedNetInterest": -6528000, "calculatedOtherIncome": 0, "calculatedIncomeNonControlling": 0, "calculatedEbitda": 33173000}, {"date": "2011-12-31", "symbol": "FND", "reportedCurrency": "USD", "cik": "0001507079", "fillingDate": "2011-12-31", "acceptedDate": "2011-12-31 00:00:00", "calendarYear": "2011", "period": "FY", "revenue": 276358000, "costOfRevenue": 163395000, "grossProfit": 112963000, "grossProfitRatio": 0.4087560338, "researchAndDevelopmentExpenses": 0, "generalAndAdministrativeExpenses": 16352000, "sellingAndMarketingExpenses": 73340000, "sellingGeneralAndAdministrativeExpenses": 89692000, "otherExpenses": 2250000, "operatingExpenses": 91942000, "costAndExpenses": 255337000, "interestIncome": 0, "interestExpense": 7031000, "depreciationAndAmortization": 4817000, "ebitda": 25838000, "ebitdaratio": 0.09349467, "operatingIncome": 21021000, "operatingIncomeRatio": 0.0760643803, "totalOtherIncomeExpensesNet": -1801000, "incomeBeforeTax": 12189000, "incomeBeforeTaxRatio": 0.0441058337, "incomeTaxExpense": 4702000, "netIncome": 7487000, "netIncomeRatio": 0.0270916709, "eps": 0.0812, "epsdiluted": 0.077, "weightedAverageShsOut": 92255657, "weightedAverageShsOutDil": 97254487, "link": null, "finalLink": null, "calculatedOtherExpenses": 2250000, "calculatedOperatingExpenses": 91942000, "calculatedNetInterest": -7031000, "calculatedOtherIncome": -1801000, "calculatedIncomeNonControlling": 0, "calculatedEbitda": 25838000}]}