{"originalCurrency": "USD", "convertedCurrency": "USD", "report": [{"date": "2023-12-31", "symbol": "FNF", "reportedCurrency": "USD", "cik": "0001331875", "fillingDate": "2024-02-29", "acceptedDate": "2024-02-29 14:17:33", "calendarYear": "2023", "period": "FY", "revenue": 11788000000, "costOfRevenue": 1521000000, "grossProfit": 10267000000, "grossProfitRatio": 0.8709704785, "researchAndDevelopmentExpenses": 0, "generalAndAdministrativeExpenses": 2908000000, "sellingAndMarketingExpenses": 0, "sellingGeneralAndAdministrativeExpenses": 2908000000, "otherExpenses": -7030000000, "operatingExpenses": 7030000000, "costAndExpenses": -10885000000, "interestIncome": 2376000000, "interestExpense": 174000000, "depreciationAndAmortization": 593000000, "ebitda": 609000000, "ebitdaratio": 0.0516627078, "operatingIncome": 16000000, "operatingIncomeRatio": 0.0013573125, "totalOtherIncomeExpensesNet": 693000000, "incomeBeforeTax": 693000000, "incomeBeforeTaxRatio": 0.0587885986, "incomeTaxExpense": 192000000, "netIncome": 517000000, "netIncomeRatio": 0.0438581608, "eps": 1.91, "epsdiluted": 1.91, "weightedAverageShsOut": 270000000, "weightedAverageShsOutDil": 271000000, "link": "https://www.sec.gov/Archives/edgar/data/1331875/000133187524000019/0001331875-24-000019-index.htm", "finalLink": "https://www.sec.gov/Archives/edgar/data/1331875/000133187524000019/fnf-20231231.htm", "calculatedOtherExpenses": 7343000000, "calculatedOperatingExpenses": 10251000000, "calculatedNetInterest": 2202000000, "calculatedOtherIncome": -1525000000, "calculatedIncomeNonControlling": -16000000, "calculatedEbitda": 609000000}, {"date": "2022-12-31", "symbol": "FNF", "reportedCurrency": "USD", "cik": "0001331875", "fillingDate": "2023-02-27", "acceptedDate": "2023-02-27 15:37:34", "calendarYear": "2022", "period": "FY", "revenue": 11556000000, "costOfRevenue": 1721000000, "grossProfit": 9835000000, "grossProfitRatio": 0.8510730357, "researchAndDevelopmentExpenses": 0, "generalAndAdministrativeExpenses": 3192000000, "sellingAndMarketingExpenses": 0, "sellingGeneralAndAdministrativeExpenses": 3192000000, "otherExpenses": -8473000000, "operatingExpenses": 8683000000, "costAndExpenses": 10021000000, "interestIncome": 1891000000, "interestExpense": 115000000, "depreciationAndAmortization": 496000000, "ebitda": 2145000000, "ebitdaratio": 0.1856178609, "operatingIncome": 1649000000, "operatingIncomeRatio": 0.1426964348, "totalOtherIncomeExpensesNet": -114000000, "incomeBeforeTax": 1535000000, "incomeBeforeTaxRatio": 0.1328314296, "incomeTaxExpense": 398000000, "netIncome": 1294000000, "netIncomeRatio": 0.1119764624, "eps": 4.71, "epsdiluted": 4.67, "weightedAverageShsOut": 275000000, "weightedAverageShsOutDil": 277000000, "link": "https://www.sec.gov/Archives/edgar/data/1331875/000133187523000023/0001331875-23-000023-index.htm", "finalLink": "https://www.sec.gov/Archives/edgar/data/1331875/000133187523000023/fnf-20221231.htm", "calculatedOtherExpenses": 4994000000, "calculatedOperatingExpenses": 8186000000, "calculatedNetInterest": 1776000000, "calculatedOtherIncome": -1890000000, "calculatedIncomeNonControlling": -157000000, "calculatedEbitda": 2145000000}, {"date": "2021-12-31", "symbol": "FNF", "reportedCurrency": "USD", "cik": "0001331875", "fillingDate": "2022-02-25", "acceptedDate": "2022-02-25 16:11:18", "calendarYear": "2021", "period": "FY", "revenue": 15643000000, "costOfRevenue": 1929000000, "grossProfit": 13714000000, "grossProfitRatio": 0.8766860577, "researchAndDevelopmentExpenses": 0, "generalAndAdministrativeExpenses": 3528000000, "sellingAndMarketingExpenses": 0, "sellingGeneralAndAdministrativeExpenses": 3528000000, "otherExpenses": -16036000000, "operatingExpenses": -12508000000, "costAndExpenses": 12560000000, "interestIncome": 1961000000, "interestExpense": 114000000, "depreciationAndAmortization": 645000000, "ebitda": 3780000000, "ebitdaratio": 0.2416416288, "operatingIncome": 3135000000, "operatingIncomeRatio": 0.2004091287, "totalOtherIncomeExpensesNet": -52000000, "incomeBeforeTax": 3083000000, "incomeBeforeTaxRatio": 0.1970849581, "incomeTaxExpense": 713000000, "netIncome": 2797000000, "netIncomeRatio": 0.1788020201, "eps": 8.5, "epsdiluted": 8.44, "weightedAverageShsOut": 285000000, "weightedAverageShsOutDil": 287000000, "link": "https://www.sec.gov/Archives/edgar/data/1331875/000133187522000024/0001331875-22-000024-index.htm", "finalLink": "https://www.sec.gov/Archives/edgar/data/1331875/000133187522000024/fnf-20211231.htm", "calculatedOtherExpenses": 7051000000, "calculatedOperatingExpenses": 10579000000, "calculatedNetInterest": 1847000000, "calculatedOtherIncome": -1899000000, "calculatedIncomeNonControlling": -427000000, "calculatedEbitda": 3780000000}, {"date": "2020-12-31", "symbol": "FNF", "reportedCurrency": "USD", "cik": "0001331875", "fillingDate": "2021-03-01", "acceptedDate": "2021-03-01 16:07:51", "calendarYear": "2020", "period": "FY", "revenue": 10778000000, "costOfRevenue": 1759000000, "grossProfit": 9019000000, "grossProfitRatio": 0.8367971794, "researchAndDevelopmentExpenses": 0, "generalAndAdministrativeExpenses": 2951000000, "sellingAndMarketingExpenses": 0, "sellingGeneralAndAdministrativeExpenses": 2951000000, "otherExpenses": -11980000000, "operatingExpenses": -9029000000, "costAndExpenses": 8994000000, "interestIncome": 900000000, "interestExpense": 90000000, "depreciationAndAmortization": 296000000, "ebitda": 2045000000, "ebitdaratio": 0.1897383559, "operatingIncome": 1749000000, "operatingIncomeRatio": 0.1622750046, "totalOtherIncomeExpensesNet": 35000000, "incomeBeforeTax": 1784000000, "incomeBeforeTaxRatio": 0.1655223604, "incomeTaxExpense": 322000000, "netIncome": 1427000000, "netIncomeRatio": 0.132399332, "eps": 5.02, "epsdiluted": 4.99, "weightedAverageShsOut": 284000000, "weightedAverageShsOutDil": 286000000, "link": "https://www.sec.gov/Archives/edgar/data/1331875/000133187521000015/0001331875-21-000015-index.htm", "finalLink": "https://www.sec.gov/Archives/edgar/data/1331875/000133187521000015/fnf-20201231.htm", "calculatedOtherExpenses": 4319000000, "calculatedOperatingExpenses": 7270000000, "calculatedNetInterest": 810000000, "calculatedOtherIncome": -775000000, "calculatedIncomeNonControlling": 35000000, "calculatedEbitda": 2045000000}, {"date": "2019-12-31", "symbol": "FNF", "reportedCurrency": "USD", "cik": "0001331875", "fillingDate": "2020-02-14", "acceptedDate": "2020-02-14 15:16:20", "calendarYear": "2019", "period": "FY", "revenue": 8469000000, "costOfRevenue": 1681000000, "grossProfit": 6788000000, "grossProfitRatio": 0.8015113945, "researchAndDevelopmentExpenses": 0, "generalAndAdministrativeExpenses": 2696000000, "sellingAndMarketingExpenses": 0, "sellingGeneralAndAdministrativeExpenses": 2696000000, "otherExpenses": -9795000000, "operatingExpenses": -7099000000, "costAndExpenses": 7100000000, "interestIncome": 225000000, "interestExpense": 47000000, "depreciationAndAmortization": 178000000, "ebitda": 1548000000, "ebitdaratio": 0.1827842721, "operatingIncome": 1370000000, "operatingIncomeRatio": 0.1617664423, "totalOtherIncomeExpensesNet": -1000000, "incomeBeforeTax": 1369000000, "incomeBeforeTaxRatio": 0.1616483646, "incomeTaxExpense": 308000000, "netIncome": 1062000000, "netIncomeRatio": 0.1253985122, "eps": 3.89, "epsdiluted": 3.83, "weightedAverageShsOut": 273000000, "weightedAverageShsOutDil": 277000000, "link": "https://www.sec.gov/Archives/edgar/data/1331875/000133187520000008/0001331875-20-000008-index.htm", "finalLink": "https://www.sec.gov/Archives/edgar/data/1331875/000133187520000008/fnf12311910-k.htm", "calculatedOtherExpenses": 2722000000, "calculatedOperatingExpenses": 5418000000, "calculatedNetInterest": 178000000, "calculatedOtherIncome": -179000000, "calculatedIncomeNonControlling": -1000000, "calculatedEbitda": 1548000000}, {"date": "2018-12-31", "symbol": "FNF", "reportedCurrency": "USD", "cik": "0001331875", "fillingDate": "2019-02-19", "acceptedDate": "2019-02-19 16:24:17", "calendarYear": "2018", "period": "FY", "revenue": 7594000000, "costOfRevenue": 1801000000, "grossProfit": 5793000000, "grossProfitRatio": 0.7628390835, "researchAndDevelopmentExpenses": 0, "generalAndAdministrativeExpenses": 2538000000, "sellingAndMarketingExpenses": 0, "sellingGeneralAndAdministrativeExpenses": 2538000000, "otherExpenses": -9341000000, "operatingExpenses": -6803000000, "costAndExpenses": 6844000000, "interestIncome": 177000000, "interestExpense": 43000000, "depreciationAndAmortization": 182000000, "ebitda": 973000000, "ebitdaratio": 0.1281274691, "operatingIncome": 791000000, "operatingIncomeRatio": 0.1041611799, "totalOtherIncomeExpensesNet": -41000000, "incomeBeforeTax": 750000000, "incomeBeforeTaxRatio": 0.0987621807, "incomeTaxExpense": 120000000, "netIncome": 628000000, "netIncomeRatio": 0.0826968659, "eps": 2.3, "epsdiluted": 2.26, "weightedAverageShsOut": 273000000, "weightedAverageShsOutDil": 278000000, "link": "https://www.sec.gov/Archives/edgar/data/1331875/000133187519000010/0001331875-19-000010-index.htm", "finalLink": "https://www.sec.gov/Archives/edgar/data/1331875/000133187519000010/fnf12311810-k.htm", "calculatedOtherExpenses": 2464000000, "calculatedOperatingExpenses": 5002000000, "calculatedNetInterest": 134000000, "calculatedOtherIncome": -175000000, "calculatedIncomeNonControlling": 2000000, "calculatedEbitda": 973000000}, {"date": "2017-12-31", "symbol": "FNF", "reportedCurrency": "USD", "cik": "0001331875", "fillingDate": "2018-02-23", "acceptedDate": "2018-02-23 13:24:02", "calendarYear": "2017", "period": "FY", "revenue": 7663000000, "costOfRevenue": 1781000000, "grossProfit": 5882000000, "grossProfitRatio": 0.7675844969, "researchAndDevelopmentExpenses": 0, "generalAndAdministrativeExpenses": 2460000000, "sellingAndMarketingExpenses": 0, "sellingGeneralAndAdministrativeExpenses": 2460000000, "otherExpenses": 0, "operatingExpenses": 5243000000, "costAndExpenses": 6799000000, "interestIncome": 131000000, "interestExpense": 48000000, "depreciationAndAmortization": 183000000, "ebitda": 1443000000, "ebitdaratio": 0.1883074514, "operatingIncome": 639000000, "operatingIncomeRatio": 0.0833877072, "totalOtherIncomeExpensesNet": 225000000, "incomeBeforeTax": 864000000, "incomeBeforeTaxRatio": 0.1127495759, "incomeTaxExpense": 235000000, "netIncome": 771000000, "netIncomeRatio": 0.1006133368, "eps": 2.44, "epsdiluted": 2.38, "weightedAverageShsOut": 271000000, "weightedAverageShsOutDil": 278000000, "link": "https://www.sec.gov/Archives/edgar/data/1331875/000133187518000015/0001331875-18-000015-index.htm", "finalLink": "https://www.sec.gov/Archives/edgar/data/1331875/000133187518000015/fnf12311710-k.htm", "calculatedOtherExpenses": 2783000000, "calculatedOperatingExpenses": 5243000000, "calculatedNetInterest": 83000000, "calculatedOtherIncome": 142000000, "calculatedIncomeNonControlling": -142000000, "calculatedEbitda": 822000000}, {"date": "2016-12-31", "symbol": "FNF", "reportedCurrency": "USD", "cik": "0001331875", "fillingDate": "2017-02-27", "acceptedDate": "2017-02-27 16:16:19", "calendarYear": "2016", "period": "FY", "revenue": 9554000000, "costOfRevenue": 6000000, "grossProfit": 9548000000, "grossProfitRatio": 0.9993719908, "researchAndDevelopmentExpenses": 0, "generalAndAdministrativeExpenses": 2832000000, "sellingAndMarketingExpenses": 0, "sellingGeneralAndAdministrativeExpenses": 2832000000, "otherExpenses": -11222000000, "operatingExpenses": -8390000000, "costAndExpenses": 8482000000, "interestIncome": 129000000, "interestExpense": 136000000, "depreciationAndAmortization": 431000000, "ebitda": 1589000000, "ebitdaratio": 0.1663177727, "operatingIncome": 1158000000, "operatingIncomeRatio": 0.1212057777, "totalOtherIncomeExpensesNet": 1158000000, "incomeBeforeTax": 1072000000, "incomeBeforeTaxRatio": 0.1122043123, "incomeTaxExpense": 372000000, "netIncome": 650000000, "netIncomeRatio": 0.0680343312, "eps": 1.92, "epsdiluted": 1.92, "weightedAverageShsOut": 338812083, "weightedAverageShsOutDil": 338812083, "link": "https://www.sec.gov/Archives/edgar/data/1331875/000133187517000031/0001331875-17-000031-index.htm", "finalLink": "https://www.sec.gov/Archives/edgar/data/1331875/000133187517000031/fnf12311610-k.htm", "calculatedOtherExpenses": 5558000000, "calculatedOperatingExpenses": 8390000000, "calculatedNetInterest": -7000000, "calculatedOtherIncome": -79000000, "calculatedIncomeNonControlling": 50000000, "calculatedEbitda": 1589000000}, {"date": "2015-12-31", "symbol": "FNF", "reportedCurrency": "USD", "cik": "0001331875", "fillingDate": "2016-02-23", "acceptedDate": "2016-02-23 16:04:25", "calendarYear": "2015", "period": "FY", "revenue": 9132000000, "costOfRevenue": 1000000, "grossProfit": 9131000000, "grossProfitRatio": 0.999890495, "researchAndDevelopmentExpenses": 0, "generalAndAdministrativeExpenses": 2671000000, "sellingAndMarketingExpenses": 0, "sellingGeneralAndAdministrativeExpenses": 2671000000, "otherExpenses": -10854000000, "operatingExpenses": -8183000000, "costAndExpenses": 8265000000, "interestIncome": 123000000, "interestExpense": 131000000, "depreciationAndAmortization": 410000000, "ebitda": 1358000000, "ebitdaratio": 0.1487078406, "operatingIncome": 948000000, "operatingIncomeRatio": 0.1038107753, "totalOtherIncomeExpensesNet": 1412000000, "incomeBeforeTax": 867000000, "incomeBeforeTaxRatio": 0.0949408673, "incomeTaxExpense": 290000000, "netIncome": 527000000, "netIncomeRatio": 0.0577091546, "eps": 1.51, "epsdiluted": 1.51, "weightedAverageShsOut": 347999042, "weightedAverageShsOutDil": 347999042, "link": "https://www.sec.gov/Archives/edgar/data/1331875/000133187516000111/0001331875-16-000111-index.htm", "finalLink": "https://www.sec.gov/Archives/edgar/data/1331875/000133187516000111/fnf12311510-k.htm", "calculatedOtherExpenses": 5512000000, "calculatedOperatingExpenses": 8183000000, "calculatedNetInterest": -8000000, "calculatedOtherIncome": -73000000, "calculatedIncomeNonControlling": 50000000, "calculatedEbitda": 1358000000}, {"date": "2014-12-31", "symbol": "FNF", "reportedCurrency": "USD", "cik": "0001331875", "fillingDate": "2015-03-02", "acceptedDate": "2015-03-02 15:20:49", "calendarYear": "2014", "period": "FY", "revenue": 8024000000, "costOfRevenue": 20000000, "grossProfit": 8004000000, "grossProfitRatio": 0.9975074776, "researchAndDevelopmentExpenses": 0, "generalAndAdministrativeExpenses": 2540000000, "sellingAndMarketingExpenses": 0, "sellingGeneralAndAdministrativeExpenses": 2540000000, "otherExpenses": -9449000000, "operatingExpenses": -6909000000, "costAndExpenses": 7632000000, "interestIncome": 126000000, "interestExpense": 127000000, "depreciationAndAmortization": 403000000, "ebitda": 1498000000, "ebitdaratio": 0.1866899302, "operatingIncome": 1095000000, "operatingIncomeRatio": 0.1364656032, "totalOtherIncomeExpensesNet": 1436000000, "incomeBeforeTax": 392000000, "incomeBeforeTaxRatio": 0.0488534397, "incomeTaxExpense": 312000000, "netIncome": 583000000, "netIncomeRatio": 0.0726570289, "eps": 2.09, "epsdiluted": 2.09, "weightedAverageShsOut": 278949502, "weightedAverageShsOutDil": 278949502, "link": "https://www.sec.gov/Archives/edgar/data/1331875/000133187515000009/0001331875-15-000009-index.htm", "finalLink": "https://www.sec.gov/Archives/edgar/data/1331875/000133187515000009/fnf12311410-k.htm", "calculatedOtherExpenses": 4369000000, "calculatedOperatingExpenses": 6909000000, "calculatedNetInterest": -1000000, "calculatedOtherIncome": -702000000, "calculatedIncomeNonControlling": -503000000, "calculatedEbitda": 1498000000}, {"date": "2013-12-31", "symbol": "FNF", "reportedCurrency": "USD", "cik": "0001331875", "fillingDate": "2014-02-28", "acceptedDate": "2014-02-28 16:23:41", "calendarYear": "2013", "period": "FY", "revenue": 8565000000, "costOfRevenue": 947000000, "grossProfit": 7618000000, "grossProfitRatio": 0.889433742, "researchAndDevelopmentExpenses": 0, "generalAndAdministrativeExpenses": 2134000000, "sellingAndMarketingExpenses": 0, "sellingGeneralAndAdministrativeExpenses": 2134000000, "otherExpenses": 0, "operatingExpenses": 7198000000, "costAndExpenses": 7914000000, "interestIncome": 129000000, "interestExpense": 93000000, "depreciationAndAmortization": 137000000, "ebitda": 909000000, "ebitdaratio": 0.1061295972, "operatingIncome": 420000000, "operatingIncomeRatio": 0.0490367776, "totalOtherIncomeExpensesNet": 2535000000, "incomeBeforeTax": 651000000, "incomeBeforeTaxRatio": 0.0760070053, "incomeTaxExpense": 205000000, "netIncome": 402000000, "netIncomeRatio": 0.0469352014, "eps": 1.75, "epsdiluted": 1.71, "weightedAverageShsOut": 230000000, "weightedAverageShsOutDil": 235000000, "link": "https://www.sec.gov/Archives/edgar/data/1331875/000133187514000005/0001331875-14-000005-index.htm", "finalLink": "https://www.sec.gov/Archives/edgar/data/1331875/000133187514000005/fnf12311310-k.htm", "calculatedOtherExpenses": 5064000000, "calculatedOperatingExpenses": 7198000000, "calculatedNetInterest": 36000000, "calculatedOtherIncome": 195000000, "calculatedIncomeNonControlling": 44000000, "calculatedEbitda": 557000000}, {"date": "2012-12-31", "symbol": "FNF", "reportedCurrency": "USD", "cik": "0001331875", "fillingDate": "2013-02-27", "acceptedDate": "2013-02-26 17:48:56", "calendarYear": "2012", "period": "FY", "revenue": 7201700000, "costOfRevenue": 349500000, "grossProfit": 6852200000, "grossProfitRatio": 0.9514697919, "researchAndDevelopmentExpenses": 0, "generalAndAdministrativeExpenses": 1872900000, "sellingAndMarketingExpenses": 0, "sellingGeneralAndAdministrativeExpenses": 1872900000, "otherExpenses": 0, "operatingExpenses": 6245600000, "costAndExpenses": 6358300000, "interestIncome": 143900000, "interestExpense": 74400000, "depreciationAndAmortization": 105000000, "ebitda": 1059400000, "ebitdaratio": 0.147104156, "operatingIncome": 606600000, "operatingIncomeRatio": 0.0842301123, "totalOtherIncomeExpensesNet": 1326800000, "incomeBeforeTax": 843400000, "incomeBeforeTaxRatio": 0.1171112376, "incomeTaxExpense": 246700000, "netIncome": 606500000, "netIncomeRatio": 0.0842162267, "eps": 2.74, "epsdiluted": 2.68, "weightedAverageShsOut": 221200000, "weightedAverageShsOutDil": 226000000, "link": "https://www.sec.gov/Archives/edgar/data/1331875/000133187513000012/0001331875-13-000012-index.htm", "finalLink": "https://www.sec.gov/Archives/edgar/data/1331875/000133187513000012/fnf12311210-k.htm", "calculatedOtherExpenses": 4372700000, "calculatedOperatingExpenses": 6245600000, "calculatedNetInterest": 69500000, "calculatedOtherIncome": 167300000, "calculatedIncomeNonControlling": -9800000, "calculatedEbitda": 711600000}, {"date": "2011-12-31", "symbol": "FNF", "reportedCurrency": "USD", "cik": "0001331875", "fillingDate": "2012-02-23", "acceptedDate": "2012-02-23 16:23:31", "calendarYear": "2011", "period": "FY", "revenue": 4839600000, "costOfRevenue": 1083000000, "grossProfit": 3756600000, "grossProfitRatio": 0.7762211753, "researchAndDevelopmentExpenses": 0, "generalAndAdministrativeExpenses": 1578000000, "sellingAndMarketingExpenses": 1410800000, "sellingGeneralAndAdministrativeExpenses": 2988800000, "otherExpenses": 0, "operatingExpenses": 3466500000, "costAndExpenses": 4424800000, "interestIncome": 142700000, "interestExpense": 57200000, "depreciationAndAmortization": 73500000, "ebitda": 637400000, "ebitdaratio": 0.1317050996, "operatingIncome": 290100000, "operatingIncomeRatio": 0.0599429705, "totalOtherIncomeExpensesNet": 1429100000, "incomeBeforeTax": 414800000, "incomeBeforeTaxRatio": 0.0857095628, "incomeTaxExpense": 134400000, "netIncome": 369500000, "netIncomeRatio": 0.0763492851, "eps": 1.69, "epsdiluted": 1.66, "weightedAverageShsOut": 219000000, "weightedAverageShsOutDil": 222700000, "link": "https://www.sec.gov/Archives/edgar/data/1331875/000133187512000018/0001331875-12-000018-index.htm", "finalLink": "https://www.sec.gov/Archives/edgar/data/1331875/000133187512000018/fnf12311110-k.htm", "calculatedOtherExpenses": 477700000, "calculatedOperatingExpenses": 3466500000, "calculatedNetInterest": 85500000, "calculatedOtherIncome": 39200000, "calculatedIncomeNonControlling": -89100000, "calculatedEbitda": 363600000}, {"date": "2010-12-31", "symbol": "FNF", "reportedCurrency": "USD", "cik": "0001331875", "fillingDate": "2011-02-23", "acceptedDate": "2011-02-23 17:15:28", "calendarYear": "2010", "period": "FY", "revenue": 5740300000, "costOfRevenue": 1269600000, "grossProfit": 4470700000, "grossProfitRatio": 0.7788268906, "researchAndDevelopmentExpenses": 0, "generalAndAdministrativeExpenses": 2013000000, "sellingAndMarketingExpenses": 1758700000, "sellingGeneralAndAdministrativeExpenses": 3771700000, "otherExpenses": 0, "operatingExpenses": 4095100000, "costAndExpenses": 5177900000, "interestIncome": 144500000, "interestExpense": 46200000, "depreciationAndAmortization": 90400000, "ebitda": 692300000, "ebitdaratio": 0.1206034528, "operatingIncome": 375600000, "operatingIncomeRatio": 0.0654321203, "totalOtherIncomeExpensesNet": 1717900000, "incomeBeforeTax": 562400000, "incomeBeforeTaxRatio": 0.0979739735, "incomeTaxExpense": 185600000, "netIncome": 370100000, "netIncomeRatio": 0.0644739822, "eps": 1.64, "epsdiluted": 1.61, "weightedAverageShsOut": 226200000, "weightedAverageShsOutDil": 229300000, "link": "https://www.sec.gov/Archives/edgar/data/1331875/000095012311017206/0000950123-11-017206-index.htm", "finalLink": "https://www.sec.gov/Archives/edgar/data/1331875/000095012311017206/fnf12311010k.htm", "calculatedOtherExpenses": 323400000, "calculatedOperatingExpenses": 4095100000, "calculatedNetInterest": 98300000, "calculatedOtherIncome": 88500000, "calculatedIncomeNonControlling": 6700000, "calculatedEbitda": 466000000}, {"date": "2009-12-31", "symbol": "FNF", "reportedCurrency": "USD", "cik": "0001331875", "fillingDate": "2010-03-01", "acceptedDate": "2010-03-01 16:30:10", "calendarYear": "2009", "period": "FY", "revenue": 5828376000, "costOfRevenue": 1343500000, "grossProfit": 4484876000, "grossProfitRatio": 0.7694898201, "researchAndDevelopmentExpenses": 0, "generalAndAdministrativeExpenses": 2042352000, "sellingAndMarketingExpenses": 1951732000, "sellingGeneralAndAdministrativeExpenses": 3994084000, "otherExpenses": 0, "operatingExpenses": 4258500000, "costAndExpenses": 5483417000, "interestIncome": 154500000, "interestExpense": 36675000, "depreciationAndAmortization": 109206000, "ebitda": 493400000, "ebitdaratio": 0.0846547992, "operatingIncome": 226400000, "operatingIncomeRatio": 0.0388444397, "totalOtherIncomeExpensesNet": 366036000, "incomeBeforeTax": 344959000, "incomeBeforeTaxRatio": 0.0591861266, "incomeTaxExpense": 106839000, "netIncome": 222311000, "netIncomeRatio": 0.038142872, "eps": 0.99, "epsdiluted": 0.97, "weightedAverageShsOut": 224674000, "weightedAverageShsOutDil": 228485000, "link": "https://www.sec.gov/Archives/edgar/data/1331875/000095012310019326/0000950123-10-019326-index.htm", "finalLink": "https://www.sec.gov/Archives/edgar/data/1331875/000095012310019326/g21797e10vk.htm", "calculatedOtherExpenses": 264392000, "calculatedOperatingExpenses": 4258476000, "calculatedNetInterest": 117825000, "calculatedOtherIncome": 734000, "calculatedIncomeNonControlling": 15809000, "calculatedEbitda": 335606000}, {"date": "2008-12-31", "symbol": "FNF", "reportedCurrency": "USD", "cik": "0001331875", "fillingDate": "2009-03-02", "acceptedDate": "2009-03-02 17:22:38", "calendarYear": "2008", "period": "FY", "revenue": 4329095000, "costOfRevenue": 1208647000, "grossProfit": 3120448000, "grossProfitRatio": 0.7208083907, "researchAndDevelopmentExpenses": 0, "generalAndAdministrativeExpenses": 1355845000, "sellingAndMarketingExpenses": 1218044000, "sellingGeneralAndAdministrativeExpenses": 2573889000, "otherExpenses": -5930106000, "operatingExpenses": -3356217000, "costAndExpenses": 4624488000, "interestIncome": 0, "interestExpense": 68789000, "depreciationAndAmortization": 142759000, "ebitda": -93010000, "ebitdaratio": -0.02148486, "operatingIncome": -235769000, "operatingIncomeRatio": -0.0544614983, "totalOtherIncomeExpensesNet": 1521931000, "incomeBeforeTax": -295393000, "incomeBeforeTaxRatio": -0.0682343538, "incomeTaxExpense": -125542000, "netIncome": -179016000, "netIncomeRatio": -0.0413518299, "eps": -0.85, "epsdiluted": -0.85, "weightedAverageShsOut": 210000000, "weightedAverageShsOutDil": 210000000, "link": "https://www.sec.gov/Archives/edgar/data/1331875/000095014409001785/0000950144-09-001785-index.htm", "finalLink": "https://www.sec.gov/Archives/edgar/data/1331875/000095014409001785/g17782e10vk.htm", "calculatedOtherExpenses": 782328000, "calculatedOperatingExpenses": 3356217000, "calculatedNetInterest": -68789000, "calculatedOtherIncome": 9165000, "calculatedIncomeNonControlling": 9165000, "calculatedEbitda": -93010000}, {"date": "2007-12-31", "symbol": "FNF", "reportedCurrency": "USD", "cik": "0001331875", "fillingDate": "2008-02-29", "acceptedDate": "2008-02-29 16:49:56", "calendarYear": "2007", "period": "FY", "revenue": 5524010000, "costOfRevenue": 1109438000, "grossProfit": 4414572000, "grossProfitRatio": 0.7991607546, "researchAndDevelopmentExpenses": 0, "generalAndAdministrativeExpenses": 1700935000, "sellingAndMarketingExpenses": 0, "sellingGeneralAndAdministrativeExpenses": 1700935000, "otherExpenses": -5884021000, "operatingExpenses": -4183086000, "costAndExpenses": 5347497000, "interestIncome": 186252000, "interestExpense": 54941000, "depreciationAndAmortization": 130092000, "ebitda": 361578000, "ebitdaratio": 0.0654557106, "operatingIncome": 231486000, "operatingIncomeRatio": 0.0419054274, "totalOtherIncomeExpensesNet": 1332590000, "incomeBeforeTax": 176513000, "incomeBeforeTaxRatio": 0.03195378, "incomeTaxExpense": 46776000, "netIncome": 129769000, "netIncomeRatio": 0.0234918112, "eps": 0.6, "epsdiluted": 0.59, "weightedAverageShsOut": 216583000, "weightedAverageShsOutDil": 219989000, "link": "https://www.sec.gov/Archives/edgar/data/1331875/000089256908000204/0000892569-08-000204-index.htm", "finalLink": "https://www.sec.gov/Archives/edgar/data/1331875/000089256908000204/a37696e10vk.htm", "calculatedOtherExpenses": 2482151000, "calculatedOperatingExpenses": 4183086000, "calculatedNetInterest": 131311000, "calculatedOtherIncome": -186284000, "calculatedIncomeNonControlling": -32000, "calculatedEbitda": 361578000}, {"date": "2006-12-31", "symbol": "FNF", "reportedCurrency": "USD", "cik": "0001331875", "fillingDate": "2007-03-01", "acceptedDate": "2007-03-01 17:21:11", "calendarYear": "2006", "period": "FY", "revenue": 9436101000, "costOfRevenue": 2075101000, "grossProfit": 7361000000, "grossProfitRatio": 0.7800891491, "researchAndDevelopmentExpenses": 0, "generalAndAdministrativeExpenses": 3225319000, "sellingAndMarketingExpenses": 0, "sellingGeneralAndAdministrativeExpenses": 3225319000, "otherExpenses": -9587715000, "operatingExpenses": -6362396000, "costAndExpenses": 8492899000, "interestIncome": 208309000, "interestExpense": 209972000, "depreciationAndAmortization": 460750000, "ebitda": 1459354000, "ebitdaratio": 0.1546564625, "operatingIncome": 998604000, "operatingIncomeRatio": 0.1058280322, "totalOtherIncomeExpensesNet": 4603030000, "incomeBeforeTax": 943202000, "incomeBeforeTaxRatio": 0.0999567512, "incomeTaxExpense": 350871000, "netIncome": 437761000, "netIncomeRatio": 0.0463921486, "eps": 2.4, "epsdiluted": 2.39, "weightedAverageShsOut": 182031000, "weightedAverageShsOutDil": 182861000, "link": "https://www.sec.gov/Archives/edgar/data/1331875/000089256907000186/0000892569-07-000186-index.htm", "finalLink": "https://www.sec.gov/Archives/edgar/data/1331875/000089256907000186/a27368e10vk.htm", "calculatedOtherExpenses": 3137077000, "calculatedOperatingExpenses": 6362396000, "calculatedNetInterest": -1663000, "calculatedOtherIncome": -53739000, "calculatedIncomeNonControlling": 154570000, "calculatedEbitda": 1459354000}, {"date": "2005-12-31", "symbol": "FNF", "reportedCurrency": "USD", "cik": "0001331875", "fillingDate": "2006-03-16", "acceptedDate": "2006-03-16 06:31:01", "calendarYear": "2005", "period": "FY", "revenue": 6315861000, "costOfRevenue": 935263000, "grossProfit": 5380598000, "grossProfitRatio": 0.8519183687, "researchAndDevelopmentExpenses": 0, "generalAndAdministrativeExpenses": 1897904000, "sellingAndMarketingExpenses": 0, "sellingGeneralAndAdministrativeExpenses": 1897904000, "otherExpenses": -6395507000, "operatingExpenses": -4497603000, "costAndExpenses": 5447557000, "interestIncome": 118084000, "interestExpense": 16663000, "depreciationAndAmortization": 102105000, "ebitda": 985100000, "ebitdaratio": 0.1559724003, "operatingIncome": 882995000, "operatingIncomeRatio": 0.1398059584, "totalOtherIncomeExpensesNet": 4086184000, "incomeBeforeTax": 868304000, "incomeBeforeTaxRatio": 0.1374799097, "incomeTaxExpense": 327351000, "netIncome": 538981000, "netIncomeRatio": 0.0853376919, "eps": 5.56, "epsdiluted": 5.55, "weightedAverageShsOut": 173463000, "weightedAverageShsOutDil": 173575000, "link": "https://www.sec.gov/Archives/edgar/data/1331875/000095013406005246/0000950134-06-005246-index.htm", "finalLink": "https://www.sec.gov/Archives/edgar/data/1331875/000095013406005246/a16815e10vk.htm", "calculatedOtherExpenses": 2599699000, "calculatedOperatingExpenses": 4497603000, "calculatedNetInterest": 101421000, "calculatedOtherIncome": -116112000, "calculatedIncomeNonControlling": 1972000, "calculatedEbitda": 985100000}, {"date": "2004-12-31", "symbol": "FNF", "reportedCurrency": "USD", "cik": "0001331875", "fillingDate": "2004-12-31", "acceptedDate": "2004-12-30 19:00:00", "calendarYear": "2004", "period": "FY", "revenue": 5889413000, "costOfRevenue": 0, "grossProfit": 5889413000, "grossProfitRatio": 1, "researchAndDevelopmentExpenses": 0, "generalAndAdministrativeExpenses": 0, "sellingAndMarketingExpenses": 0, "sellingGeneralAndAdministrativeExpenses": 0, "otherExpenses": -5003766000, "operatingExpenses": -5003766000, "costAndExpenses": 5006486000, "interestIncome": 0, "interestExpense": 3885000, "depreciationAndAmortization": 95718000, "ebitda": 981365000, "ebitdaratio": 0.1666320565, "operatingIncome": 885647000, "operatingIncomeRatio": 0.150379503, "totalOtherIncomeExpensesNet": 3863018000, "incomeBeforeTax": 882927000, "incomeBeforeTaxRatio": 0.1499176573, "incomeTaxExpense": 323598000, "netIncome": 558164000, "netIncomeRatio": 0.0947741311, "eps": 4.27, "epsdiluted": 4.27, "weightedAverageShsOut": 173519647, "weightedAverageShsOutDil": 173519647, "link": "", "finalLink": "", "calculatedOtherExpenses": 5003766000, "calculatedOperatingExpenses": 5003766000, "calculatedNetInterest": -3885000, "calculatedOtherIncome": 1165000, "calculatedIncomeNonControlling": 1165000, "calculatedEbitda": 981365000}, {"date": "2003-12-31", "symbol": "FNF", "reportedCurrency": "USD", "cik": "0001331875", "fillingDate": "2003-12-31", "acceptedDate": "2003-12-30 19:00:00", "calendarYear": "2003", "period": "FY", "revenue": 7715215000, "costOfRevenue": 0, "grossProfit": 7715215000, "grossProfitRatio": 1, "researchAndDevelopmentExpenses": 0, "generalAndAdministrativeExpenses": 0, "sellingAndMarketingExpenses": 0, "sellingGeneralAndAdministrativeExpenses": 0, "otherExpenses": -6270449000, "operatingExpenses": -6270449000, "costAndExpenses": 6294576000, "interestIncome": 0, "interestExpense": 43103000, "depreciationAndAmortization": 227937000, "ebitda": 1672703000, "ebitdaratio": 0.2168057533, "operatingIncome": 1444766000, "operatingIncomeRatio": 0.1872619234, "totalOtherIncomeExpensesNet": -24127000, "incomeBeforeTax": 1420639000, "incomeBeforeTaxRatio": 0.184134726, "incomeTaxExpense": 539843000, "netIncome": 861820000, "netIncomeRatio": 0.1117039512, "eps": 4.97, "epsdiluted": 4.97, "weightedAverageShsOut": 173519647, "weightedAverageShsOutDil": 173519647, "link": "", "finalLink": "", "calculatedOtherExpenses": 6270449000, "calculatedOperatingExpenses": 6270449000, "calculatedNetInterest": -43103000, "calculatedOtherIncome": 18976000, "calculatedIncomeNonControlling": 18976000, "calculatedEbitda": 1672703000}, {"date": "2002-12-31", "symbol": "FNF", "reportedCurrency": "USD", "cik": "0001331875", "fillingDate": "2002-12-31", "acceptedDate": "2002-12-30 19:00:00", "calendarYear": "2002", "period": "FY", "revenue": 5082640000, "costOfRevenue": 0, "grossProfit": 5082640000, "grossProfitRatio": 1, "researchAndDevelopmentExpenses": 0, "generalAndAdministrativeExpenses": 0, "sellingAndMarketingExpenses": 0, "sellingGeneralAndAdministrativeExpenses": 0, "otherExpenses": -4210402000, "operatingExpenses": -4210402000, "costAndExpenses": 4231340000, "interestIncome": 0, "interestExpense": 34053000, "depreciationAndAmortization": 74163000, "ebitda": 946401000, "ebitdaratio": 0.1862026427, "operatingIncome": 872238000, "operatingIncomeRatio": 0.1716112099, "totalOtherIncomeExpensesNet": -20938000, "incomeBeforeTax": 851300000, "incomeBeforeTaxRatio": 0.1674916972, "incomeTaxExpense": 306468000, "netIncome": 531717000, "netIncomeRatio": 0.1046143343, "eps": 3.06, "epsdiluted": 3.06, "weightedAverageShsOut": 173519647, "weightedAverageShsOutDil": 173519647, "link": "", "finalLink": "", "calculatedOtherExpenses": 4210402000, "calculatedOperatingExpenses": 4210402000, "calculatedNetInterest": -34053000, "calculatedOtherIncome": 13115000, "calculatedIncomeNonControlling": 13115000, "calculatedEbitda": 946401000}, {"date": "2001-12-31", "symbol": "FNF", "reportedCurrency": "USD", "cik": "0001331875", "fillingDate": "2001-12-31", "acceptedDate": "2001-12-30 19:00:00", "calendarYear": "2001", "period": "FY", "revenue": 3490465000, "costOfRevenue": 0, "grossProfit": 3490465000, "grossProfitRatio": 1, "researchAndDevelopmentExpenses": 0, "generalAndAdministrativeExpenses": 0, "sellingAndMarketingExpenses": 0, "sellingGeneralAndAdministrativeExpenses": 0, "otherExpenses": -3172817000, "operatingExpenses": -3172817000, "costAndExpenses": 2976838000, "interestIncome": 0, "interestExpense": 15695000, "depreciationAndAmortization": 100225000, "ebitda": 417873000, "ebitdaratio": 0.1197184329, "operatingIncome": 317648000, "operatingIncomeRatio": 0.0910044937, "totalOtherIncomeExpensesNet": 3489519000, "incomeBeforeTax": 513627000, "incomeBeforeTaxRatio": 0.147151454, "incomeTaxExpense": 3505214000, "netIncome": 301953000, "netIncomeRatio": 0.0865079581, "eps": 1.74, "epsdiluted": 1.74, "weightedAverageShsOut": 173519647, "weightedAverageShsOutDil": 173519647, "link": "", "finalLink": "", "calculatedOtherExpenses": 3172817000, "calculatedOperatingExpenses": 3172817000, "calculatedNetInterest": -15695000, "calculatedOtherIncome": 211674000, "calculatedIncomeNonControlling": -3293540000, "calculatedEbitda": 417873000}, {"date": "2000-12-31", "symbol": "FNF", "reportedCurrency": "USD", "cik": "0001331875", "fillingDate": "2000-12-31", "acceptedDate": "2000-12-30 19:00:00", "calendarYear": "2000", "period": "FY", "revenue": 2554674000, "costOfRevenue": 0, "grossProfit": 2554674000, "grossProfitRatio": 1, "researchAndDevelopmentExpenses": 0, "generalAndAdministrativeExpenses": 0, "sellingAndMarketingExpenses": 0, "sellingGeneralAndAdministrativeExpenses": 0, "otherExpenses": -2411085000, "operatingExpenses": -2411085000, "costAndExpenses": 2329492000, "interestIncome": 0, "interestExpense": 15460000, "depreciationAndAmortization": 88033000, "ebitda": 231622000, "ebitdaratio": 0.0906659715, "operatingIncome": 143589000, "operatingIncomeRatio": 0.0562063888, "totalOtherIncomeExpensesNet": 1763481000, "incomeBeforeTax": 225182000, "incomeBeforeTaxRatio": 0.0881451019, "incomeTaxExpense": 1778941000, "netIncome": 128129000, "netIncomeRatio": 0.050154736, "eps": 0.74, "epsdiluted": 0.74, "weightedAverageShsOut": 173519647, "weightedAverageShsOutDil": 173519647, "link": "", "finalLink": "", "calculatedOtherExpenses": 2411085000, "calculatedOperatingExpenses": 2411085000, "calculatedNetInterest": -15460000, "calculatedOtherIncome": 97053000, "calculatedIncomeNonControlling": -1681888000, "calculatedEbitda": 231622000}]}