{"originalCurrency": "USD", "convertedCurrency": "USD", "report": [{"date": "2023-12-31", "symbol": "FNV", "reportedCurrency": "USD", "cik": "0001456346", "fillingDate": "2023-12-31", "acceptedDate": "2023-12-29 19:00:00", "calendarYear": "2023", "period": "FY", "revenue": 1241049513, "costOfRevenue": 460696479, "grossProfit": 780353034, "grossProfitRatio": 0.6287847711, "researchAndDevelopmentExpenses": 0, "generalAndAdministrativeExpenses": 28900000, "sellingAndMarketingExpenses": 529991, "sellingGeneralAndAdministrativeExpenses": 29429991, "otherExpenses": 0, "operatingExpenses": 29429991, "costAndExpenses": 490126471, "interestIncome": 53259120, "interestExpense": 2953182, "depreciationAndAmortization": 278108330, "ebitda": 1029031374, "ebitdaratio": 0.8291622238, "operatingIncome": 750923043, "operatingIncomeRatio": 0.6050709783, "totalOtherIncomeExpensesNet": -1121802040, "incomeBeforeTax": -370878996, "incomeBeforeTaxRatio": -0.2988430293, "incomeTaxExpense": 104074226, "netIncome": -474953223, "netIncomeRatio": -0.3827028801, "eps": -2.47, "epsdiluted": -2.47, "weightedAverageShsOut": 192000000, "weightedAverageShsOutDil": 192000000, "link": null, "finalLink": null, "calculatedOtherExpenses": 0, "calculatedOperatingExpenses": 29429991, "calculatedNetInterest": 50305938, "calculatedOtherIncome": -1172107977, "calculatedIncomeNonControlling": 1, "calculatedEbitda": 1029031373}, {"date": "2022-12-31", "symbol": "FNV", "reportedCurrency": "USD", "cik": "0001456346", "fillingDate": "2022-12-31", "acceptedDate": "2022-12-30 19:00:00", "calendarYear": "2022", "period": "FY", "revenue": 1315700000, "costOfRevenue": 463100000, "grossProfit": 852600000, "grossProfitRatio": 0.6480200654, "researchAndDevelopmentExpenses": 0, "generalAndAdministrativeExpenses": 32600000, "sellingAndMarketingExpenses": 0, "sellingGeneralAndAdministrativeExpenses": 32600000, "otherExpenses": 0, "operatingExpenses": 32600000, "costAndExpenses": 495700000, "interestIncome": 12600000, "interestExpense": 100000, "depreciationAndAmortization": 295000000, "ebitda": 1115700000, "ebitdaratio": 0.8479896633, "operatingIncome": 820700000, "operatingIncomeRatio": 0.6237744167, "totalOtherIncomeExpensesNet": 13000000, "incomeBeforeTax": 833700000, "incomeBeforeTaxRatio": 0.6336550885, "incomeTaxExpense": 133100000, "netIncome": 700600000, "netIncomeRatio": 0.5324922095, "eps": 3.51, "epsdiluted": 3.51, "weightedAverageShsOut": 191500000, "weightedAverageShsOutDil": 191900000, "link": "", "finalLink": "", "calculatedOtherExpenses": -700000, "calculatedOperatingExpenses": 31900000, "calculatedNetInterest": 12500000, "calculatedOtherIncome": 500000, "calculatedIncomeNonControlling": 0, "calculatedEbitda": 1115700000}, {"date": "2021-12-31", "symbol": "FNV", "reportedCurrency": "USD", "cik": "0001456346", "fillingDate": "2021-12-31", "acceptedDate": "2021-12-31 00:00:00", "calendarYear": "2021", "period": "FY", "revenue": 1300000000, "costOfRevenue": 477900000, "grossProfit": 822100000, "grossProfitRatio": 0.6323846154, "researchAndDevelopmentExpenses": 0, "generalAndAdministrativeExpenses": 30800000, "sellingAndMarketingExpenses": 0, "sellingGeneralAndAdministrativeExpenses": 30800000, "otherExpenses": 0, "operatingExpenses": 30800000, "costAndExpenses": 508700000, "interestIncome": 3700000, "interestExpense": 300000, "depreciationAndAmortization": 230600000, "ebitda": 1091300000, "ebitdaratio": 0.8394615385, "operatingIncome": 860700000, "operatingIncomeRatio": 0.6620769231, "totalOtherIncomeExpensesNet": -2900000, "incomeBeforeTax": 857800000, "incomeBeforeTaxRatio": 0.6598461538, "incomeTaxExpense": 124100000, "netIncome": 733700000, "netIncomeRatio": 0.5643846154, "eps": 3.81, "epsdiluted": 3.8, "weightedAverageShsOut": 191100000, "weightedAverageShsOutDil": 191500000, "link": null, "finalLink": null, "calculatedOtherExpenses": -69400000, "calculatedOperatingExpenses": -38600000, "calculatedNetInterest": 3400000, "calculatedOtherIncome": -6300000, "calculatedIncomeNonControlling": 0, "calculatedEbitda": 1091300000}, {"date": "2020-12-31", "symbol": "FNV", "reportedCurrency": "USD", "cik": "0001456346", "fillingDate": "2020-12-31", "acceptedDate": "2020-12-31 00:00:00", "calendarYear": "2020", "period": "FY", "revenue": 1020200000, "costOfRevenue": 399800000, "grossProfit": 620400000, "grossProfitRatio": 0.6081160557, "researchAndDevelopmentExpenses": 0, "generalAndAdministrativeExpenses": 26800000, "sellingAndMarketingExpenses": 0, "sellingGeneralAndAdministrativeExpenses": 26800000, "otherExpenses": -1700000, "operatingExpenses": 26800000, "costAndExpenses": 426600000, "interestIncome": 3700000, "interestExpense": 400000, "depreciationAndAmortization": 241000000, "ebitda": 833500000, "ebitdaratio": 0.8169966673, "operatingIncome": 592500000, "operatingIncomeRatio": 0.5807684768, "totalOtherIncomeExpensesNet": -253000000, "incomeBeforeTax": 339500000, "incomeBeforeTaxRatio": 0.3327778867, "incomeTaxExpense": 13300000, "netIncome": 326200000, "netIncomeRatio": 0.3197412272, "eps": 1.8, "epsdiluted": 1.8, "weightedAverageShsOut": 190300000, "weightedAverageShsOutDil": 190700000, "link": null, "finalLink": null, "calculatedOtherExpenses": 1100000, "calculatedOperatingExpenses": 27900000, "calculatedNetInterest": 3300000, "calculatedOtherIncome": -256300000, "calculatedIncomeNonControlling": 0, "calculatedEbitda": 833500000}, {"date": "2019-12-31", "symbol": "FNV", "reportedCurrency": "USD", "cik": "0001456346", "fillingDate": "2019-12-31", "acceptedDate": "2019-12-31 00:00:00", "calendarYear": "2019", "period": "FY", "revenue": 844100000, "costOfRevenue": 408000000, "grossProfit": 436100000, "grossProfitRatio": 0.5166449473, "researchAndDevelopmentExpenses": 0, "generalAndAdministrativeExpenses": 28800000, "sellingAndMarketingExpenses": 0, "sellingGeneralAndAdministrativeExpenses": 28800000, "otherExpenses": 0, "operatingExpenses": 28800000, "costAndExpenses": 436800000, "interestIncome": 3500000, "interestExpense": 10600000, "depreciationAndAmortization": 263800000, "ebitda": 674000000, "ebitdaratio": 0.798483592, "operatingIncome": 410200000, "operatingIncomeRatio": 0.485961379, "totalOtherIncomeExpensesNet": -4300000, "incomeBeforeTax": 405900000, "incomeBeforeTaxRatio": 0.4808671958, "incomeTaxExpense": 61800000, "netIncome": 344100000, "netIncomeRatio": 0.4076531217, "eps": 1.88, "epsdiluted": 1.87, "weightedAverageShsOut": 187700000, "weightedAverageShsOutDil": 188000000, "link": null, "finalLink": null, "calculatedOtherExpenses": -2900000, "calculatedOperatingExpenses": 25900000, "calculatedNetInterest": -7100000, "calculatedOtherIncome": 2800000, "calculatedIncomeNonControlling": 0, "calculatedEbitda": 674000000}, {"date": "2018-12-31", "symbol": "FNV", "reportedCurrency": "USD", "cik": "0001456346", "fillingDate": "2019-03-27", "acceptedDate": "2019-03-27 17:01:54", "calendarYear": "2018", "period": "FY", "revenue": 653200000, "costOfRevenue": 365900000, "grossProfit": 287300000, "grossProfitRatio": 0.4398346601, "researchAndDevelopmentExpenses": 0, "generalAndAdministrativeExpenses": 22600000, "sellingAndMarketingExpenses": 0, "sellingGeneralAndAdministrativeExpenses": 22600000, "otherExpenses": 100000, "operatingExpenses": 22600000, "costAndExpenses": 388500000, "interestIncome": 3100000, "interestExpense": 4600000, "depreciationAndAmortization": 247700000, "ebitda": 515500000, "ebitdaratio": 0.7891916718, "operatingIncome": 188800000, "operatingIncomeRatio": 0.2890385793, "totalOtherIncomeExpensesNet": -74100000, "incomeBeforeTax": 189100000, "incomeBeforeTaxRatio": 0.2894978567, "incomeTaxExpense": 50100000, "netIncome": 139000000, "netIncomeRatio": 0.2127985303, "eps": 0.75, "epsdiluted": 0.75, "weightedAverageShsOut": 185174110, "weightedAverageShsOutDil": 185472618, "link": "https://www.sec.gov/Archives/edgar/data/1456346/000155837019002489/0001558370-19-002489-index.html", "finalLink": "https://www.sec.gov/Archives/edgar/data/1456346/000155837019002489/fnv-20181231x40f.htm", "calculatedOtherExpenses": 75900000, "calculatedOperatingExpenses": 98500000, "calculatedNetInterest": -1500000, "calculatedOtherIncome": 1800000, "calculatedIncomeNonControlling": 0, "calculatedEbitda": 436500000}, {"date": "2017-12-31", "symbol": "FNV", "reportedCurrency": "USD", "cik": "0001456346", "fillingDate": "2018-03-28", "acceptedDate": "2018-03-28 17:19:56", "calendarYear": "2017", "period": "FY", "revenue": 675000000, "costOfRevenue": 415000000, "grossProfit": 260000000, "grossProfitRatio": 0.3851851852, "researchAndDevelopmentExpenses": 3600000, "generalAndAdministrativeExpenses": 21300000, "sellingAndMarketingExpenses": 0, "sellingGeneralAndAdministrativeExpenses": 21300000, "otherExpenses": 300000, "operatingExpenses": 24900000, "costAndExpenses": 439900000, "interestIncome": 5400000, "interestExpense": 3400000, "depreciationAndAmortization": 273000000, "ebitda": 240500000, "ebitdaratio": 0.3562962963, "operatingIncome": 235400000, "operatingIncomeRatio": 0.3487407407, "totalOtherIncomeExpensesNet": -1100000, "incomeBeforeTax": 236000000, "incomeBeforeTaxRatio": 0.3496296296, "incomeTaxExpense": 41300000, "netIncome": 194700000, "netIncomeRatio": 0.2884444444, "eps": 1.07, "epsdiluted": 1.07, "weightedAverageShsOut": 181990031, "weightedAverageShsOutDil": 182388041, "link": "https://www.sec.gov/Archives/edgar/data/1456346/000155837018002485/0001558370-18-002485-index.html", "finalLink": "https://www.sec.gov/Archives/edgar/data/1456346/000155837018002485/fnv-20171231x40f.htm", "calculatedOtherExpenses": -300000, "calculatedOperatingExpenses": 24600000, "calculatedNetInterest": 2000000, "calculatedOtherIncome": -1400000, "calculatedIncomeNonControlling": 0, "calculatedEbitda": 508400000}, {"date": "2016-12-31", "symbol": "FNV", "reportedCurrency": "USD", "cik": "0001456346", "fillingDate": "2017-03-22", "acceptedDate": "2017-03-22 17:23:50", "calendarYear": "2016", "period": "FY", "revenue": 610200000, "costOfRevenue": 379600000, "grossProfit": 230600000, "grossProfitRatio": 0.3779088823, "researchAndDevelopmentExpenses": 3400000, "generalAndAdministrativeExpenses": 20700000, "sellingAndMarketingExpenses": 0, "sellingGeneralAndAdministrativeExpenses": 20700000, "otherExpenses": 2300000, "operatingExpenses": 24100000, "costAndExpenses": 403700000, "interestIncome": 3500000, "interestExpense": 3600000, "depreciationAndAmortization": 273800000, "ebitda": 483800000, "ebitdaratio": 0.7928548017, "operatingIncome": 155400000, "operatingIncomeRatio": 0.2546705998, "totalOtherIncomeExpensesNet": -38500000, "incomeBeforeTax": 167900000, "incomeBeforeTaxRatio": 0.2751556867, "incomeTaxExpense": 45700000, "netIncome": 122200000, "netIncomeRatio": 0.2002622091, "eps": 0.7, "epsdiluted": 0.69, "weightedAverageShsOut": 174328340, "weightedAverageShsOutDil": 175522370, "link": "https://www.sec.gov/Archives/edgar/data/1456346/000155837017002025/0001558370-17-002025-index.html", "finalLink": "https://www.sec.gov/Archives/edgar/data/1456346/000155837017002025/fnv_currentfolio40f.htm", "calculatedOtherExpenses": 51100000, "calculatedOperatingExpenses": 75200000, "calculatedNetInterest": -100000, "calculatedOtherIncome": 12600000, "calculatedIncomeNonControlling": 0, "calculatedEbitda": 429200000}, {"date": "2015-12-31", "symbol": "FNV", "reportedCurrency": "USD", "cik": "0001456346", "fillingDate": "2016-03-10", "acceptedDate": "2016-03-10 16:49:48", "calendarYear": "2015", "period": "FY", "revenue": 443600000, "costOfRevenue": 309400000, "grossProfit": 134200000, "grossProfitRatio": 0.3025247971, "researchAndDevelopmentExpenses": 2700000, "generalAndAdministrativeExpenses": 15100000, "sellingAndMarketingExpenses": 0, "sellingGeneralAndAdministrativeExpenses": 15100000, "otherExpenses": 0, "operatingExpenses": 17800000, "costAndExpenses": 327200000, "interestIncome": 5300000, "interestExpense": 2900000, "depreciationAndAmortization": 216300000, "ebitda": 338000000, "ebitdaratio": 0.7619477006, "operatingIncome": 53500000, "operatingIncomeRatio": 0.1206041479, "totalOtherIncomeExpensesNet": -70300000, "incomeBeforeTax": 48500000, "incomeBeforeTaxRatio": 0.1093327322, "incomeTaxExpense": 23900000, "netIncome": 24600000, "netIncomeRatio": 0.0554553652, "eps": 0.16, "epsdiluted": 0.16, "weightedAverageShsOut": 156119387, "weightedAverageShsOutDil": 156119387, "link": "https://www.sec.gov/Archives/edgar/data/1456346/000110465916104247/0001104659-16-104247-index.html", "finalLink": "https://www.sec.gov/Archives/edgar/data/1456346/000110465916104247/a16-5653_140f.htm", "calculatedOtherExpenses": 62900000, "calculatedOperatingExpenses": 80700000, "calculatedNetInterest": 2400000, "calculatedOtherIncome": -7400000, "calculatedIncomeNonControlling": 0, "calculatedEbitda": 269800000}, {"date": "2014-12-31", "symbol": "FNV", "reportedCurrency": "USD", "cik": "0001456346", "fillingDate": "2015-03-25", "acceptedDate": "2015-03-24 20:00:00", "calendarYear": "2014", "period": "FY", "revenue": 442400000, "costOfRevenue": 236000000, "grossProfit": 206400000, "grossProfitRatio": 0.4665461121, "researchAndDevelopmentExpenses": 2200000, "generalAndAdministrativeExpenses": 16400000, "sellingAndMarketingExpenses": 0, "sellingGeneralAndAdministrativeExpenses": 16400000, "otherExpenses": 0, "operatingExpenses": 18600000, "costAndExpenses": 254600000, "interestIncome": 3900000, "interestExpense": 1600000, "depreciationAndAmortization": 163100000, "ebitda": 354800000, "ebitdaratio": 0.8019891501, "operatingIncome": 156300000, "operatingIncomeRatio": 0.3533001808, "totalOtherIncomeExpensesNet": -33100000, "incomeBeforeTax": 157000000, "incomeBeforeTaxRatio": 0.3548824593, "incomeTaxExpense": 50300000, "netIncome": 106700000, "netIncomeRatio": 0.2411844485, "eps": 0.71, "epsdiluted": 0.7, "weightedAverageShsOut": 149751228, "weightedAverageShsOutDil": 150746253, "link": "", "finalLink": "", "calculatedOtherExpenses": 31500000, "calculatedOperatingExpenses": 50100000, "calculatedNetInterest": 2300000, "calculatedOtherIncome": -1600000, "calculatedIncomeNonControlling": 0, "calculatedEbitda": 319400000}, {"date": "2013-12-31", "symbol": "FNV", "reportedCurrency": "USD", "cik": "0001456346", "fillingDate": "2014-03-20", "acceptedDate": "2014-03-19 20:00:00", "calendarYear": "2013", "period": "FY", "revenue": 400900000, "costOfRevenue": 189500000, "grossProfit": 211400000, "grossProfitRatio": 0.5273135445, "researchAndDevelopmentExpenses": 3000000, "generalAndAdministrativeExpenses": 15200000, "sellingAndMarketingExpenses": 0, "sellingGeneralAndAdministrativeExpenses": 15200000, "otherExpenses": 0, "operatingExpenses": 18200000, "costAndExpenses": 207700000, "interestIncome": 3500000, "interestExpense": 1900000, "depreciationAndAmortization": 129300000, "ebitda": 326000000, "ebitdaratio": 0.8131703667, "operatingIncome": 49600000, "operatingIncomeRatio": 0.1237216263, "totalOtherIncomeExpensesNet": -160800000, "incomeBeforeTax": 34000000, "incomeBeforeTaxRatio": 0.0848091793, "incomeTaxExpense": 22300000, "netIncome": 11700000, "netIncomeRatio": 0.0291843352, "eps": 0.0804, "epsdiluted": 0.0804, "weightedAverageShsOut": 146069637, "weightedAverageShsOutDil": 147064661, "link": "", "finalLink": "", "calculatedOtherExpenses": 143600000, "calculatedOperatingExpenses": 161800000, "calculatedNetInterest": 1600000, "calculatedOtherIncome": -17200000, "calculatedIncomeNonControlling": 0, "calculatedEbitda": 178900000}, {"date": "2012-12-31", "symbol": "FNV", "reportedCurrency": "USD", "cik": "0001456346", "fillingDate": "2013-03-20", "acceptedDate": "2013-03-19 18:17:27", "calendarYear": "2012", "period": "FY", "revenue": 427000000, "costOfRevenue": 185900000, "grossProfit": 241100000, "grossProfitRatio": 0.5646370023, "researchAndDevelopmentExpenses": 2600000, "generalAndAdministrativeExpenses": 17400000, "sellingAndMarketingExpenses": 0, "sellingGeneralAndAdministrativeExpenses": 17400000, "otherExpenses": 0, "operatingExpenses": 20000000, "costAndExpenses": 205900000, "interestIncome": 9600000, "interestExpense": 1100000, "depreciationAndAmortization": 126700000, "ebitda": 357400000, "ebitdaratio": 0.8370023419, "operatingIncome": 138400000, "operatingIncomeRatio": 0.3241217799, "totalOtherIncomeExpensesNet": -74700000, "incomeBeforeTax": 154900000, "incomeBeforeTaxRatio": 0.362763466, "incomeTaxExpense": 52300000, "netIncome": 102600000, "netIncomeRatio": 0.2402810304, "eps": 0.72, "epsdiluted": 0.71, "weightedAverageShsOut": 142388045, "weightedAverageShsOutDil": 143582075, "link": "https://www.sec.gov/Archives/edgar/data/1456346/000110465913022281/0001104659-13-022281-index.html", "finalLink": "https://www.sec.gov/Archives/edgar/data/1456346/000110465913022281/a13-7548_140f.htm", "calculatedOtherExpenses": 82700000, "calculatedOperatingExpenses": 102700000, "calculatedNetInterest": 8500000, "calculatedOtherIncome": 8000000, "calculatedIncomeNonControlling": 0, "calculatedEbitda": 265100000}, {"date": "2011-12-31", "symbol": "FNV", "reportedCurrency": "USD", "cik": "0001456346", "fillingDate": "2012-03-30", "acceptedDate": "2012-03-29 20:32:06", "calendarYear": "2011", "period": "FY", "revenue": 411200000, "costOfRevenue": 63300000, "grossProfit": 347900000, "grossProfitRatio": 0.8460603113, "researchAndDevelopmentExpenses": 2600000, "generalAndAdministrativeExpenses": 0, "sellingAndMarketingExpenses": 0, "sellingGeneralAndAdministrativeExpenses": 18000000, "otherExpenses": 130600000, "operatingExpenses": 151200000, "costAndExpenses": 214500000, "interestIncome": 4300000, "interestExpense": 2300000, "depreciationAndAmortization": 130600000, "ebitda": 329900000, "ebitdaratio": 0.8022859922, "operatingIncome": 28000000, "operatingIncomeRatio": 0.0680933852, "totalOtherIncomeExpensesNet": -159600000, "incomeBeforeTax": 39100000, "incomeBeforeTaxRatio": 0.0950875486, "incomeTaxExpense": 45900000, "netIncome": -6800000, "netIncomeRatio": -0.016536965, "eps": -0.0545, "epsdiluted": -0.0545, "weightedAverageShsOut": 124776106, "weightedAverageShsOutDil": 124776106, "link": "https://www.sec.gov/Archives/edgar/data/1456346/000110465912022490/0001104659-12-022490-index.html", "finalLink": "https://www.sec.gov/Archives/edgar/data/1456346/000110465912022490/a12-7984_140f.htm", "calculatedOtherExpenses": 299300000, "calculatedOperatingExpenses": 319900000, "calculatedNetInterest": 2000000, "calculatedOtherIncome": 9100000, "calculatedIncomeNonControlling": 0, "calculatedEbitda": 158600000}, {"date": "2010-12-31", "symbol": "FNV", "reportedCurrency": "USD", "cik": "0001456346", "fillingDate": "2010-12-31", "acceptedDate": "2010-12-30 19:00:00", "calendarYear": "2010", "period": "FY", "revenue": 233326000, "costOfRevenue": 8005000, "grossProfit": 225321000, "grossProfitRatio": 0.9656917789, "researchAndDevelopmentExpenses": 2510000, "generalAndAdministrativeExpenses": 15912000, "sellingAndMarketingExpenses": 0, "sellingGeneralAndAdministrativeExpenses": 15912000, "otherExpenses": 92612000, "operatingExpenses": 111034000, "costAndExpenses": 119039000, "interestIncome": 3891000, "interestExpense": 2263000, "depreciationAndAmortization": 92612000, "ebitda": 210790000, "ebitdaratio": 0.9034141073, "operatingIncome": 108682000, "operatingIncomeRatio": 0.4657946393, "totalOtherIncomeExpensesNet": -7809000, "incomeBeforeTax": 108106000, "incomeBeforeTaxRatio": 0.4633259902, "incomeTaxExpense": 33862000, "netIncome": 74244000, "netIncomeRatio": 0.318198572, "eps": 0.55, "epsdiluted": 0.55, "weightedAverageShsOut": 113432824, "weightedAverageShsOutDil": 114527351, "link": "", "finalLink": "", "calculatedOtherExpenses": 98217000, "calculatedOperatingExpenses": 116639000, "calculatedNetInterest": 1628000, "calculatedOtherIncome": -2204000, "calculatedIncomeNonControlling": 0, "calculatedEbitda": 201294000}, {"date": "2009-12-31", "symbol": "FNV", "reportedCurrency": "USD", "cik": "0001456346", "fillingDate": "2009-12-31", "acceptedDate": "2009-12-30 19:00:00", "calendarYear": "2009", "period": "FY", "revenue": 199728000, "costOfRevenue": 6637000, "grossProfit": 193091000, "grossProfitRatio": 0.9667698069, "researchAndDevelopmentExpenses": 2243000, "generalAndAdministrativeExpenses": 14531000, "sellingAndMarketingExpenses": 0, "sellingGeneralAndAdministrativeExpenses": 14531000, "otherExpenses": 88945000, "operatingExpenses": 105719000, "costAndExpenses": 112356000, "interestIncome": 1887000, "interestExpense": 1729000, "depreciationAndAmortization": 88945000, "ebitda": 178650000, "ebitdaratio": 0.8944664744, "operatingIncome": 87133000, "operatingIncomeRatio": 0.4362583113, "totalOtherIncomeExpensesNet": 11108000, "incomeBeforeTax": 98638000, "incomeBeforeTaxRatio": 0.4938616518, "incomeTaxExpense": 17759000, "netIncome": 80879000, "netIncomeRatio": 0.4049457262, "eps": 0.76, "epsdiluted": 0.75, "weightedAverageShsOut": 106152228, "weightedAverageShsOutDil": 107262675, "link": "", "finalLink": "", "calculatedOtherExpenses": 89184000, "calculatedOperatingExpenses": 105958000, "calculatedNetInterest": 158000, "calculatedOtherIncome": 11347000, "calculatedIncomeNonControlling": 0, "calculatedEbitda": 176078000}, {"date": "2008-12-31", "symbol": "FNV", "reportedCurrency": "USD", "cik": "0001456346", "fillingDate": "2008-12-31", "acceptedDate": "2008-12-30 19:00:00", "calendarYear": "2008", "period": "FY", "revenue": 151041000, "costOfRevenue": 8137000, "grossProfit": 142904000, "grossProfitRatio": 0.9461272105, "researchAndDevelopmentExpenses": 1409000, "generalAndAdministrativeExpenses": 13845000, "sellingAndMarketingExpenses": 0, "sellingGeneralAndAdministrativeExpenses": 13845000, "otherExpenses": 87525000, "operatingExpenses": 102779000, "costAndExpenses": 110916000, "interestIncome": 5323000, "interestExpense": 1745000, "depreciationAndAmortization": 87525000, "ebitda": 133768000, "ebitdaratio": 0.8856403228, "operatingIncome": 31637000, "operatingIncomeRatio": 0.2094596831, "totalOtherIncomeExpensesNet": -8488000, "incomeBeforeTax": 36010000, "incomeBeforeTaxRatio": 0.2384120868, "incomeTaxExpense": -4337000, "netIncome": 40347000, "netIncomeRatio": 0.2671261446, "eps": 0.41, "epsdiluted": 0.41, "weightedAverageShsOut": 97518398, "weightedAverageShsOutDil": 98102477, "link": "", "finalLink": "", "calculatedOtherExpenses": 96013000, "calculatedOperatingExpenses": 111267000, "calculatedNetInterest": 3578000, "calculatedOtherIncome": 795000, "calculatedIncomeNonControlling": 0, "calculatedEbitda": 119162000}, {"date": "2007-12-31", "symbol": "FNV", "reportedCurrency": "USD", "cik": "0001456346", "fillingDate": "2007-12-31", "acceptedDate": "2007-12-30 19:00:00", "calendarYear": "2007", "period": "FY", "revenue": 3281000, "costOfRevenue": 175000, "grossProfit": 3106000, "grossProfitRatio": 0.9466626029, "researchAndDevelopmentExpenses": 0, "generalAndAdministrativeExpenses": 1006000, "sellingAndMarketingExpenses": 0, "sellingGeneralAndAdministrativeExpenses": 1006000, "otherExpenses": 32864000, "operatingExpenses": 33870000, "costAndExpenses": 34045000, "interestIncome": 0, "interestExpense": -2864000, "depreciationAndAmortization": 2388000, "ebitda": -28376000, "ebitdaratio": -8.6485827492, "operatingIncome": -30764000, "operatingIncomeRatio": -9.3764096312, "totalOtherIncomeExpensesNet": -2864000, "incomeBeforeTax": -33628000, "incomeBeforeTaxRatio": -10.2493142335, "incomeTaxExpense": -549000, "netIncome": -33079000, "netIncomeRatio": -10.081987199, "eps": -0.39, "epsdiluted": -0.39, "weightedAverageShsOut": 85644767, "weightedAverageShsOutDil": 85644767, "link": "", "finalLink": "", "calculatedOtherExpenses": 32864000, "calculatedOperatingExpenses": 33870000, "calculatedNetInterest": 2864000, "calculatedOtherIncome": -5728000, "calculatedIncomeNonControlling": 0, "calculatedEbitda": -28376000}]}