{"originalCurrency": "USD", "convertedCurrency": "USD", "report": [{"date": "2023-12-31", "symbol": "FOLD", "reportedCurrency": "USD", "cik": "0001178879", "fillingDate": "2024-02-28", "acceptedDate": "2024-02-28 16:08:16", "calendarYear": "2023", "period": "FY", "revenue": 399356000, "costOfRevenue": 45199000, "grossProfit": 354157000, "grossProfitRatio": 0.8868202807, "researchAndDevelopmentExpenses": 152381000, "generalAndAdministrativeExpenses": 0, "sellingAndMarketingExpenses": 0, "sellingGeneralAndAdministrativeExpenses": 275270000, "otherExpenses": -15886000, "operatingExpenses": 427651000, "costAndExpenses": 472850000, "interestIncome": 7078000, "interestExpense": 50149000, "depreciationAndAmortization": 7873000, "ebitda": -65620999, "ebitdaratio": -0.1643170479, "operatingIncome": -73494000, "operatingIncomeRatio": -0.1840312904, "totalOtherIncomeExpensesNet": -76607000, "incomeBeforeTax": -150101000, "incomeBeforeTaxRatio": -0.3758576308, "incomeTaxExpense": 1483000, "netIncome": -151584000, "netIncomeRatio": -0.3795711095, "eps": -0.51, "epsdiluted": -0.51, "weightedAverageShsOut": 295164515, "weightedAverageShsOutDil": 295164515, "link": "https://www.sec.gov/Archives/edgar/data/1178879/000117887924000003/0001178879-24-000003-index.htm", "finalLink": "https://www.sec.gov/Archives/edgar/data/1178879/000117887924000003/fold-20231231.htm", "calculatedOtherExpenses": 0, "calculatedOperatingExpenses": 427651000, "calculatedNetInterest": -43071000, "calculatedOtherIncome": -33536000, "calculatedIncomeNonControlling": 0, "calculatedEbitda": -65621000}, {"date": "2022-12-31", "symbol": "FOLD", "reportedCurrency": "USD", "cik": "0001178879", "fillingDate": "2023-03-01", "acceptedDate": "2023-03-01 16:07:25", "calendarYear": "2022", "period": "FY", "revenue": 329233000, "costOfRevenue": 38599000, "grossProfit": 290634000, "grossProfitRatio": 0.8827608411, "researchAndDevelopmentExpenses": 276677000, "generalAndAdministrativeExpenses": 0, "sellingAndMarketingExpenses": 0, "sellingGeneralAndAdministrativeExpenses": 213041000, "otherExpenses": 5342000, "operatingExpenses": 495060000, "costAndExpenses": 533659000, "interestIncome": 3024000, "interestExpense": 37119000, "depreciationAndAmortization": 12542000, "ebitda": -191884000, "ebitdaratio": -0.5828212846, "operatingIncome": -204426000, "operatingIncomeRatio": -0.6209158863, "totalOtherIncomeExpensesNet": -37613000, "incomeBeforeTax": -242039000, "incomeBeforeTaxRatio": -0.7351602057, "incomeTaxExpense": -5471000, "netIncome": -236568000, "netIncomeRatio": -0.7185427949, "eps": -0.82, "epsdiluted": -0.82, "weightedAverageShsOut": 289057198, "weightedAverageShsOutDil": 289057198, "link": "https://www.sec.gov/Archives/edgar/data/1178879/000117887923000004/0001178879-23-000004-index.htm", "finalLink": "https://www.sec.gov/Archives/edgar/data/1178879/000117887923000004/fold-20221231.htm", "calculatedOtherExpenses": 5342000, "calculatedOperatingExpenses": 495060000, "calculatedNetInterest": -34095000, "calculatedOtherIncome": -3518000, "calculatedIncomeNonControlling": 0, "calculatedEbitda": -191884000}, {"date": "2021-12-31", "symbol": "FOLD", "reportedCurrency": "USD", "cik": "0001178879", "fillingDate": "2022-02-24", "acceptedDate": "2022-02-24 16:19:22", "calendarYear": "2021", "period": "FY", "revenue": 305514000, "costOfRevenue": 34466000, "grossProfit": 271048000, "grossProfitRatio": 0.8871868392, "researchAndDevelopmentExpenses": 272049000, "generalAndAdministrativeExpenses": 0, "sellingAndMarketingExpenses": 0, "sellingGeneralAndAdministrativeExpenses": 192710000, "otherExpenses": 6209000, "operatingExpenses": 470968000, "costAndExpenses": 505434000, "interestIncome": 509000, "interestExpense": 32471000, "depreciationAndAmortization": 3817000, "ebitda": -196103000, "ebitdaratio": -0.6418789319, "operatingIncome": -199920000, "operatingIncomeRatio": -0.654372631, "totalOtherIncomeExpensesNet": -41634000, "incomeBeforeTax": -241554000, "incomeBeforeTaxRatio": -0.7906478917, "incomeTaxExpense": 8906000, "netIncome": -250460000, "netIncomeRatio": -0.8197987654, "eps": -0.92, "epsdiluted": -0.92, "weightedAverageShsOut": 271421986, "weightedAverageShsOutDil": 271421986, "link": "https://www.sec.gov/Archives/edgar/data/1178879/000117887922000006/0001178879-22-000006-index.htm", "finalLink": "https://www.sec.gov/Archives/edgar/data/1178879/000117887922000006/fold-20211231.htm", "calculatedOtherExpenses": 6209000, "calculatedOperatingExpenses": 470968000, "calculatedNetInterest": -31962000, "calculatedOtherIncome": -9672000, "calculatedIncomeNonControlling": 0, "calculatedEbitda": -196103000}, {"date": "2020-12-31", "symbol": "FOLD", "reportedCurrency": "USD", "cik": "0001178879", "fillingDate": "2021-03-01", "acceptedDate": "2021-03-01 16:21:38", "calendarYear": "2020", "period": "FY", "revenue": 260886000, "costOfRevenue": 31044000, "grossProfit": 229842000, "grossProfitRatio": 0.8810054967, "researchAndDevelopmentExpenses": 308443000, "generalAndAdministrativeExpenses": 0, "sellingAndMarketingExpenses": 0, "sellingGeneralAndAdministrativeExpenses": 156407000, "otherExpenses": 8846000, "operatingExpenses": 473696000, "costAndExpenses": 504740000, "interestIncome": 3226000, "interestExpense": 22425000, "depreciationAndAmortization": 11291000, "ebitda": -232563000, "ebitdaratio": -0.8914353396, "operatingIncome": -243854000, "operatingIncomeRatio": -0.9347147796, "totalOtherIncomeExpensesNet": -30400000, "incomeBeforeTax": -274254000, "incomeBeforeTaxRatio": -1.0512407718, "incomeTaxExpense": 2598000, "netIncome": -276852000, "netIncomeRatio": -1.0611991445, "eps": -1.07, "epsdiluted": -1.07, "weightedAverageShsOut": 258867380, "weightedAverageShsOutDil": 258867380, "link": "https://www.sec.gov/Archives/edgar/data/1178879/000117887921000004/0001178879-21-000004-index.htm", "finalLink": "https://www.sec.gov/Archives/edgar/data/1178879/000117887921000004/fold-20201231.htm", "calculatedOtherExpenses": 8846000, "calculatedOperatingExpenses": 473696000, "calculatedNetInterest": -19199000, "calculatedOtherIncome": -11201000, "calculatedIncomeNonControlling": 0, "calculatedEbitda": -232563000}, {"date": "2019-12-31", "symbol": "FOLD", "reportedCurrency": "USD", "cik": "0001178879", "fillingDate": "2020-03-02", "acceptedDate": "2020-03-02 16:06:28", "calendarYear": "2019", "period": "FY", "revenue": 182237000, "costOfRevenue": 21963000, "grossProfit": 160274000, "grossProfitRatio": 0.8794811153, "researchAndDevelopmentExpenses": 286378000, "generalAndAdministrativeExpenses": 0, "sellingAndMarketingExpenses": 0, "sellingGeneralAndAdministrativeExpenses": 169861000, "otherExpenses": 4775000, "operatingExpenses": 461014000, "costAndExpenses": 482977000, "interestIncome": 10249000, "interestExpense": 18872000, "depreciationAndAmortization": -28226000, "ebitda": -328966000, "ebitdaratio": -1.8051548259, "operatingIncome": -300740000, "operatingIncomeRatio": -1.6502686063, "totalOtherIncomeExpensesNet": -55170000, "incomeBeforeTax": -355910000, "incomeBeforeTaxRatio": -1.9530062501, "incomeTaxExpense": 478000, "netIncome": -356388000, "netIncomeRatio": -1.9556292081, "eps": -1.48, "epsdiluted": -1.48, "weightedAverageShsOut": 240421001, "weightedAverageShsOutDil": 240421001, "link": "https://www.sec.gov/Archives/edgar/data/1178879/000117887920000015/0001178879-20-000015-index.htm", "finalLink": "https://www.sec.gov/Archives/edgar/data/1178879/000117887920000015/amicus1231201910-k.htm", "calculatedOtherExpenses": 4775000, "calculatedOperatingExpenses": 461014000, "calculatedNetInterest": -8623000, "calculatedOtherIncome": -46547000, "calculatedIncomeNonControlling": 0, "calculatedEbitda": -328966000}, {"date": "2018-12-31", "symbol": "FOLD", "reportedCurrency": "USD", "cik": "0001178879", "fillingDate": "2019-02-28", "acceptedDate": "2019-02-28 16:20:11", "calendarYear": "2018", "period": "FY", "revenue": 91245000, "costOfRevenue": 14404000, "grossProfit": 76841000, "grossProfitRatio": 0.8421392953, "researchAndDevelopmentExpenses": 270902000, "generalAndAdministrativeExpenses": 127200000, "sellingAndMarketingExpenses": 0, "sellingGeneralAndAdministrativeExpenses": 127200000, "otherExpenses": -5632000, "operatingExpenses": 402318000, "costAndExpenses": 416722000, "interestIncome": 10461000, "interestExpense": 22402000, "depreciationAndAmortization": 4216000, "ebitda": -316432000, "ebitdaratio": -3.4679379692, "operatingIncome": -328777000, "operatingIncomeRatio": -3.6032330539, "totalOtherIncomeExpensesNet": -11671000, "incomeBeforeTax": -349089000, "incomeBeforeTaxRatio": -3.8258425119, "incomeTaxExpense": -94000, "netIncome": -348995000, "netIncomeRatio": -3.8248123185, "eps": -1.88, "epsdiluted": -1.88, "weightedAverageShsOut": 185790021, "weightedAverageShsOutDil": 185790021, "link": "https://www.sec.gov/Archives/edgar/data/1178879/000117887919000024/0001178879-19-000024-index.htm", "finalLink": "https://www.sec.gov/Archives/edgar/data/1178879/000117887919000024/amicus1231201810-k.htm", "calculatedOtherExpenses": 7516000, "calculatedOperatingExpenses": 405618000, "calculatedNetInterest": -11941000, "calculatedOtherIncome": -8371000, "calculatedIncomeNonControlling": 0, "calculatedEbitda": -324561000}, {"date": "2017-12-31", "symbol": "FOLD", "reportedCurrency": "USD", "cik": "0001178879", "fillingDate": "2018-03-01", "acceptedDate": "2018-03-01 14:53:13", "calendarYear": "2017", "period": "FY", "revenue": 36930000, "costOfRevenue": 6236000, "grossProfit": 30694000, "grossProfitRatio": 0.8311399946, "researchAndDevelopmentExpenses": 149310000, "generalAndAdministrativeExpenses": 0, "sellingAndMarketingExpenses": 0, "sellingGeneralAndAdministrativeExpenses": 88671000, "otherExpenses": 6008000, "operatingExpenses": 241574000, "costAndExpenses": 247810000, "interestIncome": 4096000, "interestExpense": 17240000, "depreciationAndAmortization": 3593000, "ebitda": -197183000, "ebitdaratio": -5.3393717845, "operatingIncome": -441985000, "operatingIncomeRatio": -11.968183049, "totalOtherIncomeExpensesNet": -225097000, "incomeBeforeTax": -449121000, "incomeBeforeTaxRatio": -12.161413485, "incomeTaxExpense": -165119000, "netIncome": -284002000, "netIncomeRatio": -7.690278906, "eps": -1.85, "epsdiluted": -1.85, "weightedAverageShsOut": 153355144, "weightedAverageShsOutDil": 153355144, "link": "https://www.sec.gov/Archives/edgar/data/1178879/000104746918001199/0001047469-18-001199-index.htm", "finalLink": "https://www.sec.gov/Archives/edgar/data/1178879/000104746918001199/a2232459z10-k.htm", "calculatedOtherExpenses": 234698000, "calculatedOperatingExpenses": 472679000, "calculatedNetInterest": -13144000, "calculatedOtherIncome": 6008000, "calculatedIncomeNonControlling": 0, "calculatedEbitda": -438392000}, {"date": "2016-12-31", "symbol": "FOLD", "reportedCurrency": "USD", "cik": "0001178879", "fillingDate": "2017-03-01", "acceptedDate": "2017-03-01 16:12:04", "calendarYear": "2016", "period": "FY", "revenue": 4958000, "costOfRevenue": 833000, "grossProfit": 4125000, "grossProfitRatio": 0.8319887051, "researchAndDevelopmentExpenses": 104793000, "generalAndAdministrativeExpenses": 71151000, "sellingAndMarketingExpenses": 0, "sellingGeneralAndAdministrativeExpenses": 71151000, "otherExpenses": -4793000, "operatingExpenses": 179186000, "costAndExpenses": 180019000, "interestIncome": 1602000, "interestExpense": 5398000, "depreciationAndAmortization": 3242000, "ebitda": -175010000, "ebitdaratio": -35.2985074627, "operatingIncome": -181890000, "operatingIncomeRatio": -36.6861637757, "totalOtherIncomeExpensesNet": -24924000, "incomeBeforeTax": -203781000, "incomeBeforeTaxRatio": -41.1014521985, "incomeTaxExpense": -3739000, "netIncome": -200042000, "netIncomeRatio": -40.3473174667, "eps": -1.49, "epsdiluted": -1.49, "weightedAverageShsOut": 134401588, "weightedAverageShsOutDil": 134401588, "link": "https://www.sec.gov/Archives/edgar/data/1178879/000104746917001128/0001047469-17-001128-index.htm", "finalLink": "https://www.sec.gov/Archives/edgar/data/1178879/000104746917001128/a2231065z10-k.htm", "calculatedOtherExpenses": 10071000, "calculatedOperatingExpenses": 186015000, "calculatedNetInterest": -3796000, "calculatedOtherIncome": -18095000, "calculatedIncomeNonControlling": 0, "calculatedEbitda": -178648000}, {"date": "2015-12-31", "symbol": "FOLD", "reportedCurrency": "USD", "cik": "0001178879", "fillingDate": "2016-02-29", "acceptedDate": "2016-02-29 11:54:50", "calendarYear": "2015", "period": "FY", "revenue": 0, "costOfRevenue": 0, "grossProfit": 0, "grossProfitRatio": 0, "researchAndDevelopmentExpenses": 76943000, "generalAndAdministrativeExpenses": 47269000, "sellingAndMarketingExpenses": 0, "sellingGeneralAndAdministrativeExpenses": 47269000, "otherExpenses": -80000, "operatingExpenses": 126045000, "costAndExpenses": 126045000, "interestIncome": 929000, "interestExpense": 1578000, "depreciationAndAmortization": 1833000, "ebitda": -123363000, "ebitdaratio": 0, "operatingIncome": -130437000, "operatingIncomeRatio": 0, "totalOtherIncomeExpensesNet": -5424000, "incomeBeforeTax": -132118000, "incomeBeforeTaxRatio": 0, "incomeTaxExpense": 1498000, "netIncome": -132118000, "netIncomeRatio": 0, "eps": -1.2, "epsdiluted": -1.2, "weightedAverageShsOut": 109923815, "weightedAverageShsOutDil": 109923815, "link": "https://www.sec.gov/Archives/edgar/data/1178879/000104746916010563/0001047469-16-010563-index.htm", "finalLink": "https://www.sec.gov/Archives/edgar/data/1178879/000104746916010563/a2227425z10-k.htm", "calculatedOtherExpenses": 6225000, "calculatedOperatingExpenses": 130437000, "calculatedNetInterest": -649000, "calculatedOtherIncome": -1032000, "calculatedIncomeNonControlling": -1498000, "calculatedEbitda": -128604000}, {"date": "2014-12-31", "symbol": "FOLD", "reportedCurrency": "USD", "cik": "0001178879", "fillingDate": "2015-03-03", "acceptedDate": "2015-03-03 17:08:08", "calendarYear": "2014", "period": "FY", "revenue": 1224000, "costOfRevenue": 0, "grossProfit": 1224000, "grossProfitRatio": 1, "researchAndDevelopmentExpenses": 47624000, "generalAndAdministrativeExpenses": 20717000, "sellingAndMarketingExpenses": 0, "sellingGeneralAndAdministrativeExpenses": 20717000, "otherExpenses": -77000, "operatingExpenses": 69888000, "costAndExpenses": 69888000, "interestIncome": 223000, "interestExpense": 1484000, "depreciationAndAmortization": 1547000, "ebitda": -66971000, "ebitdaratio": -54.714869281, "operatingIncome": -68701000, "operatingIncomeRatio": -56.1282679739, "totalOtherIncomeExpensesNet": -114000, "incomeBeforeTax": -70039000, "incomeBeforeTaxRatio": -57.2214052288, "incomeTaxExpense": -1113000, "netIncome": -68926000, "netIncomeRatio": -56.3120915033, "eps": -0.93, "epsdiluted": -0.93, "weightedAverageShsOut": 74444157, "weightedAverageShsOutDil": 74444157, "link": "https://www.sec.gov/Archives/edgar/data/1178879/000104746915001585/0001047469-15-001585-index.htm", "finalLink": "https://www.sec.gov/Archives/edgar/data/1178879/000104746915001585/a2223191z10-k.htm", "calculatedOtherExpenses": 1584000, "calculatedOperatingExpenses": 69925000, "calculatedNetInterest": -1261000, "calculatedOtherIncome": -77000, "calculatedIncomeNonControlling": 0, "calculatedEbitda": -67154000}, {"date": "2013-12-31", "symbol": "FOLD", "reportedCurrency": "USD", "cik": "0001178879", "fillingDate": "2014-03-03", "acceptedDate": "2014-03-03 17:19:03", "calendarYear": "2013", "period": "FY", "revenue": 363000, "costOfRevenue": 0, "grossProfit": 363000, "grossProfitRatio": 1, "researchAndDevelopmentExpenses": 41944000, "generalAndAdministrativeExpenses": 18893000, "sellingAndMarketingExpenses": 0, "sellingGeneralAndAdministrativeExpenses": 18893000, "otherExpenses": 1719000, "operatingExpenses": 62556000, "costAndExpenses": 62556000, "interestIncome": 174000, "interestExpense": 46000, "depreciationAndAmortization": 1719000, "ebitda": -60300000, "ebitdaratio": -166.1157024793, "operatingIncome": -64181000, "operatingIncomeRatio": -176.8071625344, "totalOtherIncomeExpensesNet": -1080000, "incomeBeforeTax": -63145000, "incomeBeforeTaxRatio": -173.9531680441, "incomeTaxExpense": -3512000, "netIncome": -59633000, "netIncomeRatio": -164.2782369146, "eps": -1.16, "epsdiluted": -1.16, "weightedAverageShsOut": 51286059, "weightedAverageShsOutDil": 51286059, "link": "https://www.sec.gov/Archives/edgar/data/1178879/000104746914001702/0001047469-14-001702-index.htm", "finalLink": "https://www.sec.gov/Archives/edgar/data/1178879/000104746914001702/a2218555z10-k.htm", "calculatedOtherExpenses": 3707000, "calculatedOperatingExpenses": 64544000, "calculatedNetInterest": 128000, "calculatedOtherIncome": 908000, "calculatedIncomeNonControlling": 0, "calculatedEbitda": -62462000}, {"date": "2012-12-31", "symbol": "FOLD", "reportedCurrency": "USD", "cik": "0001178879", "fillingDate": "2013-03-13", "acceptedDate": "2013-03-12 18:11:43", "calendarYear": "2012", "period": "FY", "revenue": 18411000, "costOfRevenue": 0, "grossProfit": 18411000, "grossProfitRatio": 1, "researchAndDevelopmentExpenses": 50273000, "generalAndAdministrativeExpenses": 19364000, "sellingAndMarketingExpenses": 0, "sellingGeneralAndAdministrativeExpenses": 19364000, "otherExpenses": 21000, "operatingExpenses": 71342000, "costAndExpenses": 71342000, "interestIncome": 316000, "interestExpense": 89000, "depreciationAndAmortization": 1705000, "ebitda": -50889000, "ebitdaratio": -2.7640540981, "operatingIncome": -52931000, "operatingIncomeRatio": -2.8749660529, "totalOtherIncomeExpensesNet": 674000, "incomeBeforeTax": -52030000, "incomeBeforeTaxRatio": -2.8260279181, "incomeTaxExpense": -3245000, "netIncome": -48785000, "netIncomeRatio": -2.6497745913, "eps": -1.07, "epsdiluted": -1.07, "weightedAverageShsOut": 45565217, "weightedAverageShsOutDil": 45565217, "link": "https://www.sec.gov/Archives/edgar/data/1178879/000104746913002611/0001047469-13-002611-index.htm", "finalLink": "https://www.sec.gov/Archives/edgar/data/1178879/000104746913002611/a2213294z10-k.htm", "calculatedOtherExpenses": 1705000, "calculatedOperatingExpenses": 71342000, "calculatedNetInterest": 227000, "calculatedOtherIncome": 674000, "calculatedIncomeNonControlling": 0, "calculatedEbitda": -51226000}, {"date": "2011-12-31", "symbol": "FOLD", "reportedCurrency": "USD", "cik": "0001178879", "fillingDate": "2012-02-28", "acceptedDate": "2012-02-28 17:08:04", "calendarYear": "2011", "period": "FY", "revenue": 21434000, "costOfRevenue": 0, "grossProfit": 21434000, "grossProfitRatio": 1, "researchAndDevelopmentExpenses": 50856000, "generalAndAdministrativeExpenses": 19880000, "sellingAndMarketingExpenses": 0, "sellingGeneralAndAdministrativeExpenses": 19880000, "otherExpenses": 1585000, "operatingExpenses": 72321000, "costAndExpenses": 72321000, "interestIncome": 160000, "interestExpense": 148000, "depreciationAndAmortization": 1585000, "ebitda": -49142000, "ebitdaratio": -2.2927125128, "operatingIncome": -50887000, "operatingIncomeRatio": -2.3741252216, "totalOtherIncomeExpensesNet": 2834000, "incomeBeforeTax": -48041000, "incomeBeforeTaxRatio": -2.2413455258, "incomeTaxExpense": -3629000, "netIncome": -44412000, "netIncomeRatio": -2.0720350844, "eps": -1.28, "epsdiluted": -1.28, "weightedAverageShsOut": 34569642, "weightedAverageShsOutDil": 34569642, "link": "https://www.sec.gov/Archives/edgar/data/1178879/000119312512085717/0001193125-12-085717-index.htm", "finalLink": "https://www.sec.gov/Archives/edgar/data/1178879/000119312512085717/d299897d10k.htm", "calculatedOtherExpenses": 1585000, "calculatedOperatingExpenses": 72321000, "calculatedNetInterest": 12000, "calculatedOtherIncome": 2834000, "calculatedIncomeNonControlling": 0, "calculatedEbitda": -49302000}, {"date": "2010-12-31", "symbol": "FOLD", "reportedCurrency": "USD", "cik": "0001178879", "fillingDate": "2011-03-04", "acceptedDate": "2011-03-04 14:20:12", "calendarYear": "2010", "period": "FY", "revenue": 922000, "costOfRevenue": 0, "grossProfit": 922000, "grossProfitRatio": 1, "researchAndDevelopmentExpenses": 39042000, "generalAndAdministrativeExpenses": 15660000, "sellingAndMarketingExpenses": 0, "sellingGeneralAndAdministrativeExpenses": 15660000, "otherExpenses": 2058000, "operatingExpenses": 56760000, "costAndExpenses": 56760000, "interestIncome": 156000, "interestExpense": 260000, "depreciationAndAmortization": 2058000, "ebitda": -53624000, "ebitdaratio": -58.1605206074, "operatingIncome": -55838000, "operatingIncomeRatio": -60.5618221258, "totalOtherIncomeExpensesNet": -133000, "incomeBeforeTax": -56075000, "incomeBeforeTaxRatio": -60.8188720174, "incomeTaxExpense": -1139000, "netIncome": -54936000, "netIncomeRatio": -59.5835140998, "eps": -1.98, "epsdiluted": -1.98, "weightedAverageShsOut": 27734797, "weightedAverageShsOutDil": 27734797, "link": "https://www.sec.gov/Archives/edgar/data/1178879/000095012311022110/0000950123-11-022110-index.htm", "finalLink": "https://www.sec.gov/Archives/edgar/data/1178879/000095012311022110/c13524e10vk.htm", "calculatedOtherExpenses": 2058000, "calculatedOperatingExpenses": 56760000, "calculatedNetInterest": -104000, "calculatedOtherIncome": -133000, "calculatedIncomeNonControlling": 0, "calculatedEbitda": -53780000}, {"date": "2009-12-31", "symbol": "FOLD", "reportedCurrency": "USD", "cik": "0001178879", "fillingDate": "2010-03-10", "acceptedDate": "2010-03-10 17:06:29", "calendarYear": "2009", "period": "FY", "revenue": 64358000, "costOfRevenue": 0, "grossProfit": 64358000, "grossProfitRatio": 1, "researchAndDevelopmentExpenses": 48081000, "generalAndAdministrativeExpenses": 19973000, "sellingAndMarketingExpenses": 0, "sellingGeneralAndAdministrativeExpenses": 19973000, "otherExpenses": 2132000, "operatingExpenses": 70186000, "costAndExpenses": 70186000, "interestIncome": 997000, "interestExpense": 278000, "depreciationAndAmortization": 2132000, "ebitda": -2699000, "ebitdaratio": -0.0419372883, "operatingIncome": -7350000, "operatingIncomeRatio": -0.1142049162, "totalOtherIncomeExpensesNet": -1458000, "incomeBeforeTax": -6567000, "incomeBeforeTaxRatio": -0.1020385966, "incomeTaxExpense": 278000, "netIncome": -6567000, "netIncomeRatio": -0.1020385966, "eps": -0.29, "epsdiluted": -0.29, "weightedAverageShsOut": 22624134, "weightedAverageShsOutDil": 22624134, "link": "https://www.sec.gov/Archives/edgar/data/1178879/000095012310023137/0000950123-10-023137-index.htm", "finalLink": "https://www.sec.gov/Archives/edgar/data/1178879/000095012310023137/c97535e10vk.htm", "calculatedOtherExpenses": 3654000, "calculatedOperatingExpenses": 71708000, "calculatedNetInterest": 719000, "calculatedOtherIncome": 64000, "calculatedIncomeNonControlling": -278000, "calculatedEbitda": -5218000}, {"date": "2008-12-31", "symbol": "FOLD", "reportedCurrency": "USD", "cik": "0001178879", "fillingDate": "2009-02-06", "acceptedDate": "2009-02-05 18:31:31", "calendarYear": "2008", "period": "FY", "revenue": 14967000, "costOfRevenue": 0, "grossProfit": 14967000, "grossProfitRatio": 1, "researchAndDevelopmentExpenses": 37764000, "generalAndAdministrativeExpenses": 19666000, "sellingAndMarketingExpenses": 0, "sellingGeneralAndAdministrativeExpenses": 19666000, "otherExpenses": 1493000, "operatingExpenses": 58923000, "costAndExpenses": 58923000, "interestIncome": 0, "interestExpense": 0, "depreciationAndAmortization": 1493000, "ebitda": -42463000, "ebitdaratio": -2.8371083049, "operatingIncome": -43956000, "operatingIncomeRatio": -2.9368610944, "totalOtherIncomeExpensesNet": 4601000, "incomeBeforeTax": -39355000, "incomeBeforeTaxRatio": -2.6294514599, "incomeTaxExpense": 0, "netIncome": -39355000, "netIncomeRatio": -2.6294514599, "eps": -1.75, "epsdiluted": -1.75, "weightedAverageShsOut": 22493803, "weightedAverageShsOutDil": 22493803, "link": "https://www.sec.gov/Archives/edgar/data/1178879/000136231009001208/0001362310-09-001208-index.htm", "finalLink": "https://www.sec.gov/Archives/edgar/data/1178879/000136231009001208/c80039e10vk.htm", "calculatedOtherExpenses": 1493000, "calculatedOperatingExpenses": 58923000, "calculatedNetInterest": 0, "calculatedOtherIncome": 4601000, "calculatedIncomeNonControlling": 0, "calculatedEbitda": -42463000}, {"date": "2007-12-31", "symbol": "FOLD", "reportedCurrency": "USD", "cik": "0001178879", "fillingDate": "2008-02-08", "acceptedDate": "2008-02-08 16:20:27", "calendarYear": "2007", "period": "FY", "revenue": 1784000, "costOfRevenue": 0, "grossProfit": 1784000, "grossProfitRatio": 1, "researchAndDevelopmentExpenses": 31074000, "generalAndAdministrativeExpenses": 15278000, "sellingAndMarketingExpenses": 0, "sellingGeneralAndAdministrativeExpenses": 15278000, "otherExpenses": 1237000, "operatingExpenses": 47589000, "costAndExpenses": 47589000, "interestIncome": 5135000, "interestExpense": -348000, "depreciationAndAmortization": 1237000, "ebitda": -44419000, "ebitdaratio": -24.8985426009, "operatingIncome": -45805000, "operatingIncomeRatio": -25.6754484305, "totalOtherIncomeExpensesNet": -149000, "incomeBeforeTax": -41167000, "incomeBeforeTaxRatio": -23.0756726457, "incomeTaxExpense": 351000, "netIncome": -41167000, "netIncomeRatio": -23.0756726457, "eps": -3.11, "epsdiluted": -3.11, "weightedAverageShsOut": 13235755, "weightedAverageShsOutDil": 13235755, "link": "https://www.sec.gov/Archives/edgar/data/1178879/000089322008000264/0000893220-08-000264-index.htm", "finalLink": "https://www.sec.gov/Archives/edgar/data/1178879/000089322008000264/w47890e10vk.htm", "calculatedOtherExpenses": 1237000, "calculatedOperatingExpenses": 47589000, "calculatedNetInterest": 5483000, "calculatedOtherIncome": -845000, "calculatedIncomeNonControlling": -351000, "calculatedEbitda": -44568000}, {"date": "2006-12-31", "symbol": "FOLD", "reportedCurrency": "USD", "cik": "0001178879", "fillingDate": "2006-12-31", "acceptedDate": "2006-12-30 19:00:00", "calendarYear": "2006", "period": "FY", "revenue": 0, "costOfRevenue": 0, "grossProfit": 0, "grossProfitRatio": 0, "researchAndDevelopmentExpenses": 33630262, "generalAndAdministrativeExpenses": 0, "sellingAndMarketingExpenses": 0, "sellingGeneralAndAdministrativeExpenses": 12276559, "otherExpenses": 0, "operatingExpenses": 46859273, "costAndExpenses": 46859273, "interestIncome": 1990722, "interestExpense": 0, "depreciationAndAmortization": 952452, "ebitda": -44703352, "ebitdaratio": 0, "operatingIncome": -46859273, "operatingIncomeRatio": 0, "totalOtherIncomeExpensesNet": -1203469, "incomeBeforeTax": -46344910, "incomeBeforeTaxRatio": 0, "incomeTaxExpense": -514363, "netIncome": -46344910, "netIncomeRatio": 0, "eps": -62.97, "epsdiluted": -62.97, "weightedAverageShsOut": 735967, "weightedAverageShsOutDil": 735967, "link": "", "finalLink": "", "calculatedOtherExpenses": 952452, "calculatedOperatingExpenses": 46859273, "calculatedNetInterest": 1990722, "calculatedOtherIncome": -1476359, "calculatedIncomeNonControlling": 514363, "calculatedEbitda": -45906821}, {"date": "2005-12-31", "symbol": "FOLD", "reportedCurrency": "USD", "cik": "0001178879", "fillingDate": "2005-12-31", "acceptedDate": "2005-12-30 19:00:00", "calendarYear": "2005", "period": "FY", "revenue": 0, "costOfRevenue": 0, "grossProfit": 0, "grossProfitRatio": 0, "researchAndDevelopmentExpenses": 13651640, "generalAndAdministrativeExpenses": 0, "sellingAndMarketingExpenses": 0, "sellingGeneralAndAdministrativeExpenses": 6876883, "otherExpenses": 0, "operatingExpenses": 20831355, "costAndExpenses": 20831355, "interestIncome": 609519, "interestExpense": 0, "depreciationAndAmortization": 667383, "ebitda": -19883498, "ebitdaratio": 0, "operatingIncome": -20831355, "operatingIncomeRatio": 0, "totalOtherIncomeExpensesNet": -280474, "incomeBeforeTax": -20584086, "incomeBeforeTaxRatio": 0, "incomeTaxExpense": -611797, "netIncome": -19972289, "netIncomeRatio": 0, "eps": -48.69, "epsdiluted": -48.69, "weightedAverageShsOut": 410220, "weightedAverageShsOutDil": 410220, "link": "", "finalLink": "", "calculatedOtherExpenses": 302832, "calculatedOperatingExpenses": 20831355, "calculatedNetInterest": 609519, "calculatedOtherIncome": -362250, "calculatedIncomeNonControlling": 0, "calculatedEbitda": -20163972}, {"date": "2004-12-31", "symbol": "FOLD", "reportedCurrency": "USD", "cik": "0001178879", "fillingDate": "2004-12-31", "acceptedDate": "2004-12-30 19:00:00", "calendarYear": "2004", "period": "FY", "revenue": 0, "costOfRevenue": 0, "grossProfit": 0, "grossProfitRatio": 0, "researchAndDevelopmentExpenses": 0, "generalAndAdministrativeExpenses": 0, "sellingAndMarketingExpenses": 0, "sellingGeneralAndAdministrativeExpenses": 0, "otherExpenses": -8807102, "operatingExpenses": -8807102, "costAndExpenses": -8807102, "interestIncome": 0, "interestExpense": 0, "depreciationAndAmortization": 0, "ebitda": -8807102, "ebitdaratio": 0, "operatingIncome": -8807102, "operatingIncomeRatio": 0, "totalOtherIncomeExpensesNet": 0, "incomeBeforeTax": 0, "incomeBeforeTaxRatio": 0, "incomeTaxExpense": 8807102, "netIncome": -8807102, "netIncomeRatio": 0, "eps": -28.64, "epsdiluted": -28.64, "weightedAverageShsOut": 307539, "weightedAverageShsOutDil": 307539, "link": "", "finalLink": "", "calculatedOtherExpenses": 8807102, "calculatedOperatingExpenses": 8807102, "calculatedNetInterest": 0, "calculatedOtherIncome": 8807102, "calculatedIncomeNonControlling": 0, "calculatedEbitda": -8807102}, {"date": "2003-12-31", "symbol": "FOLD", "reportedCurrency": "USD", "cik": "0001178879", "fillingDate": "2003-12-31", "acceptedDate": "2003-12-30 19:00:00", "calendarYear": "2003", "period": "FY", "revenue": 0, "costOfRevenue": 0, "grossProfit": 0, "grossProfitRatio": 0, "researchAndDevelopmentExpenses": 4433000, "generalAndAdministrativeExpenses": 0, "sellingAndMarketingExpenses": 0, "sellingGeneralAndAdministrativeExpenses": 0, "otherExpenses": 0, "operatingExpenses": 6600000, "costAndExpenses": 6600000, "interestIncome": 5000, "interestExpense": 0, "depreciationAndAmortization": 132000, "ebitda": -6468000, "ebitdaratio": 0, "operatingIncome": -6600000, "operatingIncomeRatio": 0, "totalOtherIncomeExpensesNet": -168000, "incomeBeforeTax": -6768000, "incomeBeforeTaxRatio": 0, "incomeTaxExpense": 0, "netIncome": -6768000, "netIncomeRatio": 0, "eps": -22.01, "epsdiluted": -22.01, "weightedAverageShsOut": 307539, "weightedAverageShsOutDil": 307539, "link": "", "finalLink": "", "calculatedOtherExpenses": 2167000, "calculatedOperatingExpenses": 6600000, "calculatedNetInterest": 5000, "calculatedOtherIncome": -173000, "calculatedIncomeNonControlling": 0, "calculatedEbitda": -6468000}]}