{"originalCurrency": "USD", "convertedCurrency": "USD", "report": [{"date": "2023-12-30", "symbol": "FORM", "reportedCurrency": "USD", "cik": "0001039399", "fillingDate": "2024-02-23", "acceptedDate": "2024-02-23 16:09:12", "calendarYear": "2023", "period": "FY", "revenue": 663102000, "costOfRevenue": 408156000, "grossProfit": 254946000, "grossProfitRatio": 0.3844747867, "researchAndDevelopmentExpenses": 115549000, "generalAndAdministrativeExpenses": 0, "sellingAndMarketingExpenses": 0, "sellingGeneralAndAdministrativeExpenses": 127803000, "otherExpenses": -333000, "operatingExpenses": 243685000, "costAndExpenses": 651841000, "interestIncome": 7217000, "interestExpense": 421000, "depreciationAndAmortization": 44842000, "ebitda": 56103000, "ebitdaratio": 0.0846068931, "operatingIncome": 11261000, "operatingIncomeRatio": 0.0169823044, "totalOtherIncomeExpensesNet": 78006000, "incomeBeforeTax": 89267000, "incomeBeforeTaxRatio": 0.1346203148, "incomeTaxExpense": 6880000, "netIncome": 82387000, "netIncomeRatio": 0.1242448371, "eps": 1.06, "epsdiluted": 1.05, "weightedAverageShsOut": 77370000, "weightedAverageShsOutDil": 78159000, "link": "https://www.sec.gov/Archives/edgar/data/1039399/000103939924000007/0001039399-24-000007-index.htm", "finalLink": "https://www.sec.gov/Archives/edgar/data/1039399/000103939924000007/form-20231230.htm", "calculatedOtherExpenses": 333000, "calculatedOperatingExpenses": 243685000, "calculatedNetInterest": 6796000, "calculatedOtherIncome": 71210000, "calculatedIncomeNonControlling": 0, "calculatedEbitda": 56103000}, {"date": "2022-12-31", "symbol": "FORM", "reportedCurrency": "USD", "cik": "0001039399", "fillingDate": "2023-02-24", "acceptedDate": "2023-02-24 16:13:22", "calendarYear": "2022", "period": "FY", "revenue": 747937000, "costOfRevenue": 451928000, "grossProfit": 296009000, "grossProfitRatio": 0.3957672906, "researchAndDevelopmentExpenses": 109222000, "generalAndAdministrativeExpenses": 0, "sellingAndMarketingExpenses": 0, "sellingGeneralAndAdministrativeExpenses": 131875000, "otherExpenses": 1317000, "operatingExpenses": 241097000, "costAndExpenses": 693025000, "interestIncome": 2220000, "interestExpense": 579000, "depreciationAndAmortization": 41574000, "ebitda": 96486000, "ebitdaratio": 0.1290028438, "operatingIncome": 54912000, "operatingIncomeRatio": 0.0734179483, "totalOtherIncomeExpensesNet": 2958000, "incomeBeforeTax": 57870000, "incomeBeforeTaxRatio": 0.0773728269, "incomeTaxExpense": 7132000, "netIncome": 50738000, "netIncomeRatio": 0.0678372644, "eps": 0.65, "epsdiluted": 0.65, "weightedAverageShsOut": 77578000, "weightedAverageShsOutDil": 78201000, "link": "https://www.sec.gov/Archives/edgar/data/1039399/000103939923000010/0001039399-23-000010-index.htm", "finalLink": "https://www.sec.gov/Archives/edgar/data/1039399/000103939923000010/form-20221231.htm", "calculatedOtherExpenses": 0, "calculatedOperatingExpenses": 241097000, "calculatedNetInterest": 1641000, "calculatedOtherIncome": 1317000, "calculatedIncomeNonControlling": 0, "calculatedEbitda": 96486000}, {"date": "2021-12-25", "symbol": "FORM", "reportedCurrency": "USD", "cik": "0001039399", "fillingDate": "2022-02-18", "acceptedDate": "2022-02-18 16:01:53", "calendarYear": "2021", "period": "FY", "revenue": 769674000, "costOfRevenue": 446907000, "grossProfit": 322767000, "grossProfitRatio": 0.4193554674, "researchAndDevelopmentExpenses": 100937000, "generalAndAdministrativeExpenses": 0, "sellingAndMarketingExpenses": 0, "sellingGeneralAndAdministrativeExpenses": 123792000, "otherExpenses": 495000, "operatingExpenses": 224729000, "costAndExpenses": 671636000, "interestIncome": 569000, "interestExpense": 602000, "depreciationAndAmortization": 45583000, "ebitda": 143621000, "ebitdaratio": 0.1865997812, "operatingIncome": 98038000, "operatingIncomeRatio": 0.1273760059, "totalOtherIncomeExpensesNet": 462000, "incomeBeforeTax": 98500000, "incomeBeforeTaxRatio": 0.1279762601, "incomeTaxExpense": 14576000, "netIncome": 83924000, "netIncomeRatio": 0.1090383721, "eps": 1.08, "epsdiluted": 1.06, "weightedAverageShsOut": 77787000, "weightedAverageShsOutDil": 79133000, "link": "https://www.sec.gov/Archives/edgar/data/1039399/000103939922000014/0001039399-22-000014-index.htm", "finalLink": "https://www.sec.gov/Archives/edgar/data/1039399/000103939922000014/form-20211225.htm", "calculatedOtherExpenses": 0, "calculatedOperatingExpenses": 224729000, "calculatedNetInterest": -33000, "calculatedOtherIncome": 495000, "calculatedIncomeNonControlling": 0, "calculatedEbitda": 143621000}, {"date": "2020-12-26", "symbol": "FORM", "reportedCurrency": "USD", "cik": "0001039399", "fillingDate": "2021-02-22", "acceptedDate": "2021-02-22 16:03:11", "calendarYear": "2020", "period": "FY", "revenue": 693616000, "costOfRevenue": 405696000, "grossProfit": 287920000, "grossProfitRatio": 0.4150999977, "researchAndDevelopmentExpenses": 89034000, "generalAndAdministrativeExpenses": 0, "sellingAndMarketingExpenses": 0, "sellingGeneralAndAdministrativeExpenses": 115098000, "otherExpenses": 750000, "operatingExpenses": 204132000, "costAndExpenses": 609828000, "interestIncome": 1501000, "interestExpense": 864000, "depreciationAndAmortization": 50936000, "ebitda": 134724000, "ebitdaratio": 0.1942342737, "operatingIncome": 83788000, "operatingIncomeRatio": 0.1207988282, "totalOtherIncomeExpensesNet": 1387000, "incomeBeforeTax": 85175000, "incomeBeforeTaxRatio": 0.1227984937, "incomeTaxExpense": 6652000, "netIncome": 78523000, "netIncomeRatio": 0.1132081728, "eps": 1.02, "epsdiluted": 0.99, "weightedAverageShsOut": 76681000, "weightedAverageShsOutDil": 79001000, "link": "https://www.sec.gov/Archives/edgar/data/1039399/000103939921000009/0001039399-21-000009-index.htm", "finalLink": "https://www.sec.gov/Archives/edgar/data/1039399/000103939921000009/form-20201226.htm", "calculatedOtherExpenses": 0, "calculatedOperatingExpenses": 204132000, "calculatedNetInterest": 637000, "calculatedOtherIncome": 750000, "calculatedIncomeNonControlling": 0, "calculatedEbitda": 134724000}, {"date": "2019-12-28", "symbol": "FORM", "reportedCurrency": "USD", "cik": "0001039399", "fillingDate": "2020-02-21", "acceptedDate": "2020-02-21 16:53:52", "calendarYear": "2019", "period": "FY", "revenue": 589464000, "costOfRevenue": 351968000, "grossProfit": 237496000, "grossProfitRatio": 0.4029016191, "researchAndDevelopmentExpenses": 81499000, "generalAndAdministrativeExpenses": 0, "sellingAndMarketingExpenses": 0, "sellingGeneralAndAdministrativeExpenses": 106335000, "otherExpenses": 602000, "operatingExpenses": 187834000, "costAndExpenses": 539802000, "interestIncome": 2714000, "interestExpense": 1915000, "depreciationAndAmortization": 48173000, "ebitda": 97835000, "ebitdaratio": 0.165972816, "operatingIncome": 49662000, "operatingIncomeRatio": 0.0842494198, "totalOtherIncomeExpensesNet": 1401000, "incomeBeforeTax": 51063000, "incomeBeforeTaxRatio": 0.0866261553, "incomeTaxExpense": 11717000, "netIncome": 39346000, "netIncomeRatio": 0.0667487752, "eps": 0.52, "epsdiluted": 0.51, "weightedAverageShsOut": 74994000, "weightedAverageShsOutDil": 77286000, "link": "https://www.sec.gov/Archives/edgar/data/1039399/000103939920000011/0001039399-20-000011-index.htm", "finalLink": "https://www.sec.gov/Archives/edgar/data/1039399/000103939920000011/form-20191228.htm", "calculatedOtherExpenses": 0, "calculatedOperatingExpenses": 187834000, "calculatedNetInterest": 799000, "calculatedOtherIncome": 602000, "calculatedIncomeNonControlling": 0, "calculatedEbitda": 97835000}, {"date": "2018-12-29", "symbol": "FORM", "reportedCurrency": "USD", "cik": "0001039399", "fillingDate": "2019-02-26", "acceptedDate": "2019-02-26 16:44:57", "calendarYear": "2018", "period": "FY", "revenue": 529675000, "costOfRevenue": 319336000, "grossProfit": 210339000, "grossProfitRatio": 0.3971095483, "researchAndDevelopmentExpenses": 74976000, "generalAndAdministrativeExpenses": 0, "sellingAndMarketingExpenses": 0, "sellingGeneralAndAdministrativeExpenses": 99094000, "otherExpenses": -224000, "operatingExpenses": 174070000, "costAndExpenses": 493406000, "interestIncome": 1356000, "interestExpense": 3314000, "depreciationAndAmortization": 43687000, "ebitda": 37401000, "ebitdaratio": 0.0706112239, "operatingIncome": 36109000, "operatingIncomeRatio": 0.0681719923, "totalOtherIncomeExpensesNet": -384000, "incomeBeforeTax": 33927000, "incomeBeforeTaxRatio": 0.064052485, "incomeTaxExpense": -70109000, "netIncome": 104036000, "netIncomeRatio": 0.1964147826, "eps": 1.42, "epsdiluted": 1.38, "weightedAverageShsOut": 73482000, "weightedAverageShsOutDil": 75182000, "link": "https://www.sec.gov/Archives/edgar/data/1039399/000103939919000010/0001039399-19-000010-index.htm", "finalLink": "https://www.sec.gov/Archives/edgar/data/1039399/000103939919000010/form-20181229x10k.htm", "calculatedOtherExpenses": 160000, "calculatedOperatingExpenses": 174230000, "calculatedNetInterest": -1958000, "calculatedOtherIncome": -224000, "calculatedIncomeNonControlling": 0, "calculatedEbitda": 79796000}, {"date": "2017-12-30", "symbol": "FORM", "reportedCurrency": "USD", "cik": "0001039399", "fillingDate": "2018-02-27", "acceptedDate": "2018-02-27 16:15:45", "calendarYear": "2017", "period": "FY", "revenue": 548441000, "costOfRevenue": 332844000, "grossProfit": 215597000, "grossProfitRatio": 0.3931088303, "researchAndDevelopmentExpenses": 73807000, "generalAndAdministrativeExpenses": 0, "sellingAndMarketingExpenses": 0, "sellingGeneralAndAdministrativeExpenses": 94679000, "otherExpenses": -152000, "operatingExpenses": 168486000, "costAndExpenses": 501330000, "interestIncome": 548000, "interestExpense": 4491000, "depreciationAndAmortization": 44566000, "ebitda": 47507000, "ebitdaratio": 0.0866218973, "operatingIncome": 46301000, "operatingIncomeRatio": 0.084422937, "totalOtherIncomeExpensesNet": -962000, "incomeBeforeTax": 42206000, "incomeBeforeTaxRatio": 0.076956318, "incomeTaxExpense": 1293000, "netIncome": 40913000, "netIncomeRatio": 0.0745987262, "eps": 0.57, "epsdiluted": 0.55, "weightedAverageShsOut": 72292000, "weightedAverageShsOutDil": 74239000, "link": "https://www.sec.gov/Archives/edgar/data/1039399/000103939918000014/0001039399-18-000014-index.htm", "finalLink": "https://www.sec.gov/Archives/edgar/data/1039399/000103939918000014/form-20171230x10k.htm", "calculatedOtherExpenses": 810000, "calculatedOperatingExpenses": 169296000, "calculatedNetInterest": -3943000, "calculatedOtherIncome": -152000, "calculatedIncomeNonControlling": 0, "calculatedEbitda": 90867000}, {"date": "2016-12-31", "symbol": "FORM", "reportedCurrency": "USD", "cik": "0001039399", "fillingDate": "2017-03-15", "acceptedDate": "2017-03-15 17:27:11", "calendarYear": "2016", "period": "FY", "revenue": 383881000, "costOfRevenue": 281199000, "grossProfit": 102682000, "grossProfitRatio": 0.2674839338, "researchAndDevelopmentExpenses": 57453000, "generalAndAdministrativeExpenses": 0, "sellingAndMarketingExpenses": 0, "sellingGeneralAndAdministrativeExpenses": 73444000, "otherExpenses": -2615000, "operatingExpenses": 130897000, "costAndExpenses": 412096000, "interestIncome": 327000, "interestExpense": 327000, "depreciationAndAmortization": 46798000, "ebitda": -8523000, "ebitdaratio": -0.0222021929, "operatingIncome": -47907000, "operatingIncomeRatio": -0.1247964864, "totalOtherIncomeExpensesNet": -22307000, "incomeBeforeTax": -50195000, "incomeBeforeTaxRatio": -0.1307566668, "incomeTaxExpense": -43638000, "netIncome": -6557000, "netIncomeRatio": -0.0170808141, "eps": -0.1, "epsdiluted": -0.1, "weightedAverageShsOut": 64941000, "weightedAverageShsOutDil": 64941000, "link": "https://www.sec.gov/Archives/edgar/data/1039399/000103939917000009/0001039399-17-000009-index.htm", "finalLink": "https://www.sec.gov/Archives/edgar/data/1039399/000103939917000009/form-20161231x10k.htm", "calculatedOtherExpenses": 19692000, "calculatedOperatingExpenses": 150589000, "calculatedNetInterest": 0, "calculatedOtherIncome": -2288000, "calculatedIncomeNonControlling": 0, "calculatedEbitda": -1109000}, {"date": "2015-12-26", "symbol": "FORM", "reportedCurrency": "USD", "cik": "0001039399", "fillingDate": "2016-03-04", "acceptedDate": "2016-03-04 17:14:55", "calendarYear": "2015", "period": "FY", "revenue": 282358000, "costOfRevenue": 196620000, "grossProfit": 85738000, "grossProfitRatio": 0.3036499763, "researchAndDevelopmentExpenses": 44184000, "generalAndAdministrativeExpenses": 0, "sellingAndMarketingExpenses": 0, "sellingGeneralAndAdministrativeExpenses": 45090000, "otherExpenses": 2547000, "operatingExpenses": 89274000, "costAndExpenses": 285894000, "interestIncome": 285000, "interestExpense": 285000, "depreciationAndAmortization": 23771000, "ebitda": -2969000, "ebitdaratio": -0.0105150199, "operatingIncome": -4103000, "operatingIncomeRatio": -0.014531198, "totalOtherIncomeExpensesNet": 1980000, "incomeBeforeTax": -1271000, "incomeBeforeTaxRatio": -0.0045013777, "incomeTaxExpense": 252000, "netIncome": -1523000, "netIncomeRatio": -0.0053938617, "eps": -0.0263, "epsdiluted": -0.0263, "weightedAverageShsOut": 57850000, "weightedAverageShsOutDil": 57850000, "link": "https://www.sec.gov/Archives/edgar/data/1039399/000103939916000037/0001039399-16-000037-index.htm", "finalLink": "https://www.sec.gov/Archives/edgar/data/1039399/000103939916000037/form-20151226x10k.htm", "calculatedOtherExpenses": 567000, "calculatedOperatingExpenses": 89841000, "calculatedNetInterest": 0, "calculatedOtherIncome": 2832000, "calculatedIncomeNonControlling": 0, "calculatedEbitda": 19668000}, {"date": "2014-12-27", "symbol": "FORM", "reportedCurrency": "USD", "cik": "0001039399", "fillingDate": "2015-03-06", "acceptedDate": "2015-03-06 16:32:38", "calendarYear": "2014", "period": "FY", "revenue": 268530000, "costOfRevenue": 191091000, "grossProfit": 77439000, "grossProfitRatio": 0.2883811865, "researchAndDevelopmentExpenses": 42725000, "generalAndAdministrativeExpenses": 0, "sellingAndMarketingExpenses": 0, "sellingGeneralAndAdministrativeExpenses": 51385000, "otherExpenses": 161000, "operatingExpenses": 94110000, "costAndExpenses": 285201000, "interestIncome": 302000, "interestExpense": 302000, "depreciationAndAmortization": 30491000, "ebitda": -12784000, "ebitdaratio": -0.0476073437, "operatingIncome": -20558000, "operatingIncomeRatio": -0.0765575541, "totalOtherIncomeExpensesNet": -3726000, "incomeBeforeTax": -20095000, "incomeBeforeTaxRatio": -0.074833352, "incomeTaxExpense": -910000, "netIncome": -19185000, "netIncomeRatio": -0.0714445313, "eps": -0.34, "epsdiluted": -0.34, "weightedAverageShsOut": 55908000, "weightedAverageShsOutDil": 55908000, "link": "https://www.sec.gov/Archives/edgar/data/1039399/000103939915000005/0001039399-15-000005-index.htm", "finalLink": "https://www.sec.gov/Archives/edgar/data/1039399/000103939915000005/form-20141227x10k.htm", "calculatedOtherExpenses": 3887000, "calculatedOperatingExpenses": 97997000, "calculatedNetInterest": 0, "calculatedOtherIncome": 463000, "calculatedIncomeNonControlling": 0, "calculatedEbitda": 9933000}, {"date": "2013-12-28", "symbol": "FORM", "reportedCurrency": "USD", "cik": "0001039399", "fillingDate": "2014-03-07", "acceptedDate": "2014-03-07 15:23:07", "calendarYear": "2013", "period": "FY", "revenue": 231533000, "costOfRevenue": 189249000, "grossProfit": 42284000, "grossProfitRatio": 0.1826262347, "researchAndDevelopmentExpenses": 42139000, "generalAndAdministrativeExpenses": 0, "sellingAndMarketingExpenses": 0, "sellingGeneralAndAdministrativeExpenses": 53217000, "otherExpenses": 623000, "operatingExpenses": 95356000, "costAndExpenses": 284605000, "interestIncome": 386000, "interestExpense": 386000, "depreciationAndAmortization": 28909000, "ebitda": -47353000, "ebitdaratio": -0.2045194422, "operatingIncome": -58791000, "operatingIncomeRatio": -0.2539206074, "totalOtherIncomeExpensesNet": -5096000, "incomeBeforeTax": -57782000, "incomeBeforeTaxRatio": -0.2495626973, "incomeTaxExpense": -99000, "netIncome": -57683000, "netIncomeRatio": -0.2491351125, "eps": -1.06, "epsdiluted": -1.06, "weightedAverageShsOut": 54204000, "weightedAverageShsOutDil": 54204000, "link": "https://www.sec.gov/Archives/edgar/data/1039399/000103939914000007/0001039399-14-000007-index.htm", "finalLink": "https://www.sec.gov/Archives/edgar/data/1039399/000103939914000007/form-20131228x10k.htm", "calculatedOtherExpenses": 5719000, "calculatedOperatingExpenses": 101075000, "calculatedNetInterest": 0, "calculatedOtherIncome": 1009000, "calculatedIncomeNonControlling": 0, "calculatedEbitda": -29882000}, {"date": "2012-12-29", "symbol": "FORM", "reportedCurrency": "USD", "cik": "0001039399", "fillingDate": "2013-03-13", "acceptedDate": "2013-03-13 13:54:06", "calendarYear": "2012", "period": "FY", "revenue": 178535000, "costOfRevenue": 153205000, "grossProfit": 25330000, "grossProfitRatio": 0.1418769429, "researchAndDevelopmentExpenses": 40129000, "generalAndAdministrativeExpenses": 0, "sellingAndMarketingExpenses": 0, "sellingGeneralAndAdministrativeExpenses": 49230000, "otherExpenses": 1461000, "operatingExpenses": 89359000, "costAndExpenses": 242564000, "interestIncome": 691000, "interestExpense": 691000, "depreciationAndAmortization": 16901000, "ebitda": -63942000, "ebitdaratio": -0.3581482622, "operatingIncome": -64116000, "operatingIncomeRatio": -0.3591228611, "totalOtherIncomeExpensesNet": 1374000, "incomeBeforeTax": -61964000, "incomeBeforeTaxRatio": -0.3470692021, "incomeTaxExpense": -26420000, "netIncome": -35544000, "netIncomeRatio": -0.1990870138, "eps": -0.7, "epsdiluted": -0.7, "weightedAverageShsOut": 50551000, "weightedAverageShsOutDil": 50551000, "link": "https://www.sec.gov/Archives/edgar/data/1039399/000144530513000585/0001445305-13-000585-index.htm", "finalLink": "https://www.sec.gov/Archives/edgar/data/1039399/000144530513000585/form-20121229x10k.htm", "calculatedOtherExpenses": 87000, "calculatedOperatingExpenses": 89446000, "calculatedNetInterest": 0, "calculatedOtherIncome": 2152000, "calculatedIncomeNonControlling": 0, "calculatedEbitda": -47215000}, {"date": "2011-12-31", "symbol": "FORM", "reportedCurrency": "USD", "cik": "0001039399", "fillingDate": "2012-02-21", "acceptedDate": "2012-02-17 19:11:48", "calendarYear": "2011", "period": "FY", "revenue": 169325000, "costOfRevenue": 148367000, "grossProfit": 20958000, "grossProfitRatio": 0.1237738078, "researchAndDevelopmentExpenses": 43544000, "generalAndAdministrativeExpenses": 0, "sellingAndMarketingExpenses": 0, "sellingGeneralAndAdministrativeExpenses": 46705000, "otherExpenses": 1071000, "operatingExpenses": 90249000, "costAndExpenses": 238616000, "interestIncome": 0, "interestExpense": 1404000, "depreciationAndAmortization": 10838000, "ebitda": -69296000, "ebitdaratio": -0.4092484866, "operatingIncome": -70362000, "operatingIncomeRatio": -0.4155440721, "totalOtherIncomeExpensesNet": 5000, "incomeBeforeTax": -67882000, "incomeBeforeTaxRatio": -0.400897682, "incomeTaxExpense": -1901000, "netIncome": -65981000, "netIncomeRatio": -0.3896707515, "eps": -1.31, "epsdiluted": -1.31, "weightedAverageShsOut": 50521000, "weightedAverageShsOutDil": 50521000, "link": "https://www.sec.gov/Archives/edgar/data/1039399/000103939912000006/0001039399-12-000006-index.htm", "finalLink": "https://www.sec.gov/Archives/edgar/data/1039399/000103939912000006/form-20111231x10k.htm", "calculatedOtherExpenses": 1071000, "calculatedOperatingExpenses": 91320000, "calculatedNetInterest": -1404000, "calculatedOtherIncome": 3884000, "calculatedIncomeNonControlling": 0, "calculatedEbitda": -59524000}, {"date": "2010-12-25", "symbol": "FORM", "reportedCurrency": "USD", "cik": "0001039399", "fillingDate": "2011-02-17", "acceptedDate": "2011-02-17 16:48:59", "calendarYear": "2010", "period": "FY", "revenue": 188565000, "costOfRevenue": 190837000, "grossProfit": -2272000, "grossProfitRatio": -0.0120488956, "researchAndDevelopmentExpenses": 55389000, "generalAndAdministrativeExpenses": 0, "sellingAndMarketingExpenses": 0, "sellingGeneralAndAdministrativeExpenses": 67208000, "otherExpenses": 0, "operatingExpenses": 122597000, "costAndExpenses": 313434000, "interestIncome": 0, "interestExpense": 2546000, "depreciationAndAmortization": 28155000, "ebitda": -56986000, "ebitdaratio": -0.3022087874, "operatingIncome": -197178000, "operatingIncomeRatio": -1.0456765572, "totalOtherIncomeExpensesNet": -67883000, "incomeBeforeTax": -190206000, "incomeBeforeTaxRatio": -1.0087025694, "incomeTaxExpense": -1920000, "netIncome": -188286000, "netIncomeRatio": -0.9985204041, "eps": -3.75, "epsdiluted": -3.75, "weightedAverageShsOut": 50246000, "weightedAverageShsOutDil": 50246000, "link": "https://www.sec.gov/Archives/edgar/data/1039399/000104746911001026/0001047469-11-001026-index.htm", "finalLink": "https://www.sec.gov/Archives/edgar/data/1039399/000104746911001026/a2201923z10-k.htm", "calculatedOtherExpenses": 72309000, "calculatedOperatingExpenses": 194906000, "calculatedNetInterest": -2546000, "calculatedOtherIncome": 9518000, "calculatedIncomeNonControlling": 0, "calculatedEbitda": -169023000}, {"date": "2009-12-26", "symbol": "FORM", "reportedCurrency": "USD", "cik": "0001039399", "fillingDate": "2010-02-24", "acceptedDate": "2010-02-24 17:24:34", "calendarYear": "2009", "period": "FY", "revenue": 135335000, "costOfRevenue": 135804000, "grossProfit": -469000, "grossProfitRatio": -0.0034654746, "researchAndDevelopmentExpenses": 57509000, "generalAndAdministrativeExpenses": 0, "sellingAndMarketingExpenses": 0, "sellingGeneralAndAdministrativeExpenses": 78428000, "otherExpenses": 0, "operatingExpenses": 135937000, "costAndExpenses": 271741000, "interestIncome": 3282000, "interestExpense": 3282000, "depreciationAndAmortization": 32910000, "ebitda": -127091000, "ebitdaratio": -0.939084494, "operatingIncome": -145186000, "operatingIncomeRatio": -1.072789744, "totalOtherIncomeExpensesNet": -9315000, "incomeBeforeTax": -142439000, "incomeBeforeTaxRatio": -1.0524919644, "incomeTaxExpense": 13214000, "netIncome": -155653000, "netIncomeRatio": -1.150131156, "eps": -3.15, "epsdiluted": -3.15, "weightedAverageShsOut": 49483000, "weightedAverageShsOutDil": 49483000, "link": "https://www.sec.gov/Archives/edgar/data/1039399/000104746910001263/0001047469-10-001263-index.htm", "finalLink": "https://www.sec.gov/Archives/edgar/data/1039399/000104746910001263/a2196665z10-k.htm", "calculatedOtherExpenses": 8780000, "calculatedOperatingExpenses": 144717000, "calculatedNetInterest": 0, "calculatedOtherIncome": 2747000, "calculatedIncomeNonControlling": 0, "calculatedEbitda": -112276000}, {"date": "2008-12-27", "symbol": "FORM", "reportedCurrency": "USD", "cik": "0001039399", "fillingDate": "2009-02-27", "acceptedDate": "2009-02-27 17:22:56", "calendarYear": "2008", "period": "FY", "revenue": 210189000, "costOfRevenue": 173926000, "grossProfit": 36263000, "grossProfitRatio": 0.1725256793, "researchAndDevelopmentExpenses": 65509000, "generalAndAdministrativeExpenses": 0, "sellingAndMarketingExpenses": 0, "sellingGeneralAndAdministrativeExpenses": 95208000, "otherExpenses": 0, "operatingExpenses": 160717000, "costAndExpenses": 334643000, "interestIncome": 12446000, "interestExpense": 12446000, "depreciationAndAmortization": 32181000, "ebitda": -111550000, "ebitdaratio": -0.5307128346, "operatingIncome": -138011000, "operatingIncomeRatio": -0.6566042942, "totalOtherIncomeExpensesNet": -12904000, "incomeBeforeTax": -124912000, "incomeBeforeTaxRatio": -0.5942841918, "incomeTaxExpense": -44291000, "netIncome": -80621000, "netIncomeRatio": -0.3835643159, "eps": -1.65, "epsdiluted": -1.65, "weightedAverageShsOut": 48905000, "weightedAverageShsOutDil": 48905000, "link": "https://www.sec.gov/Archives/edgar/data/1039399/000104746909002020/0001047469-09-002020-index.htm", "finalLink": "https://www.sec.gov/Archives/edgar/data/1039399/000104746909002020/a2191058z10-k.htm", "calculatedOtherExpenses": 13557000, "calculatedOperatingExpenses": 174274000, "calculatedNetInterest": 0, "calculatedOtherIncome": 13099000, "calculatedIncomeNonControlling": 0, "calculatedEbitda": -105830000}, {"date": "2007-12-29", "symbol": "FORM", "reportedCurrency": "USD", "cik": "0001039399", "fillingDate": "2008-02-27", "acceptedDate": "2008-02-27 16:05:31", "calendarYear": "2007", "period": "FY", "revenue": 462191000, "costOfRevenue": 215484000, "grossProfit": 246707000, "grossProfitRatio": 0.5337771614, "researchAndDevelopmentExpenses": 60951000, "generalAndAdministrativeExpenses": 0, "sellingAndMarketingExpenses": 0, "sellingGeneralAndAdministrativeExpenses": 92552000, "otherExpenses": 0, "operatingExpenses": 153503000, "costAndExpenses": 368987000, "interestIncome": 22508000, "interestExpense": -23564000, "depreciationAndAmortization": 26804000, "ebitda": 119480000, "ebitdaratio": 0.2585078463, "operatingIncome": 93204000, "operatingIncomeRatio": 0.2016568908, "totalOtherIncomeExpensesNet": 528000, "incomeBeforeTax": 116240000, "incomeBeforeTaxRatio": 0.2514977574, "incomeTaxExpense": 43350000, "netIncome": 72890000, "netIncomeRatio": 0.1577053642, "eps": 1.52, "epsdiluted": 1.47, "weightedAverageShsOut": 48044000, "weightedAverageShsOutDil": 49557000, "link": "https://www.sec.gov/Archives/edgar/data/1039399/000104746908001822/0001047469-08-001822-index.htm", "finalLink": "https://www.sec.gov/Archives/edgar/data/1039399/000104746908001822/a2182839z10-k.htm", "calculatedOtherExpenses": 0, "calculatedOperatingExpenses": 153503000, "calculatedNetInterest": 46072000, "calculatedOtherIncome": -23036000, "calculatedIncomeNonControlling": 0, "calculatedEbitda": 120008000}, {"date": "2006-12-30", "symbol": "FORM", "reportedCurrency": "USD", "cik": "0001039399", "fillingDate": "2007-02-26", "acceptedDate": "2007-02-26 17:29:23", "calendarYear": "2006", "period": "FY", "revenue": 369213000, "costOfRevenue": 178235000, "grossProfit": 190978000, "grossProfitRatio": 0.5172569763, "researchAndDevelopmentExpenses": 46608000, "generalAndAdministrativeExpenses": 0, "sellingAndMarketingExpenses": 0, "sellingGeneralAndAdministrativeExpenses": 71540000, "otherExpenses": 0, "operatingExpenses": 118148000, "costAndExpenses": 296383000, "interestIncome": 15183000, "interestExpense": -15591000, "depreciationAndAmortization": 22093000, "ebitda": 94719000, "ebitdaratio": 0.2565429711, "operatingIncome": 72830000, "operatingIncomeRatio": 0.1972574097, "totalOtherIncomeExpensesNet": 204000, "incomeBeforeTax": 88217000, "incomeBeforeTaxRatio": 0.2389325403, "incomeTaxExpense": 27429000, "netIncome": 60788000, "netIncomeRatio": 0.1646420901, "eps": 1.27, "epsdiluted": 1.21, "weightedAverageShsOut": 45172000, "weightedAverageShsOutDil": 47193000, "link": "https://www.sec.gov/Archives/edgar/data/1039399/000110465907013943/0001104659-07-013943-index.htm", "finalLink": "https://www.sec.gov/Archives/edgar/data/1039399/000110465907013943/a07-3280_110k.htm", "calculatedOtherExpenses": 0, "calculatedOperatingExpenses": 118148000, "calculatedNetInterest": 30774000, "calculatedOtherIncome": -15387000, "calculatedIncomeNonControlling": 0, "calculatedEbitda": 94923000}, {"date": "2005-12-31", "symbol": "FORM", "reportedCurrency": "USD", "cik": "0001039399", "fillingDate": "2006-03-01", "acceptedDate": "2006-03-01 17:30:19", "calendarYear": "2005", "period": "FY", "revenue": 237495000, "costOfRevenue": 130102000, "grossProfit": 107393000, "grossProfitRatio": 0.4521905724, "researchAndDevelopmentExpenses": 27638000, "generalAndAdministrativeExpenses": 0, "sellingAndMarketingExpenses": 0, "sellingGeneralAndAdministrativeExpenses": 44454000, "otherExpenses": 3102000, "operatingExpenses": 72092000, "costAndExpenses": 202194000, "interestIncome": 4282000, "interestExpense": -2100000, "depreciationAndAmortization": 16513000, "ebitda": 52905000, "ebitdaratio": 0.2227625845, "operatingIncome": 35301000, "operatingIncomeRatio": 0.1486389187, "totalOtherIncomeExpensesNet": -1091000, "incomeBeforeTax": 38492000, "incomeBeforeTaxRatio": 0.1620749911, "incomeTaxExpense": 8310000, "netIncome": 30182000, "netIncomeRatio": 0.1270847807, "eps": 0.76, "epsdiluted": 0.73, "weightedAverageShsOut": 39547000, "weightedAverageShsOutDil": 41590000, "link": "https://www.sec.gov/Archives/edgar/data/1039399/000110465906013262/0001104659-06-013262-index.htm", "finalLink": "https://www.sec.gov/Archives/edgar/data/1039399/000110465906013262/a06-5489_110k.htm", "calculatedOtherExpenses": 0, "calculatedOperatingExpenses": 72092000, "calculatedNetInterest": 6382000, "calculatedOtherIncome": -3191000, "calculatedIncomeNonControlling": 0, "calculatedEbitda": 51814000}, {"date": "2004-12-25", "symbol": "FORM", "reportedCurrency": "USD", "cik": "0001039399", "fillingDate": "2005-03-14", "acceptedDate": "2005-03-14 06:01:54", "calendarYear": "2004", "period": "FY", "revenue": 177762000, "costOfRevenue": 90159000, "grossProfit": 87603000, "grossProfitRatio": 0.4928106119, "researchAndDevelopmentExpenses": 19813000, "generalAndAdministrativeExpenses": 0, "sellingAndMarketingExpenses": 0, "sellingGeneralAndAdministrativeExpenses": 31677000, "otherExpenses": -626000, "operatingExpenses": 50864000, "costAndExpenses": 141023000, "interestIncome": 2450000, "interestExpense": -2824000, "depreciationAndAmortization": 6987000, "ebitda": 43226000, "ebitdaratio": 0.2431678311, "operatingIncome": 36113000, "operatingIncomeRatio": 0.2031536549, "totalOtherIncomeExpensesNet": 500000, "incomeBeforeTax": 39063000, "incomeBeforeTaxRatio": 0.2197488777, "incomeTaxExpense": 13885000, "netIncome": 25178000, "netIncomeRatio": 0.1416388204, "eps": 0.67, "epsdiluted": 0.63, "weightedAverageShsOut": 37647000, "weightedAverageShsOutDil": 40054000, "link": "https://www.sec.gov/Archives/edgar/data/1039399/000095013405004796/0000950134-05-004796-index.htm", "finalLink": "https://www.sec.gov/Archives/edgar/data/1039399/000095013405004796/f06542e10vk.htm", "calculatedOtherExpenses": 0, "calculatedOperatingExpenses": 51490000, "calculatedNetInterest": 5274000, "calculatedOtherIncome": -2324000, "calculatedIncomeNonControlling": 0, "calculatedEbitda": 43100000}, {"date": "2003-12-27", "symbol": "FORM", "reportedCurrency": "USD", "cik": "0001039399", "fillingDate": "2004-03-22", "acceptedDate": "2004-03-22 17:14:29", "calendarYear": "2003", "period": "FY", "revenue": 98302000, "costOfRevenue": 49929000, "grossProfit": 48373000, "grossProfitRatio": 0.4920856137, "researchAndDevelopmentExpenses": 15569000, "generalAndAdministrativeExpenses": 0, "sellingAndMarketingExpenses": 0, "sellingGeneralAndAdministrativeExpenses": 20528000, "otherExpenses": 2550000, "operatingExpenses": 36097000, "costAndExpenses": 86026000, "interestIncome": 1041000, "interestExpense": -2129000, "depreciationAndAmortization": 5147000, "ebitda": 16860000, "ebitdaratio": 0.1715122785, "operatingIncome": 12276000, "operatingIncomeRatio": 0.1248804704, "totalOtherIncomeExpensesNet": 563000, "incomeBeforeTax": 13842000, "incomeBeforeTaxRatio": 0.1408109703, "incomeTaxExpense": 5283000, "netIncome": 8559000, "netIncomeRatio": 0.0870684218, "eps": 0.25, "epsdiluted": 0.19, "weightedAverageShsOut": 21012000, "weightedAverageShsOutDil": 29280000, "link": "https://www.sec.gov/Archives/edgar/data/1039399/000089161804000760/0000891618-04-000760-index.htm", "finalLink": "https://www.sec.gov/Archives/edgar/data/1039399/000089161804000760/f96246e10vk.htm", "calculatedOtherExpenses": 0, "calculatedOperatingExpenses": 36097000, "calculatedNetInterest": 3170000, "calculatedOtherIncome": -1604000, "calculatedIncomeNonControlling": 0, "calculatedEbitda": 17423000}, {"date": "2002-12-31", "symbol": "FORM", "reportedCurrency": "USD", "cik": "0001039399", "fillingDate": "2002-12-31", "acceptedDate": "2002-12-31 00:00:00", "calendarYear": "2002", "period": "FY", "revenue": 78684000, "costOfRevenue": 39628000, "grossProfit": 39056000, "grossProfitRatio": 0.4963652077, "researchAndDevelopmentExpenses": 14809000, "generalAndAdministrativeExpenses": 0, "sellingAndMarketingExpenses": 0, "sellingGeneralAndAdministrativeExpenses": 17655000, "otherExpenses": 172000, "operatingExpenses": 32636000, "costAndExpenses": 72264000, "interestIncome": 0, "interestExpense": -727000, "depreciationAndAmortization": 5392000, "ebitda": 11899000, "ebitdaratio": 0.1512251538, "operatingIncome": 6592000, "operatingIncomeRatio": 0.0837781506, "totalOtherIncomeExpensesNet": -87000, "incomeBeforeTax": 7234000, "incomeBeforeTaxRatio": 0.0919373697, "incomeTaxExpense": -3125000, "netIncome": 10359000, "netIncomeRatio": 0.1316531951, "eps": 0.14, "epsdiluted": 0.1, "weightedAverageShsOut": 4413000, "weightedAverageShsOutDil": 5906000, "link": null, "finalLink": null, "calculatedOtherExpenses": 0, "calculatedOperatingExpenses": 32464000, "calculatedNetInterest": 727000, "calculatedOtherIncome": -85000, "calculatedIncomeNonControlling": 0, "calculatedEbitda": 11984000}, {"date": "2001-12-31", "symbol": "FORM", "reportedCurrency": "USD", "cik": "0001039399", "fillingDate": "2001-12-31", "acceptedDate": "2001-12-31 00:00:00", "calendarYear": "2001", "period": "FY", "revenue": 73433000, "costOfRevenue": 38385000, "grossProfit": 35048000, "grossProfitRatio": 0.4772786077, "researchAndDevelopmentExpenses": 14619000, "generalAndAdministrativeExpenses": 0, "sellingAndMarketingExpenses": 0, "sellingGeneralAndAdministrativeExpenses": 18500000, "otherExpenses": 1981000, "operatingExpenses": 35100000, "costAndExpenses": 73485000, "interestIncome": 0, "interestExpense": -477000, "depreciationAndAmortization": 415000, "ebitda": 290000, "ebitdaratio": 0.0039491782, "operatingIncome": -125000, "operatingIncomeRatio": -0.001702232, "totalOtherIncomeExpensesNet": -342000, "incomeBeforeTax": 352000, "incomeBeforeTaxRatio": 0.0047934852, "incomeTaxExpense": -170000, "netIncome": 45000, "netIncomeRatio": 0.0006128035, "eps": -1.19, "epsdiluted": -1.19, "weightedAverageShsOut": 4032000, "weightedAverageShsOutDil": 4032000, "link": null, "finalLink": null, "calculatedOtherExpenses": 2054000, "calculatedOperatingExpenses": 35173000, "calculatedNetInterest": 477000, "calculatedOtherIncome": 0, "calculatedIncomeNonControlling": 477000, "calculatedEbitda": 290000}, {"date": "2000-12-31", "symbol": "FORM", "reportedCurrency": "USD", "cik": "0001039399", "fillingDate": "2000-12-31", "acceptedDate": "2000-12-31 00:00:00", "calendarYear": "2000", "period": "FY", "revenue": 0, "costOfRevenue": 28243000, "grossProfit": -28243000, "grossProfitRatio": 0, "researchAndDevelopmentExpenses": 11995000, "generalAndAdministrativeExpenses": 0, "sellingAndMarketingExpenses": 0, "sellingGeneralAndAdministrativeExpenses": 15434000, "otherExpenses": 259000, "operatingExpenses": 27688000, "costAndExpenses": 55931000, "interestIncome": 0, "interestExpense": -1719000, "depreciationAndAmortization": -56406000, "ebitda": -55931000, "ebitdaratio": 0, "operatingIncome": 475000, "operatingIncomeRatio": 0, "totalOtherIncomeExpensesNet": 1719000, "incomeBeforeTax": 2194000, "incomeBeforeTaxRatio": 0, "incomeTaxExpense": 115000, "netIncome": 2079000, "netIncomeRatio": 0, "eps": -0.57, "epsdiluted": -0.57, "weightedAverageShsOut": 3370000, "weightedAverageShsOutDil": 3370000, "link": null, "finalLink": null, "calculatedOtherExpenses": -56147000, "calculatedOperatingExpenses": -28718000, "calculatedNetInterest": 1719000, "calculatedOtherIncome": 0, "calculatedIncomeNonControlling": 0, "calculatedEbitda": -55931000}]}