{"originalCurrency": "USD", "convertedCurrency": "USD", "report": [{"date": "2023-06-30", "symbol": "FOX", "reportedCurrency": "USD", "cik": "0001754301", "fillingDate": "2023-08-11", "acceptedDate": "2023-08-11 16:03:09", "calendarYear": "2023", "period": "FY", "revenue": 14913000000, "costOfRevenue": 10100000000, "grossProfit": 4813000000, "grossProfitRatio": 0.3227385503, "researchAndDevelopmentExpenses": 0, "generalAndAdministrativeExpenses": 0, "sellingAndMarketingExpenses": 0, "sellingGeneralAndAdministrativeExpenses": 2049000000, "otherExpenses": -699000000, "operatingExpenses": 12149000000, "costAndExpenses": 12149000000, "interestIncome": 131000000, "interestExpense": 218000000, "depreciationAndAmortization": 411000000, "ebitda": 2476000000, "ebitdaratio": 0.1660296386, "operatingIncome": 2065000000, "operatingIncomeRatio": 0.1384697915, "totalOtherIncomeExpensesNet": -810000000, "incomeBeforeTax": 1736000000, "incomeBeforeTaxRatio": 0.1164085026, "incomeTaxExpense": 483000000, "netIncome": 1239000000, "netIncomeRatio": 0.0830818749, "eps": 2.34, "epsdiluted": 2.33, "weightedAverageShsOut": 529000000, "weightedAverageShsOutDil": 531000000, "link": "https://www.sec.gov/Archives/edgar/data/1754301/000162828023029065/0001628280-23-029065-index.htm", "finalLink": "https://www.sec.gov/Archives/edgar/data/1754301/000162828023029065/fox-20230630.htm", "calculatedOtherExpenses": 699000000, "calculatedOperatingExpenses": 2748000000, "calculatedNetInterest": -87000000, "calculatedOtherIncome": -242000000, "calculatedIncomeNonControlling": 14000000, "calculatedEbitda": 2476000000}, {"date": "2022-06-30", "symbol": "FOX", "reportedCurrency": "USD", "cik": "0001754301", "fillingDate": "2022-08-12", "acceptedDate": "2022-08-12 08:04:07", "calendarYear": "2022", "period": "FY", "revenue": 13974000000, "costOfRevenue": 9480000000, "grossProfit": 4494000000, "grossProfitRatio": 0.321597252, "researchAndDevelopmentExpenses": 0, "generalAndAdministrativeExpenses": 0, "sellingAndMarketingExpenses": 0, "sellingGeneralAndAdministrativeExpenses": 1920000000, "otherExpenses": 9480000000, "operatingExpenses": 11400000000, "costAndExpenses": 11400000000, "interestIncome": 6000000, "interestExpense": 371000000, "depreciationAndAmortization": 363000000, "ebitda": 2428000000, "ebitdaratio": 0.1737512523, "operatingIncome": 2065000000, "operatingIncomeRatio": 0.1477744382, "totalOtherIncomeExpensesNet": -371000000, "incomeBeforeTax": 1694000000, "incomeBeforeTaxRatio": 0.1212251324, "incomeTaxExpense": 461000000, "netIncome": 1205000000, "netIncomeRatio": 0.0862315729, "eps": 2.13, "epsdiluted": 2.11, "weightedAverageShsOut": 566000000, "weightedAverageShsOutDil": 570000000, "link": "https://www.sec.gov/Archives/edgar/data/1754301/000162828022022584/0001628280-22-022584-index.htm", "finalLink": "https://www.sec.gov/Archives/edgar/data/1754301/000162828022022584/fox-20220630.htm", "calculatedOtherExpenses": 509000000, "calculatedOperatingExpenses": 2429000000, "calculatedNetInterest": -365000000, "calculatedOtherIncome": -6000000, "calculatedIncomeNonControlling": 28000000, "calculatedEbitda": 2428000000}, {"date": "2021-06-30", "symbol": "FOX", "reportedCurrency": "USD", "cik": "0001754301", "fillingDate": "2021-08-10", "acceptedDate": "2021-08-10 16:21:39", "calendarYear": "2021", "period": "FY", "revenue": 12909000000, "costOfRevenue": 8337000000, "grossProfit": 4572000000, "grossProfitRatio": 0.3541715083, "researchAndDevelopmentExpenses": 0, "generalAndAdministrativeExpenses": 1807000000, "sellingAndMarketingExpenses": 0, "sellingGeneralAndAdministrativeExpenses": 1807000000, "otherExpenses": 8337000000, "operatingExpenses": 10144000000, "costAndExpenses": 10144000000, "interestIncome": 4000000, "interestExpense": 395000000, "depreciationAndAmortization": 300000000, "ebitda": 3648000000, "ebitdaratio": 0.2825935394, "operatingIncome": 3348000000, "operatingIncomeRatio": 0.2593539391, "totalOtherIncomeExpensesNet": -430000000, "incomeBeforeTax": 2918000000, "incomeBeforeTaxRatio": 0.2260438454, "incomeTaxExpense": 717000000, "netIncome": 2150000000, "netIncomeRatio": 0.1665504687, "eps": 3.64, "epsdiluted": 3.61, "weightedAverageShsOut": 591000000, "weightedAverageShsOutDil": 595000000, "link": "https://www.sec.gov/Archives/edgar/data/1754301/000156459021043103/0001564590-21-043103-index.htm", "finalLink": "https://www.sec.gov/Archives/edgar/data/1754301/000156459021043103/fox-10k_20210630.htm", "calculatedOtherExpenses": -583000000, "calculatedOperatingExpenses": 1224000000, "calculatedNetInterest": -391000000, "calculatedOtherIncome": -39000000, "calculatedIncomeNonControlling": 51000000, "calculatedEbitda": 3648000000}, {"date": "2020-06-30", "symbol": "FOX", "reportedCurrency": "USD", "cik": "0001754301", "fillingDate": "2020-08-10", "acceptedDate": "2020-08-10 16:51:35", "calendarYear": "2020", "period": "FY", "revenue": 12303000000, "costOfRevenue": 7970000000, "grossProfit": 4333000000, "grossProfitRatio": 0.3521905226, "researchAndDevelopmentExpenses": 0, "generalAndAdministrativeExpenses": 1741000000, "sellingAndMarketingExpenses": 0, "sellingGeneralAndAdministrativeExpenses": 1741000000, "otherExpenses": 8065000000, "operatingExpenses": 9806000000, "costAndExpenses": 9806000000, "interestIncome": 35000000, "interestExpense": 369000000, "depreciationAndAmortization": 258000000, "ebitda": 2542000000, "ebitdaratio": 0.2066162725, "operatingIncome": 2284000000, "operatingIncomeRatio": 0.1856457775, "totalOtherIncomeExpensesNet": -820000000, "incomeBeforeTax": 1464000000, "incomeBeforeTaxRatio": 0.118995367, "incomeTaxExpense": 402000000, "netIncome": 999000000, "netIncomeRatio": 0.0811997074, "eps": 1.63, "epsdiluted": 1.62, "weightedAverageShsOut": 613000000, "weightedAverageShsOutDil": 616000000, "link": "https://www.sec.gov/Archives/edgar/data/1754301/000156459020038975/0001564590-20-038975-index.htm", "finalLink": "https://www.sec.gov/Archives/edgar/data/1754301/000156459020038975/fox-10k_20200630.htm", "calculatedOtherExpenses": 308000000, "calculatedOperatingExpenses": 2049000000, "calculatedNetInterest": -334000000, "calculatedOtherIncome": -486000000, "calculatedIncomeNonControlling": 63000000, "calculatedEbitda": 2542000000}, {"date": "2019-06-30", "symbol": "FOX", "reportedCurrency": "USD", "cik": "0001754301", "fillingDate": "2019-08-09", "acceptedDate": "2019-08-09 16:47:13", "calendarYear": "2019", "period": "FY", "revenue": 11389000000, "costOfRevenue": 7539000000, "grossProfit": 3850000000, "grossProfitRatio": 0.3380454825, "researchAndDevelopmentExpenses": 0, "generalAndAdministrativeExpenses": 1419000000, "sellingAndMarketingExpenses": 0, "sellingGeneralAndAdministrativeExpenses": 1419000000, "otherExpenses": 7539000000, "operatingExpenses": 8958000000, "costAndExpenses": 8958000000, "interestIncome": 41000000, "interestExpense": 203000000, "depreciationAndAmortization": 212000000, "ebitda": 2665000000, "ebitdaratio": 0.2339977171, "operatingIncome": 2453000000, "operatingIncomeRatio": 0.2153832646, "totalOtherIncomeExpensesNet": -229000000, "incomeBeforeTax": 2224000000, "incomeBeforeTaxRatio": 0.1952761436, "incomeTaxExpense": 581000000, "netIncome": 1595000000, "netIncomeRatio": 0.1400474142, "eps": 2.57, "epsdiluted": 2.57, "weightedAverageShsOut": 621000000, "weightedAverageShsOutDil": 621000000, "link": "https://www.sec.gov/Archives/edgar/data/1754301/000156459019031285/0001564590-19-031285-index.htm", "finalLink": "https://www.sec.gov/Archives/edgar/data/1754301/000156459019031285/fox-10k_20190630.htm", "calculatedOtherExpenses": -22000000, "calculatedOperatingExpenses": 1397000000, "calculatedNetInterest": -162000000, "calculatedOtherIncome": -67000000, "calculatedIncomeNonControlling": 48000000, "calculatedEbitda": 2665000000}, {"date": "2018-06-30", "symbol": "FOX", "reportedCurrency": "USD", "cik": "0001754301", "fillingDate": "2018-06-30", "acceptedDate": "2018-06-29 20:00:00", "calendarYear": "2018", "period": "FY", "revenue": 10153000000, "costOfRevenue": 0, "grossProfit": 10153000000, "grossProfitRatio": 1, "researchAndDevelopmentExpenses": 0, "generalAndAdministrativeExpenses": 1262000000, "sellingAndMarketingExpenses": 0, "sellingGeneralAndAdministrativeExpenses": 1262000000, "otherExpenses": -53000000, "operatingExpenses": 7938000000, "costAndExpenses": 7938000000, "interestIncome": 0, "interestExpense": 43000000, "depreciationAndAmortization": 171000000, "ebitda": 2333000000, "ebitdaratio": 0.2297843002, "operatingIncome": 2215000000, "operatingIncomeRatio": 0.2181621196, "totalOtherIncomeExpensesNet": -2000000, "incomeBeforeTax": 2170000000, "incomeBeforeTaxRatio": 0.213729932, "incomeTaxExpense": -58000000, "netIncome": 2187000000, "netIncomeRatio": 0.215404314, "eps": 3.53, "epsdiluted": 3.53, "weightedAverageShsOut": 620000000, "weightedAverageShsOutDil": 620000000, "link": "", "finalLink": "", "calculatedOtherExpenses": 6676000000, "calculatedOperatingExpenses": 7938000000, "calculatedNetInterest": -43000000, "calculatedOtherIncome": -2000000, "calculatedIncomeNonControlling": 41000000, "calculatedEbitda": 2386000000}, {"date": "2017-06-30", "symbol": "FOX", "reportedCurrency": "USD", "cik": "0001754301", "fillingDate": "2017-06-30", "acceptedDate": "2017-06-29 20:00:00", "calendarYear": "2017", "period": "FY", "revenue": 9921000000, "costOfRevenue": 0, "grossProfit": 9921000000, "grossProfitRatio": 1, "researchAndDevelopmentExpenses": 0, "generalAndAdministrativeExpenses": 1117000000, "sellingAndMarketingExpenses": 0, "sellingGeneralAndAdministrativeExpenses": 1117000000, "otherExpenses": -106000000, "operatingExpenses": 7386000000, "costAndExpenses": 7386000000, "interestIncome": 0, "interestExpense": 23000000, "depreciationAndAmortization": 169000000, "ebitda": 2598000000, "ebitdaratio": 0.2618687632, "operatingIncome": 2535000000, "operatingIncomeRatio": 0.2555185969, "totalOtherIncomeExpensesNet": -271000000, "incomeBeforeTax": 2241000000, "incomeBeforeTaxRatio": 0.2258844875, "incomeTaxExpense": 832000000, "netIncome": 1372000000, "netIncomeRatio": 0.1382925108, "eps": 2.21, "epsdiluted": 2.21, "weightedAverageShsOut": 620000000, "weightedAverageShsOutDil": 620000000, "link": "", "finalLink": "", "calculatedOtherExpenses": 6269000000, "calculatedOperatingExpenses": 7386000000, "calculatedNetInterest": -23000000, "calculatedOtherIncome": -271000000, "calculatedIncomeNonControlling": 37000000, "calculatedEbitda": 2704000000}, {"date": "2016-06-30", "symbol": "FOX", "reportedCurrency": "USD", "cik": "0001754301", "fillingDate": "2016-06-30", "acceptedDate": "2016-06-29 20:00:00", "calendarYear": "2016", "period": "FY", "revenue": 8894000000, "costOfRevenue": 0, "grossProfit": 8894000000, "grossProfitRatio": 1, "researchAndDevelopmentExpenses": 0, "generalAndAdministrativeExpenses": 1191000000, "sellingAndMarketingExpenses": 0, "sellingGeneralAndAdministrativeExpenses": 1191000000, "otherExpenses": -8000000, "operatingExpenses": 6920000000, "costAndExpenses": 6920000000, "interestIncome": 0, "interestExpense": 18000000, "depreciationAndAmortization": 170000000, "ebitda": 2136000000, "ebitdaratio": 0.2401619069, "operatingIncome": 1974000000, "operatingIncomeRatio": 0.2219473803, "totalOtherIncomeExpensesNet": -113000000, "incomeBeforeTax": 1843000000, "incomeBeforeTaxRatio": 0.2072183494, "incomeTaxExpense": 736000000, "netIncome": 1072000000, "netIncomeRatio": 0.1205306949, "eps": 1.73, "epsdiluted": 1.73, "weightedAverageShsOut": 620000000, "weightedAverageShsOutDil": 620000000, "link": "", "finalLink": "", "calculatedOtherExpenses": 5729000000, "calculatedOperatingExpenses": 6920000000, "calculatedNetInterest": -18000000, "calculatedOtherIncome": -113000000, "calculatedIncomeNonControlling": 35000000, "calculatedEbitda": 2144000000}]}