{"originalCurrency": "USD", "convertedCurrency": "USD", "report": [{"date": "2023-12-31", "symbol": "FR", "reportedCurrency": "USD", "cik": "0000921825", "fillingDate": "2024-02-14", "acceptedDate": "2024-02-14 17:03:32", "calendarYear": "2023", "period": "FY", "revenue": 614027000, "costOfRevenue": 165655000, "grossProfit": 448372000, "grossProfitRatio": 0.7302154466, "researchAndDevelopmentExpenses": 3667000, "generalAndAdministrativeExpenses": 37121000, "sellingAndMarketingExpenses": 0, "sellingGeneralAndAdministrativeExpenses": 37121000, "otherExpenses": -37121000, "operatingExpenses": 203739000, "costAndExpenses": 369394000, "interestIncome": 0, "interestExpense": 74335000, "depreciationAndAmortization": 164515000, "ebitda": 405522000, "ebitdaratio": 0.6604302417, "operatingIncome": 315601000, "operatingIncomeRatio": 0.5139855414, "totalOtherIncomeExpensesNet": 95650000, "incomeBeforeTax": 262322000, "incomeBeforeTaxRatio": 0.4272157413, "incomeTaxExpense": 8692000, "netIncome": 274816000, "netIncomeRatio": 0.4475633808, "eps": 2.08, "epsdiluted": 2.07, "weightedAverageShsOut": 132264000, "weightedAverageShsOutDil": 132341000, "link": "https://www.sec.gov/Archives/edgar/data/921825/000092182524000018/0000921825-24-000018-index.htm", "finalLink": "https://www.sec.gov/Archives/edgar/data/921825/000092182524000018/fr-20231231.htm", "calculatedOtherExpenses": 91983000, "calculatedOperatingExpenses": 132771000, "calculatedNetInterest": -74335000, "calculatedOtherIncome": 21056000, "calculatedIncomeNonControlling": -21186000, "calculatedEbitda": 480116000}, {"date": "2022-12-31", "symbol": "FR", "reportedCurrency": "USD", "cik": "0000921825", "fillingDate": "2023-02-16", "acceptedDate": "2023-02-15 18:39:43", "calendarYear": "2022", "period": "FY", "revenue": 539929000, "costOfRevenue": 143663000, "grossProfit": 396266000, "grossProfitRatio": 0.7339224231, "researchAndDevelopmentExpenses": 909000, "generalAndAdministrativeExpenses": 33972000, "sellingAndMarketingExpenses": 0, "sellingGeneralAndAdministrativeExpenses": 33972000, "otherExpenses": 147420000, "operatingExpenses": 182301000, "costAndExpenses": 325964000, "interestIncome": 52200000, "interestExpense": 49013000, "depreciationAndAmortization": 147420000, "ebitda": 358198000, "ebitdaratio": 0.6634168567, "operatingIncome": 210778000, "operatingIncomeRatio": 0.3903809575, "totalOtherIncomeExpensesNet": 79255000, "incomeBeforeTax": 290033000, "incomeBeforeTaxRatio": 0.5371687759, "incomeTaxExpense": 23363000, "netIncome": 266670000, "netIncomeRatio": 0.4938982718, "eps": 2.02, "epsdiluted": 2.02, "weightedAverageShsOut": 132024000, "weightedAverageShsOutDil": 132103000, "link": "https://www.sec.gov/Archives/edgar/data/921825/000092182523000011/0000921825-23-000011-index.htm", "finalLink": "https://www.sec.gov/Archives/edgar/data/921825/000092182523000011/fr-20221231.htm", "calculatedOtherExpenses": 150607000, "calculatedOperatingExpenses": 185488000, "calculatedNetInterest": 3187000, "calculatedOtherIncome": 76068000, "calculatedIncomeNonControlling": 0, "calculatedEbitda": 358198000}, {"date": "2021-12-31", "symbol": "FR", "reportedCurrency": "USD", "cik": "0000921825", "fillingDate": "2022-02-18", "acceptedDate": "2022-02-17 18:47:20", "calendarYear": "2021", "period": "FY", "revenue": 476290000, "costOfRevenue": 131300000, "grossProfit": 344990000, "grossProfitRatio": 0.7243276155, "researchAndDevelopmentExpenses": 0, "generalAndAdministrativeExpenses": 34610000, "sellingAndMarketingExpenses": 0, "sellingGeneralAndAdministrativeExpenses": 34610000, "otherExpenses": 130953000, "operatingExpenses": 165563000, "costAndExpenses": 296863000, "interestIncome": 47526000, "interestExpense": 44103000, "depreciationAndAmortization": 130953000, "ebitda": 306957000, "ebitdaratio": 0.6444750047, "operatingIncome": 176004000, "operatingIncomeRatio": 0.369531168, "totalOtherIncomeExpensesNet": 106207000, "incomeBeforeTax": 282211000, "incomeBeforeTaxRatio": 0.5925192635, "incomeTaxExpense": 4879000, "netIncome": 270997000, "netIncomeRatio": 0.5689747843, "eps": 2.09, "epsdiluted": 2.09, "weightedAverageShsOut": 129687999, "weightedAverageShsOutDil": 129775000, "link": "https://www.sec.gov/Archives/edgar/data/921825/000092182522000011/0000921825-22-000011-index.htm", "finalLink": "https://www.sec.gov/Archives/edgar/data/921825/000092182522000011/fr-20211231.htm", "calculatedOtherExpenses": 134376000, "calculatedOperatingExpenses": 168986000, "calculatedNetInterest": 3423000, "calculatedOtherIncome": 102784000, "calculatedIncomeNonControlling": 6335000, "calculatedEbitda": 306957000}, {"date": "2020-12-31", "symbol": "FR", "reportedCurrency": "USD", "cik": "0000921825", "fillingDate": "2021-02-16", "acceptedDate": "2021-02-16 07:20:13", "calendarYear": "2020", "period": "FY", "revenue": 448028000, "costOfRevenue": 119195000, "grossProfit": 328833000, "grossProfitRatio": 0.7339563599, "researchAndDevelopmentExpenses": 0, "generalAndAdministrativeExpenses": 32848000, "sellingAndMarketingExpenses": 0, "sellingGeneralAndAdministrativeExpenses": 32848000, "otherExpenses": 129638000, "operatingExpenses": 162486000, "costAndExpenses": 281681000, "interestIncome": 54721000, "interestExpense": 51293000, "depreciationAndAmortization": 129638000, "ebitda": 292557000, "ebitdaratio": 0.6529882061, "operatingIncome": 162919000, "operatingIncomeRatio": 0.3636357549, "totalOtherIncomeExpensesNet": 35458000, "incomeBeforeTax": 198377000, "incomeBeforeTaxRatio": 0.4427781299, "incomeTaxExpense": 2408000, "netIncome": 195989000, "netIncomeRatio": 0.4374481059, "eps": 1.53, "epsdiluted": 1.53, "weightedAverageShsOut": 127711000, "weightedAverageShsOutDil": 127904000, "link": "https://www.sec.gov/Archives/edgar/data/921825/000092182521000006/0000921825-21-000006-index.htm", "finalLink": "https://www.sec.gov/Archives/edgar/data/921825/000092182521000006/fr-20201231.htm", "calculatedOtherExpenses": 133066000, "calculatedOperatingExpenses": 165914000, "calculatedNetInterest": 3428000, "calculatedOtherIncome": 32030000, "calculatedIncomeNonControlling": -20000, "calculatedEbitda": 292557000}, {"date": "2019-12-31", "symbol": "FR", "reportedCurrency": "USD", "cik": "0000921825", "fillingDate": "2020-02-13", "acceptedDate": "2020-02-13 16:19:29", "calendarYear": "2019", "period": "FY", "revenue": 425984000, "costOfRevenue": 116585000, "grossProfit": 309399000, "grossProfitRatio": 0.7263160119, "researchAndDevelopmentExpenses": 0, "generalAndAdministrativeExpenses": 28569000, "sellingAndMarketingExpenses": 0, "sellingGeneralAndAdministrativeExpenses": 28569000, "otherExpenses": 121229000, "operatingExpenses": 149798000, "costAndExpenses": 266383000, "interestIncome": 53491000, "interestExpense": 50273000, "depreciationAndAmortization": 121229000, "ebitda": 277612000, "ebitdaratio": 0.6516958383, "operatingIncome": 156383000, "operatingIncomeRatio": 0.3671100323, "totalOtherIncomeExpensesNet": 74669000, "incomeBeforeTax": 231052000, "incomeBeforeTaxRatio": 0.5423959585, "incomeTaxExpense": 3406000, "netIncome": 238775000, "netIncomeRatio": 0.5605257474, "eps": 1.89, "epsdiluted": 1.88, "weightedAverageShsOut": 126392000, "weightedAverageShsOutDil": 126691000, "link": "https://www.sec.gov/Archives/edgar/data/921825/000092182520000011/0000921825-20-000011-index.htm", "finalLink": "https://www.sec.gov/Archives/edgar/data/921825/000092182520000011/fr-20191231x10k.htm", "calculatedOtherExpenses": 124447000, "calculatedOperatingExpenses": 153016000, "calculatedNetInterest": 3218000, "calculatedOtherIncome": 71451000, "calculatedIncomeNonControlling": -11129000, "calculatedEbitda": 277612000}, {"date": "2018-12-31", "symbol": "FR", "reportedCurrency": "USD", "cik": "0000921825", "fillingDate": "2019-02-20", "acceptedDate": "2019-02-19 20:27:12", "calendarYear": "2018", "period": "FY", "revenue": 403954000, "costOfRevenue": 116854000, "grossProfit": 287100000, "grossProfitRatio": 0.7107244884, "researchAndDevelopmentExpenses": 0, "generalAndAdministrativeExpenses": 27749000, "sellingAndMarketingExpenses": 0, "sellingGeneralAndAdministrativeExpenses": 27749000, "otherExpenses": 116459000, "operatingExpenses": 144208000, "costAndExpenses": 261062000, "interestIncome": 0, "interestExpense": 50775000, "depreciationAndAmortization": 121602000, "ebitda": 261090000, "ebitdaratio": 0.6463359689, "operatingIncome": 142892000, "operatingIncomeRatio": 0.3537333459, "totalOtherIncomeExpensesNet": 78805000, "incomeBeforeTax": 167518000, "incomeBeforeTaxRatio": 0.4146957327, "incomeTaxExpense": -92000, "netIncome": 163239000, "netIncomeRatio": 0.4041029424, "eps": 1.32, "epsdiluted": 1.31, "weightedAverageShsOut": 123804000, "weightedAverageShsOutDil": 124191000, "link": "https://www.sec.gov/Archives/edgar/data/921825/000092182519000003/0000921825-19-000003-index.htm", "finalLink": "https://www.sec.gov/Archives/edgar/data/921825/000092182519000003/fr-20181231x10k.htm", "calculatedOtherExpenses": 116459000, "calculatedOperatingExpenses": 144208000, "calculatedNetInterest": -50775000, "calculatedOtherIncome": 75401000, "calculatedIncomeNonControlling": 4371000, "calculatedEbitda": 264494000}, {"date": "2017-12-31", "symbol": "FR", "reportedCurrency": "USD", "cik": "0000921825", "fillingDate": "2018-02-26", "acceptedDate": "2018-02-23 17:51:50", "calendarYear": "2017", "period": "FY", "revenue": 396402000, "costOfRevenue": 113494000, "grossProfit": 282908000, "grossProfitRatio": 0.7136896383, "researchAndDevelopmentExpenses": 0, "generalAndAdministrativeExpenses": 28079000, "sellingAndMarketingExpenses": 0, "sellingGeneralAndAdministrativeExpenses": 28079000, "otherExpenses": 116364000, "operatingExpenses": 144443000, "costAndExpenses": 257937000, "interestIncome": 0, "interestExpense": 57199000, "depreciationAndAmortization": 123330000, "ebitda": 258633000, "ebitdaratio": 0.6524512994, "operatingIncome": 138465000, "operatingIncomeRatio": 0.3493044939, "totalOtherIncomeExpensesNet": 131390000, "incomeBeforeTax": 209494000, "incomeBeforeTaxRatio": 0.5284887564, "incomeTaxExpense": 1193000, "netIncome": 201456000, "netIncomeRatio": 0.5082113612, "eps": 1.7, "epsdiluted": 1.69, "weightedAverageShsOut": 118272000, "weightedAverageShsOutDil": 118787000, "link": "https://www.sec.gov/Archives/edgar/data/921825/000092182518000003/0000921825-18-000003-index.htm", "finalLink": "https://www.sec.gov/Archives/edgar/data/921825/000092182518000003/fr-20171231x10k.htm", "calculatedOtherExpenses": 116364000, "calculatedOperatingExpenses": 144443000, "calculatedNetInterest": -57199000, "calculatedOtherIncome": 128228000, "calculatedIncomeNonControlling": 6845000, "calculatedEbitda": 261795000}, {"date": "2016-12-31", "symbol": "FR", "reportedCurrency": "USD", "cik": "0000921825", "fillingDate": "2017-02-24", "acceptedDate": "2017-02-24 14:54:18", "calendarYear": "2016", "period": "FY", "revenue": 378020000, "costOfRevenue": 112324000, "grossProfit": 265696000, "grossProfitRatio": 0.7028622824, "researchAndDevelopmentExpenses": 0, "generalAndAdministrativeExpenses": 26703000, "sellingAndMarketingExpenses": 0, "sellingGeneralAndAdministrativeExpenses": 26703000, "otherExpenses": 117282000, "operatingExpenses": 143985000, "costAndExpenses": 256309000, "interestIncome": 0, "interestExpense": 59430000, "depreciationAndAmortization": 123917000, "ebitda": 242409000, "ebitdaratio": 0.6412597217, "operatingIncome": 121711000, "operatingIncomeRatio": 0.3219697371, "totalOtherIncomeExpensesNet": 67711000, "incomeBeforeTax": 126773000, "incomeBeforeTaxRatio": 0.3353605629, "incomeTaxExpense": 1089000, "netIncome": 121232000, "netIncomeRatio": 0.3207026083, "eps": 1.05, "epsdiluted": 1.05, "weightedAverageShsOut": 115030000, "weightedAverageShsOutDil": 115370000, "link": "https://www.sec.gov/Archives/edgar/data/921825/000092182517000002/0000921825-17-000002-index.htm", "finalLink": "https://www.sec.gov/Archives/edgar/data/921825/000092182517000002/fr-20161231x10k.htm", "calculatedOtherExpenses": 117282000, "calculatedOperatingExpenses": 143985000, "calculatedNetInterest": -59430000, "calculatedOtherIncome": 64492000, "calculatedIncomeNonControlling": 4452000, "calculatedEbitda": 245628000}, {"date": "2015-12-31", "symbol": "FR", "reportedCurrency": "USD", "cik": "0000921825", "fillingDate": "2016-02-25", "acceptedDate": "2016-02-24 18:41:11", "calendarYear": "2015", "period": "FY", "revenue": 365762000, "costOfRevenue": 114628000, "grossProfit": 251134000, "grossProfitRatio": 0.6866049508, "researchAndDevelopmentExpenses": 0, "generalAndAdministrativeExpenses": 25362000, "sellingAndMarketingExpenses": 0, "sellingGeneralAndAdministrativeExpenses": 25362000, "otherExpenses": 113814000, "operatingExpenses": 139176000, "costAndExpenses": 253804000, "interestIncome": 61000, "interestExpense": 67424000, "depreciationAndAmortization": 113814000, "ebitda": 222674000, "ebitdaratio": 0.6087947901, "operatingIncome": 111958000, "operatingIncomeRatio": 0.3060952204, "totalOtherIncomeExpensesNet": 35331000, "incomeBeforeTax": 76767000, "incomeBeforeTaxRatio": 0.2098823825, "incomeTaxExpense": 117000, "netIncome": 73802000, "netIncomeRatio": 0.2017760183, "eps": 0.67, "epsdiluted": 0.66, "weightedAverageShsOut": 110352000, "weightedAverageShsOutDil": 110781000, "link": "https://www.sec.gov/Archives/edgar/data/921825/000092182516000037/0000921825-16-000037-index.htm", "finalLink": "https://www.sec.gov/Archives/edgar/data/921825/000092182516000037/fr-20151231x10k.htm", "calculatedOtherExpenses": 113814000, "calculatedOperatingExpenses": 139176000, "calculatedNetInterest": -67363000, "calculatedOtherIncome": 32172000, "calculatedIncomeNonControlling": 2848000, "calculatedEbitda": 225772000}, {"date": "2014-12-31", "symbol": "FR", "reportedCurrency": "USD", "cik": "0000921825", "fillingDate": "2015-02-26", "acceptedDate": "2015-02-25 17:35:55", "calendarYear": "2014", "period": "FY", "revenue": 344599000, "costOfRevenue": 114499000, "grossProfit": 230100000, "grossProfitRatio": 0.66773264, "researchAndDevelopmentExpenses": 0, "generalAndAdministrativeExpenses": 23418000, "sellingAndMarketingExpenses": 0, "sellingGeneralAndAdministrativeExpenses": 23418000, "otherExpenses": 111897000, "operatingExpenses": 135315000, "costAndExpenses": 249814000, "interestIncome": 2110000, "interestExpense": 72178000, "depreciationAndAmortization": 111897000, "ebitda": 205694000, "ebitdaratio": 0.5969082905, "operatingIncome": 24717000, "operatingIncomeRatio": 0.0717268477, "totalOtherIncomeExpensesNet": -1615000, "incomeBeforeTax": 20004000, "incomeBeforeTaxRatio": 0.0580500814, "incomeTaxExpense": 238000, "netIncome": 49110000, "netIncomeRatio": 0.1425134722, "eps": 0.42, "epsdiluted": 0.42, "weightedAverageShsOut": 109922000, "weightedAverageShsOutDil": 110325000, "link": "https://www.sec.gov/Archives/edgar/data/921825/000092182515000011/0000921825-15-000011-index.htm", "finalLink": "https://www.sec.gov/Archives/edgar/data/921825/000092182515000011/fr-20141231x10k.htm", "calculatedOtherExpenses": 181965000, "calculatedOperatingExpenses": 205383000, "calculatedNetInterest": -70068000, "calculatedOtherIncome": 65355000, "calculatedIncomeNonControlling": -29344000, "calculatedEbitda": 136614000}, {"date": "2013-12-31", "symbol": "FR", "reportedCurrency": "USD", "cik": "0000921825", "fillingDate": "2014-02-28", "acceptedDate": "2014-02-28 17:18:38", "calendarYear": "2013", "period": "FY", "revenue": 328226000, "costOfRevenue": 107390000, "grossProfit": 220836000, "grossProfitRatio": 0.6728169006, "researchAndDevelopmentExpenses": 0, "generalAndAdministrativeExpenses": 23152000, "sellingAndMarketingExpenses": 0, "sellingGeneralAndAdministrativeExpenses": 23152000, "otherExpenses": 111031000, "operatingExpenses": 134183000, "costAndExpenses": 241573000, "interestIncome": 2354000, "interestExpense": 73558000, "depreciationAndAmortization": 111031000, "ebitda": 196813000, "ebitdaratio": 0.5996264769, "operatingIncome": 86653000, "operatingIncomeRatio": 0.2640040704, "totalOtherIncomeExpensesNet": -7632000, "incomeBeforeTax": 4592000, "incomeBeforeTaxRatio": 0.0139903603, "incomeTaxExpense": -213000, "netIncome": 40307000, "netIncomeRatio": 0.1228025811, "eps": 0.24, "epsdiluted": 0.24, "weightedAverageShsOut": 106344713, "weightedAverageShsOutDil": 106995000, "link": "https://www.sec.gov/Archives/edgar/data/921825/000092182514000008/0000921825-14-000008-index.htm", "finalLink": "https://www.sec.gov/Archives/edgar/data/921825/000092182514000008/fr-20131231x10k.htm", "calculatedOtherExpenses": 111031000, "calculatedOperatingExpenses": 134183000, "calculatedNetInterest": -71204000, "calculatedOtherIncome": -10857000, "calculatedIncomeNonControlling": -35502000, "calculatedEbitda": 197684000}, {"date": "2012-12-31", "symbol": "FR", "reportedCurrency": "USD", "cik": "0000921825", "fillingDate": "2013-03-01", "acceptedDate": "2013-03-01 12:05:05", "calendarYear": "2012", "period": "FY", "revenue": 327273000, "costOfRevenue": 105126000, "grossProfit": 222147000, "grossProfitRatio": 0.6787819343, "researchAndDevelopmentExpenses": 0, "generalAndAdministrativeExpenses": 25103000, "sellingAndMarketingExpenses": 0, "sellingGeneralAndAdministrativeExpenses": 25103000, "otherExpenses": 120897000, "operatingExpenses": 146000000, "costAndExpenses": 251126000, "interestIncome": 2874000, "interestExpense": 83506000, "depreciationAndAmortization": 120897000, "ebitda": 196458000, "ebitdaratio": 0.6002878331, "operatingIncome": 76147000, "operatingIncomeRatio": 0.232671195, "totalOtherIncomeExpensesNet": -9072000, "incomeBeforeTax": -17017000, "incomeBeforeTaxRatio": -0.0519963456, "incomeTaxExpense": 5522000, "netIncome": -1318000, "netIncomeRatio": -0.0040272189, "eps": -0.0144, "epsdiluted": -0.0144, "weightedAverageShsOut": 91468000, "weightedAverageShsOutDil": 91468000, "link": "https://www.sec.gov/Archives/edgar/data/921825/000119312513086804/0001193125-13-086804-index.htm", "finalLink": "https://www.sec.gov/Archives/edgar/data/921825/000119312513086804/d449358d10k.htm", "calculatedOtherExpenses": 120897000, "calculatedOperatingExpenses": 146000000, "calculatedNetInterest": -80632000, "calculatedOtherIncome": -12532000, "calculatedIncomeNonControlling": -21221000, "calculatedEbitda": 197044000}, {"date": "2011-12-31", "symbol": "FR", "reportedCurrency": "USD", "cik": "0000921825", "fillingDate": "2012-02-29", "acceptedDate": "2012-02-29 17:29:16", "calendarYear": "2011", "period": "FY", "revenue": 317835000, "costOfRevenue": 108590000, "grossProfit": 209245000, "grossProfitRatio": 0.6583447386, "researchAndDevelopmentExpenses": 0, "generalAndAdministrativeExpenses": 20638000, "sellingAndMarketingExpenses": 0, "sellingGeneralAndAdministrativeExpenses": 20638000, "otherExpenses": 121604000, "operatingExpenses": 133435000, "costAndExpenses": 242025000, "interestIncome": 3922000, "interestExpense": 100127000, "depreciationAndAmortization": 121604000, "ebitda": 202316000, "ebitdaratio": 0.6365441188, "operatingIncome": 67003000, "operatingIncomeRatio": 0.2108106407, "totalOtherIncomeExpensesNet": -11356000, "incomeBeforeTax": -31751000, "incomeBeforeTaxRatio": -0.0998977457, "incomeTaxExpense": 450000, "netIncome": -7445000, "netIncomeRatio": -0.0234241037, "eps": -0.0924, "epsdiluted": -0.0924, "weightedAverageShsOut": 80616000, "weightedAverageShsOutDil": 80616000, "link": "https://www.sec.gov/Archives/edgar/data/921825/000119312512089719/0001193125-12-089719-index.htm", "finalLink": "https://www.sec.gov/Archives/edgar/data/921825/000119312512089719/d270035d10k.htm", "calculatedOtherExpenses": 121604000, "calculatedOperatingExpenses": 142242000, "calculatedNetInterest": -96205000, "calculatedOtherIncome": -2549000, "calculatedIncomeNonControlling": -24756000, "calculatedEbitda": 188607000}, {"date": "2010-12-31", "symbol": "FR", "reportedCurrency": "USD", "cik": "0000921825", "fillingDate": "2011-02-24", "acceptedDate": "2011-02-24 17:00:58", "calendarYear": "2010", "period": "FY", "revenue": 288541000, "costOfRevenue": 95232000, "grossProfit": 193309000, "grossProfitRatio": 0.6699533169, "researchAndDevelopmentExpenses": 0, "generalAndAdministrativeExpenses": 26589000, "sellingAndMarketingExpenses": 0, "sellingGeneralAndAdministrativeExpenses": 26589000, "otherExpenses": 111517000, "operatingExpenses": 138106000, "costAndExpenses": 233338000, "interestIncome": 4364000, "interestExpense": 106102000, "depreciationAndAmortization": 145199000, "ebitda": 204766000, "ebitdaratio": 0.709659979, "operatingIncome": 55203000, "operatingIncomeRatio": 0.1913176984, "totalOtherIncomeExpensesNet": -46785000, "incomeBeforeTax": -93320000, "incomeBeforeTaxRatio": -0.3234202418, "incomeTaxExpense": 2963000, "netIncome": -202821000, "netIncomeRatio": -0.7029191692, "eps": -3.22, "epsdiluted": -3.22, "weightedAverageShsOut": 62953000, "weightedAverageShsOutDil": 62953000, "link": "https://www.sec.gov/Archives/edgar/data/921825/000095012311017925/0000950123-11-017925-index.htm", "finalLink": "https://www.sec.gov/Archives/edgar/data/921825/000095012311017925/c62329e10vk.htm", "calculatedOtherExpenses": 111517000, "calculatedOperatingExpenses": 138106000, "calculatedNetInterest": -101738000, "calculatedOtherIncome": -46785000, "calculatedIncomeNonControlling": 106538000, "calculatedEbitda": 200402000}, {"date": "2009-12-31", "symbol": "FR", "reportedCurrency": "USD", "cik": "0000921825", "fillingDate": "2010-03-03", "acceptedDate": "2010-03-02 17:58:24", "calendarYear": "2009", "period": "FY", "revenue": 411958000, "costOfRevenue": 176539000, "grossProfit": 235419000, "grossProfitRatio": 0.5714635958, "researchAndDevelopmentExpenses": 0, "generalAndAdministrativeExpenses": 37835000, "sellingAndMarketingExpenses": 0, "sellingGeneralAndAdministrativeExpenses": 37835000, "otherExpenses": 147216000, "operatingExpenses": 185051000, "costAndExpenses": 361590000, "interestIncome": 3084000, "interestExpense": 115421000, "depreciationAndAmortization": 147216000, "ebitda": 204335000, "ebitdaratio": 0.4960093019, "operatingIncome": 50368000, "operatingIncomeRatio": 0.1222648911, "totalOtherIncomeExpensesNet": 16792000, "incomeBeforeTax": -41510000, "incomeBeforeTaxRatio": -0.1007626991, "incomeTaxExpense": -25155000, "netIncome": 5733000, "netIncomeRatio": 0.0139164672, "eps": -0.28, "epsdiluted": -0.28, "weightedAverageShsOut": 48695000, "weightedAverageShsOutDil": 48695000, "link": "https://www.sec.gov/Archives/edgar/data/921825/000095012310020117/0000950123-10-020117-index.htm", "finalLink": "https://www.sec.gov/Archives/edgar/data/921825/000095012310020117/c55884e10vk.htm", "calculatedOtherExpenses": 147216000, "calculatedOperatingExpenses": 185051000, "calculatedNetInterest": -112337000, "calculatedOtherIncome": 20459000, "calculatedIncomeNonControlling": -22088000, "calculatedEbitda": 197584000}, {"date": "2008-12-31", "symbol": "FR", "reportedCurrency": "USD", "cik": "0000921825", "fillingDate": "2009-03-02", "acceptedDate": "2009-03-02 16:40:35", "calendarYear": "2008", "period": "FY", "revenue": 526294000, "costOfRevenue": 264502000, "grossProfit": 261792000, "grossProfitRatio": 0.4974253934, "researchAndDevelopmentExpenses": 0, "generalAndAdministrativeExpenses": 84627000, "sellingAndMarketingExpenses": 0, "sellingGeneralAndAdministrativeExpenses": 84627000, "otherExpenses": 161027000, "operatingExpenses": 245654000, "costAndExpenses": 510156000, "interestIncome": 3690000, "interestExpense": 111559000, "depreciationAndAmortization": 161027000, "ebitda": 177782000, "ebitdaratio": 0.3377997849, "operatingIncome": 16138000, "operatingIncomeRatio": 0.0306634695, "totalOtherIncomeExpensesNet": -27479000, "incomeBeforeTax": -122283000, "incomeBeforeTaxRatio": -0.2323473192, "incomeTaxExpense": -12259000, "netIncome": 41183000, "netIncomeRatio": 0.0782509396, "eps": 0.41, "epsdiluted": 0.41, "weightedAverageShsOut": 43193000, "weightedAverageShsOutDil": 43193000, "link": "https://www.sec.gov/Archives/edgar/data/921825/000095013709001437/0000950137-09-001437-index.htm", "finalLink": "https://www.sec.gov/Archives/edgar/data/921825/000095013709001437/c48884e10vk.htm", "calculatedOtherExpenses": 161027000, "calculatedOperatingExpenses": 245654000, "calculatedNetInterest": -107869000, "calculatedOtherIncome": -30552000, "calculatedIncomeNonControlling": -151207000, "calculatedEbitda": 177165000}, {"date": "2007-12-31", "symbol": "FR", "reportedCurrency": "USD", "cik": "0000921825", "fillingDate": "2008-02-26", "acceptedDate": "2008-02-25 19:09:15", "calendarYear": "2007", "period": "FY", "revenue": 434927000, "costOfRevenue": 129403000, "grossProfit": 305524000, "grossProfitRatio": 0.7024719091, "researchAndDevelopmentExpenses": 0, "generalAndAdministrativeExpenses": 92101000, "sellingAndMarketingExpenses": 0, "sellingGeneralAndAdministrativeExpenses": 92101000, "otherExpenses": 317638000, "operatingExpenses": 409739000, "costAndExpenses": 409739000, "interestIncome": 1926000, "interestExpense": -119314000, "depreciationAndAmortization": 176140000, "ebitda": 204931000, "ebitdaratio": 0.4711848195, "operatingIncome": 25188000, "operatingIncomeRatio": 0.057913167, "totalOtherIncomeExpensesNet": -3603000, "incomeBeforeTax": -95803000, "incomeBeforeTaxRatio": -0.2202737471, "incomeTaxExpense": -10571000, "netIncome": 155051000, "netIncomeRatio": 0.3564989067, "eps": 2.99, "epsdiluted": 2.99, "weightedAverageShsOut": 44086000, "weightedAverageShsOutDil": 44086000, "link": "https://www.sec.gov/Archives/edgar/data/921825/000095013708002703/0000950137-08-002703-index.htm", "finalLink": "https://www.sec.gov/Archives/edgar/data/921825/000095013708002703/c23671e10vk.htm", "calculatedOtherExpenses": 188235000, "calculatedOperatingExpenses": 280336000, "calculatedNetInterest": 121240000, "calculatedOtherIncome": -242231000, "calculatedIncomeNonControlling": -240283000, "calculatedEbitda": 201328000}, {"date": "2006-12-31", "symbol": "FR", "reportedCurrency": "USD", "cik": "0000921825", "fillingDate": "2007-03-01", "acceptedDate": "2007-03-01 16:13:37", "calendarYear": "2006", "period": "FY", "revenue": 396036000, "costOfRevenue": 130230000, "grossProfit": 265806000, "grossProfitRatio": 0.6711662576, "researchAndDevelopmentExpenses": 0, "generalAndAdministrativeExpenses": 77497000, "sellingAndMarketingExpenses": 0, "sellingGeneralAndAdministrativeExpenses": 77497000, "otherExpenses": 286399000, "operatingExpenses": 363896000, "costAndExpenses": 363896000, "interestIncome": 1614000, "interestExpense": -121141000, "depreciationAndAmortization": 162312000, "ebitda": 200230000, "ebitdaratio": 0.5055853508, "operatingIncome": 32140000, "operatingIncomeRatio": 0.0811542385, "totalOtherIncomeExpensesNet": -5778000, "incomeBeforeTax": -93165000, "incomeBeforeTaxRatio": -0.2352437657, "incomeTaxExpense": -8920000, "netIncome": 112082000, "netIncomeRatio": 0.2830096254, "eps": 2.04, "epsdiluted": 2.04, "weightedAverageShsOut": 44012000, "weightedAverageShsOutDil": 44012000, "link": "https://www.sec.gov/Archives/edgar/data/921825/000095013707003121/0000950137-07-003121-index.htm", "finalLink": "https://www.sec.gov/Archives/edgar/data/921825/000095013707003121/c12587e10vk.htm", "calculatedOtherExpenses": 156169000, "calculatedOperatingExpenses": 233666000, "calculatedNetInterest": 122755000, "calculatedOtherIncome": -248060000, "calculatedIncomeNonControlling": -196327000, "calculatedEbitda": 194452000}, {"date": "2005-12-31", "symbol": "FR", "reportedCurrency": "USD", "cik": "0000921825", "fillingDate": "2006-03-16", "acceptedDate": "2006-03-16 17:07:34", "calendarYear": "2005", "period": "FY", "revenue": 367129000, "costOfRevenue": 52915000, "grossProfit": 314214000, "grossProfitRatio": 0.8558681009, "researchAndDevelopmentExpenses": 0, "generalAndAdministrativeExpenses": 55812000, "sellingAndMarketingExpenses": 0, "sellingGeneralAndAdministrativeExpenses": 55812000, "otherExpenses": 243517000, "operatingExpenses": 299329000, "costAndExpenses": 299329000, "interestIncome": 1486000, "interestExpense": -108339000, "depreciationAndAmortization": 133066000, "ebitda": 215547000, "ebitdaratio": 0.5871151557, "operatingIncome": 67800000, "operatingIncomeRatio": 0.184676231, "totalOtherIncomeExpensesNet": -14681000, "incomeBeforeTax": -53734000, "incomeBeforeTaxRatio": -0.1463627226, "incomeTaxExpense": -12033000, "netIncome": 87104000, "netIncomeRatio": 0.2372572039, "eps": 1.8, "epsdiluted": 1.8, "weightedAverageShsOut": 42431000, "weightedAverageShsOutDil": 42431000, "link": "https://www.sec.gov/Archives/edgar/data/921825/000095013706003167/0000950137-06-003167-index.htm", "finalLink": "https://www.sec.gov/Archives/edgar/data/921825/000095013706003167/c03084e10vk.htm", "calculatedOtherExpenses": 190602000, "calculatedOperatingExpenses": 246414000, "calculatedNetInterest": 109825000, "calculatedOtherIncome": -231359000, "calculatedIncomeNonControlling": -128805000, "calculatedEbitda": 200866000}, {"date": "2004-12-31", "symbol": "FR", "reportedCurrency": "USD", "cik": "0000921825", "fillingDate": "2005-03-31", "acceptedDate": "2005-03-31 14:23:49", "calendarYear": "2004", "period": "FY", "revenue": 319732000, "costOfRevenue": 48963000, "grossProfit": 270769000, "grossProfitRatio": 0.8468623722, "researchAndDevelopmentExpenses": 0, "generalAndAdministrativeExpenses": 39569000, "sellingAndMarketingExpenses": 0, "sellingGeneralAndAdministrativeExpenses": 39569000, "otherExpenses": 205405000, "operatingExpenses": 244974000, "costAndExpenses": 244974000, "interestIncome": 3632000, "interestExpense": -99245000, "depreciationAndAmortization": 105304000, "ebitda": 178994000, "ebitdaratio": 0.5598251035, "operatingIncome": 74758000, "operatingIncomeRatio": 0.2338145697, "totalOtherIncomeExpensesNet": 1068000, "incomeBeforeTax": -19787000, "incomeBeforeTaxRatio": -0.0618862047, "incomeTaxExpense": -7859000, "netIncome": 110606000, "netIncomeRatio": 0.3459334693, "eps": 2.17, "epsdiluted": 2.17, "weightedAverageShsOut": 40557000, "weightedAverageShsOutDil": 40557000, "link": "https://www.sec.gov/Archives/edgar/data/921825/000095013705003955/0000950137-05-003955-index.htm", "finalLink": "https://www.sec.gov/Archives/edgar/data/921825/000095013705003955/c93058e10vk.htm", "calculatedOtherExpenses": 156442000, "calculatedOperatingExpenses": 196011000, "calculatedNetInterest": 102877000, "calculatedOtherIncome": -197422000, "calculatedIncomeNonControlling": -122534000, "calculatedEbitda": 180062000}, {"date": "2003-12-31", "symbol": "FR", "reportedCurrency": "USD", "cik": "0000921825", "fillingDate": "2004-03-15", "acceptedDate": "2004-03-15 17:04:26", "calendarYear": "2003", "period": "FY", "revenue": 341381000, "costOfRevenue": 0, "grossProfit": 341381000, "grossProfitRatio": 1, "researchAndDevelopmentExpenses": 0, "generalAndAdministrativeExpenses": 26953000, "sellingAndMarketingExpenses": 0, "sellingGeneralAndAdministrativeExpenses": 26953000, "otherExpenses": 193833000, "operatingExpenses": 220786000, "costAndExpenses": 220786000, "interestIncome": 0, "interestExpense": 0, "depreciationAndAmortization": 91748000, "ebitda": 213809000, "ebitdaratio": 0.626306092, "operatingIncome": 120595000, "operatingIncomeRatio": 0.3532563324, "totalOtherIncomeExpensesNet": -1466000, "incomeBeforeTax": 119129000, "incomeBeforeTaxRatio": 0.3489620102, "incomeTaxExpense": 6822000, "netIncome": 113773000, "netIncomeRatio": 0.3332727949, "eps": 2.43, "epsdiluted": 2.43, "weightedAverageShsOut": 38542000, "weightedAverageShsOutDil": 39313559, "link": "https://www.sec.gov/Archives/edgar/data/921825/000095013704001880/0000950137-04-001880-index.htm", "finalLink": "https://www.sec.gov/Archives/edgar/data/921825/000095013704001880/c83712e10vk.txt", "calculatedOtherExpenses": 193833000, "calculatedOperatingExpenses": 220786000, "calculatedNetInterest": 0, "calculatedOtherIncome": -1466000, "calculatedIncomeNonControlling": -1466000, "calculatedEbitda": 212343000}, {"date": "2002-12-31", "symbol": "FR", "reportedCurrency": "USD", "cik": "0000921825", "fillingDate": "2003-03-19", "acceptedDate": "2003-03-19 16:48:35", "calendarYear": "2002", "period": "FY", "revenue": 346565000, "costOfRevenue": 0, "grossProfit": 346565000, "grossProfitRatio": 1, "researchAndDevelopmentExpenses": 0, "generalAndAdministrativeExpenses": 19610000, "sellingAndMarketingExpenses": 0, "sellingGeneralAndAdministrativeExpenses": 19610000, "otherExpenses": 183106000, "operatingExpenses": 202716000, "costAndExpenses": 202716000, "interestIncome": 0, "interestExpense": 0, "depreciationAndAmortization": 82820000, "ebitda": 210193000, "ebitdaratio": 0.6065038305, "operatingIncome": 143849000, "operatingIncomeRatio": 0.4150707659, "totalOtherIncomeExpensesNet": 16476000, "incomeBeforeTax": 160325000, "incomeBeforeTaxRatio": 0.4626116313, "incomeTaxExpense": 24200000, "netIncome": 119649000, "netIncomeRatio": 0.3452425952, "eps": 2.39, "epsdiluted": 2.39, "weightedAverageShsOut": 38927000, "weightedAverageShsOutDil": 38927000, "link": "https://www.sec.gov/Archives/edgar/data/921825/000095013703001553/0000950137-03-001553-index.htm", "finalLink": "https://www.sec.gov/Archives/edgar/data/921825/000095013703001553/c75477e10vk.txt", "calculatedOtherExpenses": 183106000, "calculatedOperatingExpenses": 202716000, "calculatedNetInterest": 0, "calculatedOtherIncome": 16476000, "calculatedIncomeNonControlling": 16476000, "calculatedEbitda": 226669000}, {"date": "2001-12-31", "symbol": "FR", "reportedCurrency": "USD", "cik": "0000921825", "fillingDate": "2002-03-12", "acceptedDate": "2002-03-12 00:00:00", "calendarYear": "2001", "period": "FY", "revenue": 384477000, "costOfRevenue": 0, "grossProfit": 384477000, "grossProfitRatio": 1, "researchAndDevelopmentExpenses": 0, "generalAndAdministrativeExpenses": 18609000, "sellingAndMarketingExpenses": 0, "sellingGeneralAndAdministrativeExpenses": 18609000, "otherExpenses": 297542000, "operatingExpenses": 316151000, "costAndExpenses": 316151000, "interestIncome": 0, "interestExpense": 0, "depreciationAndAmortization": 81409000, "ebitda": 149735000, "ebitdaratio": 0.3894511245, "operatingIncome": 68326000, "operatingIncomeRatio": 0.1777115406, "totalOtherIncomeExpensesNet": 0, "incomeBeforeTax": 0, "incomeBeforeTaxRatio": 0, "incomeTaxExpense": -54038000, "netIncome": 122364000, "netIncomeRatio": 0.3182609103, "eps": 2.26, "epsdiluted": 2.24, "weightedAverageShsOut": 38841000, "weightedAverageShsOutDil": 39150000, "link": "https://www.sec.gov/Archives/edgar/data/921825/000095013702001197/0000950137-02-001197-index.htm", "finalLink": "https://www.sec.gov/Archives/edgar/data/921825/000095013702001197/c67926e10-k.txt", "calculatedOtherExpenses": 297542000, "calculatedOperatingExpenses": 316151000, "calculatedNetInterest": 0, "calculatedOtherIncome": -68326000, "calculatedIncomeNonControlling": -68326000, "calculatedEbitda": 149735000}, {"date": "2000-12-31", "symbol": "FR", "reportedCurrency": "USD", "cik": "0000921825", "fillingDate": "2001-03-09", "acceptedDate": "2001-03-09 00:00:00", "calendarYear": "2000", "period": "FY", "revenue": 386068000, "costOfRevenue": 0, "grossProfit": 386068000, "grossProfitRatio": 1, "researchAndDevelopmentExpenses": 0, "generalAndAdministrativeExpenses": 17129000, "sellingAndMarketingExpenses": 0, "sellingGeneralAndAdministrativeExpenses": 17129000, "otherExpenses": 280371000, "operatingExpenses": 297500000, "costAndExpenses": 297500000, "interestIncome": 0, "interestExpense": 0, "depreciationAndAmortization": 70543000, "ebitda": 159111000, "ebitdaratio": 0.4121320596, "operatingIncome": 88568000, "operatingIncomeRatio": 0.2294103629, "totalOtherIncomeExpensesNet": 0, "incomeBeforeTax": 0, "incomeBeforeTaxRatio": 0, "incomeTaxExpense": -29296000, "netIncome": 117864000, "netIncomeRatio": 0.305293368, "eps": 2.23, "epsdiluted": 2.21, "weightedAverageShsOut": 38154000, "weightedAverageShsOutDil": 38446000, "link": "https://www.sec.gov/Archives/edgar/data/921825/000095013701000798/0000950137-01-000798-index.htm", "finalLink": "https://www.sec.gov/Archives/edgar/data/921825/000095013701000798/c60653e10-k.txt", "calculatedOtherExpenses": 280371000, "calculatedOperatingExpenses": 297500000, "calculatedNetInterest": 0, "calculatedOtherIncome": -88568000, "calculatedIncomeNonControlling": -88568000, "calculatedEbitda": 159111000}, {"date": "1999-12-31", "symbol": "FR", "reportedCurrency": "USD", "cik": "0000921825", "fillingDate": "2000-03-15", "acceptedDate": "2000-03-15 00:00:00", "calendarYear": "1999", "period": "FY", "revenue": 374155000, "costOfRevenue": 0, "grossProfit": 374155000, "grossProfitRatio": 1, "researchAndDevelopmentExpenses": 0, "generalAndAdministrativeExpenses": 13259000, "sellingAndMarketingExpenses": 0, "sellingGeneralAndAdministrativeExpenses": 13259000, "otherExpenses": 265945000, "operatingExpenses": 279204000, "costAndExpenses": 279204000, "interestIncome": 0, "interestExpense": 0, "depreciationAndAmortization": 68480000, "ebitda": 163431000, "ebitdaratio": 0.4368002566, "operatingIncome": 94951000, "operatingIncomeRatio": 0.2537745052, "totalOtherIncomeExpensesNet": 0, "incomeBeforeTax": 0, "incomeBeforeTaxRatio": 0, "incomeTaxExpense": -29797000, "netIncome": 124748000, "netIncomeRatio": 0.3334126231, "eps": 2.42, "epsdiluted": 2.41, "weightedAverageShsOut": 37976860, "weightedAverageShsOutDil": 38134440, "link": "https://www.sec.gov/Archives/edgar/data/921825/000095013700001018/0000950137-00-001018-index.html", "finalLink": "https://www.sec.gov/Archives/edgar/data/921825/000095013700001018/", "calculatedOtherExpenses": 265945000, "calculatedOperatingExpenses": 279204000, "calculatedNetInterest": 0, "calculatedOtherIncome": -94951000, "calculatedIncomeNonControlling": -94951000, "calculatedEbitda": 163431000}, {"date": "1998-12-31", "symbol": "FR", "reportedCurrency": "USD", "cik": "0000921825", "fillingDate": "1999-03-17", "acceptedDate": "1999-03-17 00:00:00", "calendarYear": "1998", "period": "FY", "revenue": 349702000, "costOfRevenue": 0, "grossProfit": 349702000, "grossProfitRatio": 1, "researchAndDevelopmentExpenses": 0, "generalAndAdministrativeExpenses": 12983000, "sellingAndMarketingExpenses": 0, "sellingGeneralAndAdministrativeExpenses": 12983000, "otherExpenses": 264371000, "operatingExpenses": 277354000, "costAndExpenses": 277354000, "interestIncome": 0, "interestExpense": 0, "depreciationAndAmortization": 65639000, "ebitda": 132687000, "ebitdaratio": 0.3794287708, "operatingIncome": 72348000, "operatingIncomeRatio": 0.206884719, "totalOtherIncomeExpensesNet": 5300000, "incomeBeforeTax": 77648000, "incomeBeforeTaxRatio": 0.2220404802, "incomeTaxExpense": -3373000, "netIncome": 75721000, "netIncomeRatio": 0.2165300742, "eps": 1.2, "epsdiluted": 1.2, "weightedAverageShsOut": 37592500, "weightedAverageShsOutDil": 37592500, "link": "https://www.sec.gov/Archives/edgar/data/921825/000095013799000350/0000950137-99-000350-index.html", "finalLink": "https://www.sec.gov/Archives/edgar/data/921825/", "calculatedOtherExpenses": 264371000, "calculatedOperatingExpenses": 277354000, "calculatedNetInterest": 0, "calculatedOtherIncome": 5300000, "calculatedIncomeNonControlling": 5300000, "calculatedEbitda": 137987000}, {"date": "1997-12-31", "symbol": "FR", "reportedCurrency": "USD", "cik": "0000921825", "fillingDate": "1998-03-24", "acceptedDate": "1998-03-24 00:00:00", "calendarYear": "1997", "period": "FY", "revenue": 223203000, "costOfRevenue": 0, "grossProfit": 223203000, "grossProfitRatio": 1, "researchAndDevelopmentExpenses": 0, "generalAndAdministrativeExpenses": 6248000, "sellingAndMarketingExpenses": 0, "sellingGeneralAndAdministrativeExpenses": 6248000, "otherExpenses": 102147000, "operatingExpenses": 108395000, "costAndExpenses": 108395000, "interestIncome": 0, "interestExpense": 0, "depreciationAndAmortization": 39639000, "ebitda": 149447000, "ebitdaratio": 0.6695564128, "operatingIncome": 114808000, "operatingIncomeRatio": 0.5143658463, "totalOtherIncomeExpensesNet": 5000000, "incomeBeforeTax": 119808000, "incomeBeforeTaxRatio": 0.5367669789, "incomeTaxExpense": 62862000, "netIncome": 51946000, "netIncomeRatio": 0.2327298468, "eps": 1.27, "epsdiluted": 1.26, "weightedAverageShsOut": 31574803, "weightedAverageShsOutDil": 31825397, "link": "https://www.sec.gov/Archives/edgar/data/921825/000095013798001115/0000950137-98-001115-index.html", "finalLink": "https://www.sec.gov/Archives/edgar/data/921825/", "calculatedOtherExpenses": 102147000, "calculatedOperatingExpenses": 108395000, "calculatedNetInterest": 0, "calculatedOtherIncome": 5000000, "calculatedIncomeNonControlling": 5000000, "calculatedEbitda": 154447000}, {"date": "1996-12-31", "symbol": "FR", "reportedCurrency": "USD", "cik": "0000921825", "fillingDate": "1997-03-31", "acceptedDate": "1997-03-31 00:00:00", "calendarYear": "1996", "period": "FY", "revenue": 140055000, "costOfRevenue": 0, "grossProfit": 140055000, "grossProfitRatio": 1, "researchAndDevelopmentExpenses": 0, "generalAndAdministrativeExpenses": 4018000, "sellingAndMarketingExpenses": 0, "sellingGeneralAndAdministrativeExpenses": 4018000, "otherExpenses": 70559000, "operatingExpenses": 74577000, "costAndExpenses": 74577000, "interestIncome": 0, "interestExpense": 0, "depreciationAndAmortization": 28049000, "ebitda": 89227000, "ebitdaratio": 0.6370854307, "operatingIncome": 65478000, "operatingIncomeRatio": 0.4675163329, "totalOtherIncomeExpensesNet": 4300000, "incomeBeforeTax": 69778000, "incomeBeforeTaxRatio": 0.498218557, "incomeTaxExpense": 29814000, "netIncome": 35664000, "netIncomeRatio": 0.2546428189, "eps": 1.24, "epsdiluted": 1.24, "weightedAverageShsOut": 26774194, "weightedAverageShsOutDil": 26774194, "link": "https://www.sec.gov/Archives/edgar/data/921825/000095013797001378/0000950137-97-001378-index.html", "finalLink": "https://www.sec.gov/Archives/edgar/data/921825/", "calculatedOtherExpenses": 70559000, "calculatedOperatingExpenses": 74577000, "calculatedNetInterest": 0, "calculatedOtherIncome": 4300000, "calculatedIncomeNonControlling": 4300000, "calculatedEbitda": 93527000}, {"date": "1995-12-31", "symbol": "FR", "reportedCurrency": "USD", "cik": "0000921825", "fillingDate": "1995-12-31", "acceptedDate": "1995-12-30 19:00:00", "calendarYear": "1995", "period": "FY", "revenue": 106500000, "costOfRevenue": 0, "grossProfit": 106500000, "grossProfitRatio": 1, "researchAndDevelopmentExpenses": 0, "generalAndAdministrativeExpenses": 3100000, "sellingAndMarketingExpenses": 0, "sellingGeneralAndAdministrativeExpenses": 3100000, "otherExpenses": 0, "operatingExpenses": -61400000, "costAndExpenses": -61400000, "interestIncome": 0, "interestExpense": 0, "depreciationAndAmortization": 26700000, "ebitda": 194600000, "ebitdaratio": 1.8272300469, "operatingIncome": 167900000, "operatingIncomeRatio": 1.5765258216, "totalOtherIncomeExpensesNet": 0, "incomeBeforeTax": 0, "incomeBeforeTaxRatio": 0, "incomeTaxExpense": 155600000, "netIncome": 12300000, "netIncomeRatio": 0.1154929577, "eps": 0.63, "epsdiluted": 0.63, "weightedAverageShsOut": 18730159, "weightedAverageShsOutDil": 18730159, "link": "", "finalLink": "", "calculatedOtherExpenses": -64500000, "calculatedOperatingExpenses": -61400000, "calculatedNetInterest": 0, "calculatedOtherIncome": -167900000, "calculatedIncomeNonControlling": -167900000, "calculatedEbitda": 194600000}, {"date": "1994-12-31", "symbol": "FR", "reportedCurrency": "USD", "cik": "0000921825", "fillingDate": "1994-12-31", "acceptedDate": "1994-12-30 19:00:00", "calendarYear": "1994", "period": "FY", "revenue": 46600000, "costOfRevenue": 0, "grossProfit": 46600000, "grossProfitRatio": 1, "researchAndDevelopmentExpenses": 0, "generalAndAdministrativeExpenses": 1100000, "sellingAndMarketingExpenses": 0, "sellingGeneralAndAdministrativeExpenses": 1100000, "otherExpenses": 0, "operatingExpenses": -24500000, "costAndExpenses": -24500000, "interestIncome": 0, "interestExpense": 0, "depreciationAndAmortization": 12700000, "ebitda": 83800000, "ebitdaratio": 1.7982832618, "operatingIncome": 71100000, "operatingIncomeRatio": 1.525751073, "totalOtherIncomeExpensesNet": 0, "incomeBeforeTax": 0, "incomeBeforeTaxRatio": 0, "incomeTaxExpense": 61600000, "netIncome": 9500000, "netIncomeRatio": 0.2038626609, "eps": 0.51, "epsdiluted": 0.51, "weightedAverageShsOut": 18627451, "weightedAverageShsOutDil": 18627451, "link": "", "finalLink": "", "calculatedOtherExpenses": -25600000, "calculatedOperatingExpenses": -24500000, "calculatedNetInterest": 0, "calculatedOtherIncome": -71100000, "calculatedIncomeNonControlling": -71100000, "calculatedEbitda": 83800000}]}