{"originalCurrency": "USD", "convertedCurrency": "USD", "report": [{"date": "2023-12-31", "symbol": "FRME", "reportedCurrency": "USD", "cik": "0000712534", "fillingDate": "2024-02-29", "acceptedDate": "2024-02-29 12:12:10", "calendarYear": "2023", "period": "FY", "revenue": 996170000, "costOfRevenue": 0, "grossProfit": 996170000, "grossProfitRatio": 1, "researchAndDevelopmentExpenses": 0, "generalAndAdministrativeExpenses": 243419000, "sellingAndMarketingExpenses": 7427000, "sellingGeneralAndAdministrativeExpenses": 250846000, "otherExpenses": -102235000, "operatingExpenses": 102235000, "costAndExpenses": 736938000, "interestIncome": 893886000, "interestExpense": 37522000, "depreciationAndAmortization": 11711000, "ebitda": 8743000, "ebitdaratio": 0.0087766144, "operatingIncome": -2968000, "operatingIncomeRatio": -0.0029794111, "totalOtherIncomeExpensesNet": 259232000, "incomeBeforeTax": 259232000, "incomeBeforeTaxRatio": 0.2602286758, "incomeTaxExpense": 35446000, "netIncome": 223786000, "netIncomeRatio": 0.2246463957, "eps": 3.74, "epsdiluted": 3.73, "weightedAverageShsOut": 59304879, "weightedAverageShsOutDil": 59488520, "link": "https://www.sec.gov/Archives/edgar/data/712534/000071253424000071/0000712534-24-000071-index.htm", "finalLink": "https://www.sec.gov/Archives/edgar/data/712534/000071253424000071/frme-20231231.htm", "calculatedOtherExpenses": 748292000, "calculatedOperatingExpenses": 999138000, "calculatedNetInterest": 856364000, "calculatedOtherIncome": -594164000, "calculatedIncomeNonControlling": 0, "calculatedEbitda": 8743000}, {"date": "2022-12-31", "symbol": "FRME", "reportedCurrency": "USD", "cik": "0000712534", "fillingDate": "2023-03-01", "acceptedDate": "2023-03-01 12:59:22", "calendarYear": "2022", "period": "FY", "revenue": 628144000, "costOfRevenue": 0, "grossProfit": 628144000, "grossProfitRatio": 1, "researchAndDevelopmentExpenses": 0, "generalAndAdministrativeExpenses": 217128000, "sellingAndMarketingExpenses": 7708000, "sellingGeneralAndAdministrativeExpenses": 224836000, "otherExpenses": -512503000, "operatingExpenses": -287667000, "costAndExpenses": -287667000, "interestIncome": 605006000, "interestExpense": 84803000, "depreciationAndAmortization": 8275000, "ebitda": 348752000, "ebitdaratio": 0.5552102703, "operatingIncome": 340477000, "operatingIncomeRatio": 0.5420365394, "totalOtherIncomeExpensesNet": -84803000, "incomeBeforeTax": 255674000, "incomeBeforeTaxRatio": 0.4070308719, "incomeTaxExpense": 33585000, "netIncome": 222089000, "netIncomeRatio": 0.3535638325, "eps": 3.83, "epsdiluted": 3.81, "weightedAverageShsOut": 57692018, "weightedAverageShsOutDil": 57950257, "link": "https://www.sec.gov/Archives/edgar/data/712534/000071253423000067/0000712534-23-000067-index.htm", "finalLink": "https://www.sec.gov/Archives/edgar/data/712534/000071253423000067/frme-20221231.htm", "calculatedOtherExpenses": 62831000, "calculatedOperatingExpenses": 287667000, "calculatedNetInterest": 520203000, "calculatedOtherIncome": -605006000, "calculatedIncomeNonControlling": 0, "calculatedEbitda": 348752000}, {"date": "2021-12-31", "symbol": "FRME", "reportedCurrency": "USD", "cik": "0000712534", "fillingDate": "2022-03-01", "acceptedDate": "2022-03-01 09:15:40", "calendarYear": "2021", "period": "FY", "revenue": 520003000, "costOfRevenue": 0, "grossProfit": 520003000, "grossProfitRatio": 1, "researchAndDevelopmentExpenses": 0, "generalAndAdministrativeExpenses": 173238000, "sellingAndMarketingExpenses": 5762000, "sellingGeneralAndAdministrativeExpenses": 179000000, "otherExpenses": -458213000, "operatingExpenses": -279213000, "costAndExpenses": -279213000, "interestIncome": 446632000, "interestExpense": 35952000, "depreciationAndAmortization": 5747000, "ebitda": 246537000, "ebitdaratio": 0.4741068802, "operatingIncome": 240790000, "operatingIncomeRatio": 0.4630550208, "totalOtherIncomeExpensesNet": 240790000, "incomeBeforeTax": 240790000, "incomeBeforeTaxRatio": 0.4630550208, "incomeTaxExpense": 35259000, "netIncome": 205531000, "netIncomeRatio": 0.3952496428, "eps": 3.82, "epsdiluted": 3.81, "weightedAverageShsOut": 53783632, "weightedAverageShsOutDil": 53984229, "link": "https://www.sec.gov/Archives/edgar/data/712534/000071253422000044/0000712534-22-000044-index.htm", "finalLink": "https://www.sec.gov/Archives/edgar/data/712534/000071253422000044/frme-20211231.htm", "calculatedOtherExpenses": 100213000, "calculatedOperatingExpenses": 279213000, "calculatedNetInterest": 410680000, "calculatedOtherIncome": -410680000, "calculatedIncomeNonControlling": 0, "calculatedEbitda": 246537000}, {"date": "2020-12-31", "symbol": "FRME", "reportedCurrency": "USD", "cik": "0000712534", "fillingDate": "2021-03-01", "acceptedDate": "2021-03-01 13:38:35", "calendarYear": "2020", "period": "FY", "revenue": 492053000, "costOfRevenue": 0, "grossProfit": 492053000, "grossProfitRatio": 1, "researchAndDevelopmentExpenses": 0, "generalAndAdministrativeExpenses": 161741000, "sellingAndMarketingExpenses": 6609000, "sellingGeneralAndAdministrativeExpenses": 168350000, "otherExpenses": -490428000, "operatingExpenses": -322078000, "costAndExpenses": -322078000, "interestIncome": 448508000, "interestExpense": 66381000, "depreciationAndAmortization": 5987000, "ebitda": 175962000, "ebitdaratio": 0.3576078187, "operatingIncome": 169975000, "operatingIncomeRatio": 0.3454404302, "totalOtherIncomeExpensesNet": 169975000, "incomeBeforeTax": 169975000, "incomeBeforeTaxRatio": 0.3454404302, "incomeTaxExpense": 21375000, "netIncome": 148600000, "netIncomeRatio": 0.3019999878, "eps": 2.75, "epsdiluted": 2.74, "weightedAverageShsOut": 54058471, "weightedAverageShsOutDil": 54220384, "link": "https://www.sec.gov/Archives/edgar/data/712534/000071253421000077/0000712534-21-000077-index.htm", "finalLink": "https://www.sec.gov/Archives/edgar/data/712534/000071253421000077/frme-20201231.htm", "calculatedOtherExpenses": 153728000, "calculatedOperatingExpenses": 322078000, "calculatedNetInterest": 382127000, "calculatedOtherIncome": -382127000, "calculatedIncomeNonControlling": 0, "calculatedEbitda": 175962000}, {"date": "2019-12-31", "symbol": "FRME", "reportedCurrency": "USD", "cik": "0000712534", "fillingDate": "2020-02-28", "acceptedDate": "2020-02-28 11:52:40", "calendarYear": "2019", "period": "FY", "revenue": 443348000, "costOfRevenue": 0, "grossProfit": 443348000, "grossProfitRatio": 1, "researchAndDevelopmentExpenses": 0, "generalAndAdministrativeExpenses": 144754000, "sellingAndMarketingExpenses": 6650000, "sellingGeneralAndAdministrativeExpenses": 151404000, "otherExpenses": -400967000, "operatingExpenses": -249563000, "costAndExpenses": -249563000, "interestIncome": 465405000, "interestExpense": 108745000, "depreciationAndAmortization": 5994000, "ebitda": 199779000, "ebitdaratio": 0.4506144158, "operatingIncome": 193785000, "operatingIncomeRatio": 0.4370945623, "totalOtherIncomeExpensesNet": 193785000, "incomeBeforeTax": 193785000, "incomeBeforeTaxRatio": 0.4370945623, "incomeTaxExpense": 29325000, "netIncome": 164460000, "netIncomeRatio": 0.370950134, "eps": 3.2, "epsdiluted": 3.19, "weightedAverageShsOut": 51412133, "weightedAverageShsOutDil": 51561238, "link": "https://www.sec.gov/Archives/edgar/data/712534/000071253420000060/0000712534-20-000060-index.htm", "finalLink": "https://www.sec.gov/Archives/edgar/data/712534/000071253420000060/frme-1231201910k.htm", "calculatedOtherExpenses": 98159000, "calculatedOperatingExpenses": 249563000, "calculatedNetInterest": 356660000, "calculatedOtherIncome": -356660000, "calculatedIncomeNonControlling": 0, "calculatedEbitda": 199779000}, {"date": "2018-12-31", "symbol": "FRME", "reportedCurrency": "USD", "cik": "0000712534", "fillingDate": "2019-02-27", "acceptedDate": "2019-02-27 12:30:40", "calendarYear": "2018", "period": "FY", "revenue": 415316000, "costOfRevenue": 0, "grossProfit": 415316000, "grossProfitRatio": 1, "researchAndDevelopmentExpenses": 0, "generalAndAdministrativeExpenses": 134624000, "sellingAndMarketingExpenses": 4681000, "sellingGeneralAndAdministrativeExpenses": 139305000, "otherExpenses": -312036000, "operatingExpenses": -158091000, "costAndExpenses": -158091000, "interestIncome": 407944000, "interestExpense": 69087000, "depreciationAndAmortization": 6719000, "ebitda": 266067000, "ebitdaratio": 0.6406374905, "operatingIncome": 257225000, "operatingIncomeRatio": 0.6193476774, "totalOtherIncomeExpensesNet": -69087000, "incomeBeforeTax": 188138000, "incomeBeforeTaxRatio": 0.4529996436, "incomeTaxExpense": 28999000, "netIncome": 159139000, "netIncomeRatio": 0.3831757024, "eps": 3.23, "epsdiluted": 3.22, "weightedAverageShsOut": 49269040, "weightedAverageShsOutDil": 49471000, "link": "https://www.sec.gov/Archives/edgar/data/712534/000071253419000032/0000712534-19-000032-index.htm", "finalLink": "https://www.sec.gov/Archives/edgar/data/712534/000071253419000032/frme-12312018x10k.htm", "calculatedOtherExpenses": 18786000, "calculatedOperatingExpenses": 158091000, "calculatedNetInterest": 338857000, "calculatedOtherIncome": -407944000, "calculatedIncomeNonControlling": 0, "calculatedEbitda": 263944000}, {"date": "2017-12-31", "symbol": "FRME", "reportedCurrency": "USD", "cik": "0000712534", "fillingDate": "2018-03-01", "acceptedDate": "2018-03-01 13:51:13", "calendarYear": "2017", "period": "FY", "revenue": 348293000, "costOfRevenue": 0, "grossProfit": 348293000, "grossProfitRatio": 1, "researchAndDevelopmentExpenses": 0, "generalAndAdministrativeExpenses": 122376000, "sellingAndMarketingExpenses": 3739000, "sellingGeneralAndAdministrativeExpenses": 126115000, "otherExpenses": -300882000, "operatingExpenses": -174767000, "costAndExpenses": -174767000, "interestIncome": 314896000, "interestExpense": 37612000, "depreciationAndAmortization": 5647000, "ebitda": 179173000, "ebitdaratio": 0.5144318146, "operatingIncome": 173526000, "operatingIncomeRatio": 0.498218454, "totalOtherIncomeExpensesNet": -39932000, "incomeBeforeTax": 133594000, "incomeBeforeTaxRatio": 0.3835678581, "incomeTaxExpense": 37524000, "netIncome": 96070000, "netIncomeRatio": 0.2758309814, "eps": 2.13, "epsdiluted": 2.12, "weightedAverageShsOut": 45103286, "weightedAverageShsOutDil": 45403000, "link": "https://www.sec.gov/Archives/edgar/data/712534/000071253418000065/0000712534-18-000065-index.htm", "finalLink": "https://www.sec.gov/Archives/edgar/data/712534/000071253418000065/frme-12312017x10k.htm", "calculatedOtherExpenses": 48652000, "calculatedOperatingExpenses": 174767000, "calculatedNetInterest": 277284000, "calculatedOtherIncome": -317216000, "calculatedIncomeNonControlling": 0, "calculatedEbitda": 179173000}, {"date": "2016-12-31", "symbol": "FRME", "reportedCurrency": "USD", "cik": "0000712534", "fillingDate": "2017-03-01", "acceptedDate": "2017-03-01 10:45:49", "calendarYear": "2016", "period": "FY", "revenue": 291676000, "costOfRevenue": 0, "grossProfit": 291676000, "grossProfitRatio": 1, "researchAndDevelopmentExpenses": 0, "generalAndAdministrativeExpenses": 105588000, "sellingAndMarketingExpenses": 3008000, "sellingGeneralAndAdministrativeExpenses": 108596000, "otherExpenses": -261522000, "operatingExpenses": -152926000, "costAndExpenses": -152926000, "interestIncome": 253312000, "interestExpense": 26839000, "depreciationAndAmortization": 3910000, "ebitda": 142660000, "ebitdaratio": 0.4891043487, "operatingIncome": 138750000, "operatingIncomeRatio": 0.4756990633, "totalOtherIncomeExpensesNet": -30090000, "incomeBeforeTax": 108660000, "incomeBeforeTaxRatio": 0.3725366503, "incomeTaxExpense": 27609000, "netIncome": 81051000, "netIncomeRatio": 0.2778802507, "eps": 1.99, "epsdiluted": 1.98, "weightedAverageShsOut": 40729146, "weightedAverageShsOutDil": 41013000, "link": "https://www.sec.gov/Archives/edgar/data/712534/000071253417000095/0000712534-17-000095-index.htm", "finalLink": "https://www.sec.gov/Archives/edgar/data/712534/000071253417000095/frme-12312016x10k.htm", "calculatedOtherExpenses": 44330000, "calculatedOperatingExpenses": 152926000, "calculatedNetInterest": 226473000, "calculatedOtherIncome": -256563000, "calculatedIncomeNonControlling": 0, "calculatedEbitda": 142660000}, {"date": "2015-12-31", "symbol": "FRME", "reportedCurrency": "USD", "cik": "0000712534", "fillingDate": "2016-02-29", "acceptedDate": "2016-02-29 12:51:24", "calendarYear": "2015", "period": "FY", "revenue": 260670000, "costOfRevenue": 1250000, "grossProfit": 259420000, "grossProfitRatio": 0.9952046649, "researchAndDevelopmentExpenses": 0, "generalAndAdministrativeExpenses": 105563000, "sellingAndMarketingExpenses": 3493000, "sellingGeneralAndAdministrativeExpenses": 109056000, "otherExpenses": -249206000, "operatingExpenses": -140150000, "costAndExpenses": 1250000, "interestIncome": 221198000, "interestExpense": 24794000, "depreciationAndAmortization": 2835000, "ebitda": 122105000, "ebitdaratio": 0.4684275137, "operatingIncome": 119270000, "operatingIncomeRatio": 0.4575516937, "totalOtherIncomeExpensesNet": -28221000, "incomeBeforeTax": 91049000, "incomeBeforeTaxRatio": 0.3492883723, "incomeTaxExpense": 25665000, "netIncome": 65384000, "netIncomeRatio": 0.250830552, "eps": 1.73, "epsdiluted": 1.72, "weightedAverageShsOut": 37794220, "weightedAverageShsOutDil": 38088000, "link": "https://www.sec.gov/Archives/edgar/data/712534/000071253416000349/0000712534-16-000349-index.htm", "finalLink": "https://www.sec.gov/Archives/edgar/data/712534/000071253416000349/frme-12312015x10k.htm", "calculatedOtherExpenses": 31094000, "calculatedOperatingExpenses": 140150000, "calculatedNetInterest": 196404000, "calculatedOtherIncome": -224625000, "calculatedIncomeNonControlling": 0, "calculatedEbitda": 122105000}, {"date": "2014-12-31", "symbol": "FRME", "reportedCurrency": "USD", "cik": "0000712534", "fillingDate": "2015-02-27", "acceptedDate": "2015-02-27 08:59:48", "calendarYear": "2014", "period": "FY", "revenue": 252704000, "costOfRevenue": 0, "grossProfit": 252704000, "grossProfitRatio": 1, "researchAndDevelopmentExpenses": 0, "generalAndAdministrativeExpenses": 100237000, "sellingAndMarketingExpenses": 3464000, "sellingGeneralAndAdministrativeExpenses": 103701000, "otherExpenses": -249449000, "operatingExpenses": -145748000, "costAndExpenses": -145748000, "interestIncome": 208879000, "interestExpense": 21842000, "depreciationAndAmortization": 2445000, "ebitda": 109401000, "ebitdaratio": 0.4329215208, "operatingIncome": 106956000, "operatingIncomeRatio": 0.4232461694, "totalOtherIncomeExpensesNet": -25404000, "incomeBeforeTax": 81552000, "incomeBeforeTaxRatio": 0.3227174877, "incomeTaxExpense": 21390000, "netIncome": 60162000, "netIncomeRatio": 0.2380730024, "eps": 1.66, "epsdiluted": 1.65, "weightedAverageShsOut": 36242169, "weightedAverageShsOutDil": 36555000, "link": "https://www.sec.gov/Archives/edgar/data/712534/000071253415000056/0000712534-15-000056-index.htm", "finalLink": "https://www.sec.gov/Archives/edgar/data/712534/000071253415000056/frme-12312014x10k.htm", "calculatedOtherExpenses": 42047000, "calculatedOperatingExpenses": 145748000, "calculatedNetInterest": 187037000, "calculatedOtherIncome": -212441000, "calculatedIncomeNonControlling": 0, "calculatedEbitda": 109401000}, {"date": "2013-12-31", "symbol": "FRME", "reportedCurrency": "USD", "cik": "0000712534", "fillingDate": "2014-03-14", "acceptedDate": "2014-03-14 09:57:23", "calendarYear": "2013", "period": "FY", "revenue": 209074000, "costOfRevenue": 0, "grossProfit": 209074000, "grossProfitRatio": 1, "researchAndDevelopmentExpenses": 0, "generalAndAdministrativeExpenses": 88275000, "sellingAndMarketingExpenses": 2236000, "sellingGeneralAndAdministrativeExpenses": 90511000, "otherExpenses": -220788000, "operatingExpenses": -130277000, "costAndExpenses": -130277000, "interestIncome": 170834000, "interestExpense": 16569000, "depreciationAndAmortization": 1649000, "ebitda": 80446000, "ebitdaratio": 0.3847728555, "operatingIncome": 78797000, "operatingIncomeRatio": 0.376885696, "totalOtherIncomeExpensesNet": -19590000, "incomeBeforeTax": 59207000, "incomeBeforeTaxRatio": 0.2831868142, "incomeTaxExpense": 14677000, "netIncome": 44530000, "netIncomeRatio": 0.2129867894, "eps": 1.42, "epsdiluted": 1.41, "weightedAverageShsOut": 29683099, "weightedAverageShsOutDil": 30008000, "link": "https://www.sec.gov/Archives/edgar/data/712534/000071253414000061/0000712534-14-000061-index.htm", "finalLink": "https://www.sec.gov/Archives/edgar/data/712534/000071253414000061/frme-12312013x10k.htm", "calculatedOtherExpenses": 39766000, "calculatedOperatingExpenses": 130277000, "calculatedNetInterest": 154265000, "calculatedOtherIncome": -173855000, "calculatedIncomeNonControlling": 0, "calculatedEbitda": 80446000}, {"date": "2012-12-31", "symbol": "FRME", "reportedCurrency": "USD", "cik": "0000712534", "fillingDate": "2013-03-15", "acceptedDate": "2013-03-15 11:08:02", "calendarYear": "2012", "period": "FY", "revenue": 216638000, "costOfRevenue": 0, "grossProfit": 216638000, "grossProfitRatio": 1, "researchAndDevelopmentExpenses": 0, "generalAndAdministrativeExpenses": 82907000, "sellingAndMarketingExpenses": 2158000, "sellingGeneralAndAdministrativeExpenses": 85065000, "otherExpenses": -214556000, "operatingExpenses": -129491000, "costAndExpenses": -129491000, "interestIncome": 175949000, "interestExpense": 23613000, "depreciationAndAmortization": 1927000, "ebitda": 89074000, "ebitdaratio": 0.4111651695, "operatingIncome": 87147000, "operatingIncomeRatio": 0.4022701465, "totalOtherIncomeExpensesNet": -26158000, "incomeBeforeTax": 60989000, "incomeBeforeTaxRatio": 0.2815249402, "incomeTaxExpense": 15867000, "netIncome": 45122000, "netIncomeRatio": 0.2082829421, "eps": 1.42, "epsdiluted": 1.41, "weightedAverageShsOut": 28579577, "weightedAverageShsOutDil": 28847000, "link": "https://www.sec.gov/Archives/edgar/data/712534/000071253413000101/0000712534-13-000101-index.htm", "finalLink": "https://www.sec.gov/Archives/edgar/data/712534/000071253413000101/frme-12312012x10k.htm", "calculatedOtherExpenses": 44426000, "calculatedOperatingExpenses": 129491000, "calculatedNetInterest": 152336000, "calculatedOtherIncome": -178494000, "calculatedIncomeNonControlling": 0, "calculatedEbitda": 89074000}, {"date": "2011-12-31", "symbol": "FRME", "reportedCurrency": "USD", "cik": "0000712534", "fillingDate": "2012-03-15", "acceptedDate": "2012-03-15 08:01:09", "calendarYear": "2011", "period": "FY", "revenue": 192875000, "costOfRevenue": 0, "grossProfit": 192875000, "grossProfitRatio": 1, "researchAndDevelopmentExpenses": 0, "generalAndAdministrativeExpenses": 87179000, "sellingAndMarketingExpenses": 2002000, "sellingGeneralAndAdministrativeExpenses": 89181000, "otherExpenses": 400000, "operatingExpenses": 89581000, "costAndExpenses": 89581000, "interestIncome": 181245000, "interestExpense": 37890000, "depreciationAndAmortization": 5158000, "ebitda": 76955000, "ebitdaratio": 0.3989889825, "operatingIncome": 71797000, "operatingIncomeRatio": 0.3722462735, "totalOtherIncomeExpensesNet": -37890000, "incomeBeforeTax": 33907000, "incomeBeforeTaxRatio": 0.1757977965, "incomeTaxExpense": 8655000, "netIncome": 25252000, "netIncomeRatio": 0.1309241737, "eps": 0.34, "epsdiluted": 0.34, "weightedAverageShsOut": 26508824, "weightedAverageShsOutDil": 26694000, "link": "https://www.sec.gov/Archives/edgar/data/712534/000115752312001388/0001157523-12-001388-index.htm", "finalLink": "https://www.sec.gov/Archives/edgar/data/712534/000115752312001388/a50198720.htm", "calculatedOtherExpenses": 31897000, "calculatedOperatingExpenses": 121078000, "calculatedNetInterest": 143355000, "calculatedOtherIncome": -181245000, "calculatedIncomeNonControlling": 0, "calculatedEbitda": 76955000}, {"date": "2010-12-31", "symbol": "FRME", "reportedCurrency": "USD", "cik": "0000712534", "fillingDate": "2011-03-16", "acceptedDate": "2011-03-16 12:49:50", "calendarYear": "2010", "period": "FY", "revenue": 193657000, "costOfRevenue": 0, "grossProfit": 193657000, "grossProfitRatio": 1, "researchAndDevelopmentExpenses": 0, "generalAndAdministrativeExpenses": 87726000, "sellingAndMarketingExpenses": 1970000, "sellingGeneralAndAdministrativeExpenses": 89696000, "otherExpenses": 1544000, "operatingExpenses": 91240000, "costAndExpenses": 91240000, "interestIncome": 199578000, "interestExpense": 56009000, "depreciationAndAmortization": 5702000, "ebitda": 65030000, "ebitdaratio": 0.3357998936, "operatingIncome": 59328000, "operatingIncomeRatio": 0.3063560832, "totalOtherIncomeExpensesNet": -56009000, "incomeBeforeTax": 3319000, "incomeBeforeTaxRatio": 0.0171385491, "incomeTaxExpense": -2984000, "netIncome": 6303000, "netIncomeRatio": 0.0325472356, "eps": 0.48, "epsdiluted": 0.48, "weightedAverageShsOut": 24420833, "weightedAverageShsOutDil": 24642000, "link": "https://www.sec.gov/Archives/edgar/data/712534/000071253411000012/0000712534-11-000012-index.htm", "finalLink": "https://www.sec.gov/Archives/edgar/data/712534/000071253411000012/f10k2010.htm", "calculatedOtherExpenses": 44633000, "calculatedOperatingExpenses": 134329000, "calculatedNetInterest": 143569000, "calculatedOtherIncome": -199578000, "calculatedIncomeNonControlling": 0, "calculatedEbitda": 65030000}, {"date": "2009-12-31", "symbol": "FRME", "reportedCurrency": "USD", "cik": "0000712534", "fillingDate": "2010-03-16", "acceptedDate": "2010-03-16 14:36:08", "calendarYear": "2009", "period": "FY", "revenue": 211276000, "costOfRevenue": 0, "grossProfit": 211276000, "grossProfitRatio": 1, "researchAndDevelopmentExpenses": 0, "generalAndAdministrativeExpenses": 83930000, "sellingAndMarketingExpenses": 2134000, "sellingGeneralAndAdministrativeExpenses": 86064000, "otherExpenses": 6729000, "operatingExpenses": 92793000, "costAndExpenses": 92793000, "interestIncome": 230439000, "interestExpense": 77093000, "depreciationAndAmortization": 5962000, "ebitda": 13868000, "ebitdaratio": 0.0656392586, "operatingIncome": 7906000, "operatingIncomeRatio": 0.0374202465, "totalOtherIncomeExpensesNet": -77093000, "incomeBeforeTax": -69187000, "incomeBeforeTaxRatio": -0.3274721218, "incomeTaxExpense": -28424000, "netIncome": -40763000, "netIncomeRatio": -0.1929372006, "eps": -1.93, "epsdiluted": -1.93, "weightedAverageShsOut": 21079263, "weightedAverageShsOutDil": 21117000, "link": "https://www.sec.gov/Archives/edgar/data/712534/000071253410000062/0000712534-10-000062-index.htm", "finalLink": "https://www.sec.gov/Archives/edgar/data/712534/000071253410000062/form10k.htm", "calculatedOtherExpenses": 117306000, "calculatedOperatingExpenses": 203370000, "calculatedNetInterest": 153346000, "calculatedOtherIncome": -230439000, "calculatedIncomeNonControlling": 0, "calculatedEbitda": 13868000}, {"date": "2008-12-31", "symbol": "FRME", "reportedCurrency": "USD", "cik": "0000712534", "fillingDate": "2009-03-16", "acceptedDate": "2009-03-16 14:36:45", "calendarYear": "2008", "period": "FY", "revenue": 165751000, "costOfRevenue": 0, "grossProfit": 165751000, "grossProfitRatio": 1, "researchAndDevelopmentExpenses": 0, "generalAndAdministrativeExpenses": 63006000, "sellingAndMarketingExpenses": 2311000, "sellingGeneralAndAdministrativeExpenses": 65317000, "otherExpenses": -112258000, "operatingExpenses": -46941000, "costAndExpenses": -46941000, "interestIncome": 219473000, "interestExpense": 90089000, "depreciationAndAmortization": 4613000, "ebitda": 123423000, "ebitdaratio": 0.7446289917, "operatingIncome": 118810000, "operatingIncomeRatio": 0.7167980887, "totalOtherIncomeExpensesNet": -90089000, "incomeBeforeTax": 28721000, "incomeBeforeTaxRatio": 0.1732779893, "incomeTaxExpense": 8083000, "netIncome": 20638000, "netIncomeRatio": 0.1245120693, "eps": 1.14, "epsdiluted": 1.14, "weightedAverageShsOut": 18066404, "weightedAverageShsOutDil": 18161881, "link": "https://www.sec.gov/Archives/edgar/data/712534/000071253409000083/0000712534-09-000083-index.htm", "finalLink": "https://www.sec.gov/Archives/edgar/data/712534/000071253409000083/withexhibitsf10k2008.txt", "calculatedOtherExpenses": -18376000, "calculatedOperatingExpenses": 46941000, "calculatedNetInterest": 129384000, "calculatedOtherIncome": -219473000, "calculatedIncomeNonControlling": 0, "calculatedEbitda": 123423000}, {"date": "2007-12-31", "symbol": "FRME", "reportedCurrency": "USD", "cik": "0000712534", "fillingDate": "2008-03-17", "acceptedDate": "2008-03-17 16:06:30", "calendarYear": "2007", "period": "FY", "revenue": 153671000, "costOfRevenue": 0, "grossProfit": 153671000, "grossProfitRatio": 1, "researchAndDevelopmentExpenses": 0, "generalAndAdministrativeExpenses": 58843000, "sellingAndMarketingExpenses": 2205000, "sellingGeneralAndAdministrativeExpenses": 61048000, "otherExpenses": -54124000, "operatingExpenses": 6924000, "costAndExpenses": 6924000, "interestIncome": 230733000, "interestExpense": 117613000, "depreciationAndAmortization": 4331000, "ebitda": 164926000, "ebitdaratio": 1.0732408847, "operatingIncome": 160595000, "operatingIncomeRatio": 1.0450572977, "totalOtherIncomeExpensesNet": -117613000, "incomeBeforeTax": 42982000, "incomeBeforeTaxRatio": 0.2797014401, "incomeTaxExpense": 11343000, "netIncome": 31639000, "netIncomeRatio": 0.2058879034, "eps": 1.73, "epsdiluted": 1.73, "weightedAverageShsOut": 18288439, "weightedAverageShsOutDil": 18288439, "link": "https://www.sec.gov/Archives/edgar/data/712534/000071253408000044/0000712534-08-000044-index.htm", "finalLink": "https://www.sec.gov/Archives/edgar/data/712534/000071253408000044/annualreport10k2007.txt", "calculatedOtherExpenses": -67972000, "calculatedOperatingExpenses": -6924000, "calculatedNetInterest": 113120000, "calculatedOtherIncome": -230733000, "calculatedIncomeNonControlling": 0, "calculatedEbitda": 164926000}, {"date": "2006-12-31", "symbol": "FRME", "reportedCurrency": "USD", "cik": "0000712534", "fillingDate": "2007-03-16", "acceptedDate": "2007-03-16 15:04:41", "calendarYear": "2006", "period": "FY", "revenue": 144708000, "costOfRevenue": 0, "grossProfit": 144708000, "grossProfitRatio": 1, "researchAndDevelopmentExpenses": 0, "generalAndAdministrativeExpenses": 56125000, "sellingAndMarketingExpenses": 1932000, "sellingGeneralAndAdministrativeExpenses": 58057000, "otherExpenses": -61861000, "operatingExpenses": -3804000, "costAndExpenses": -3804000, "interestIncome": 208606000, "interestExpense": 98511000, "depreciationAndAmortization": 5382000, "ebitda": 146286000, "ebitdaratio": 1.0109047185, "operatingIncome": 140904000, "operatingIncomeRatio": 0.9737125798, "totalOtherIncomeExpensesNet": -98511000, "incomeBeforeTax": 42393000, "incomeBeforeTaxRatio": 0.2929554689, "incomeTaxExpense": 12195000, "netIncome": 30198000, "netIncomeRatio": 0.208682312, "eps": 1.64, "epsdiluted": 1.64, "weightedAverageShsOut": 18413415, "weightedAverageShsOutDil": 18413415, "link": "https://www.sec.gov/Archives/edgar/data/712534/000071253407000056/0000712534-07-000056-index.htm", "finalLink": "https://www.sec.gov/Archives/edgar/data/712534/000071253407000056/f10k123106.txt", "calculatedOtherExpenses": -54253000, "calculatedOperatingExpenses": 3804000, "calculatedNetInterest": 110095000, "calculatedOtherIncome": -208606000, "calculatedIncomeNonControlling": 0, "calculatedEbitda": 146286000}, {"date": "2005-12-31", "symbol": "FRME", "reportedCurrency": "USD", "cik": "0000712534", "fillingDate": "2006-03-16", "acceptedDate": "2006-03-16 08:36:51", "calendarYear": "2005", "period": "FY", "revenue": 145846000, "costOfRevenue": 0, "grossProfit": 145846000, "grossProfitRatio": 1, "researchAndDevelopmentExpenses": 0, "generalAndAdministrativeExpenses": 54059000, "sellingAndMarketingExpenses": 2012000, "sellingGeneralAndAdministrativeExpenses": 56071000, "otherExpenses": -92302000, "operatingExpenses": -36231000, "costAndExpenses": -36231000, "interestIncome": 177209000, "interestExpense": 66080000, "depreciationAndAmortization": 5070000, "ebitda": 114685000, "ebitdaratio": 0.7863431291, "operatingIncome": 109615000, "operatingIncomeRatio": 0.7515804342, "totalOtherIncomeExpensesNet": -66080000, "incomeBeforeTax": 43535000, "incomeBeforeTaxRatio": 0.2984997874, "incomeTaxExpense": 13296000, "netIncome": 30239000, "netIncomeRatio": 0.2073351343, "eps": 1.64, "epsdiluted": 1.63, "weightedAverageShsOut": 18438415, "weightedAverageShsOutDil": 18551534, "link": "https://www.sec.gov/Archives/edgar/data/712534/000071253406000066/0000712534-06-000066-index.htm", "finalLink": "https://www.sec.gov/Archives/edgar/data/712534/000071253406000066/f10k123105.txt", "calculatedOtherExpenses": -19840000, "calculatedOperatingExpenses": 36231000, "calculatedNetInterest": 111129000, "calculatedOtherIncome": -177209000, "calculatedIncomeNonControlling": 0, "calculatedEbitda": 114685000}, {"date": "2004-12-31", "symbol": "FRME", "reportedCurrency": "USD", "cik": "0000712534", "fillingDate": "2005-03-16", "acceptedDate": "2005-03-16 13:10:29", "calendarYear": "2004", "period": "FY", "revenue": 139943000, "costOfRevenue": 0, "grossProfit": 139943000, "grossProfitRatio": 1, "researchAndDevelopmentExpenses": 0, "generalAndAdministrativeExpenses": 52479000, "sellingAndMarketingExpenses": 1709000, "sellingGeneralAndAdministrativeExpenses": 54188000, "otherExpenses": -99950000, "operatingExpenses": -45762000, "costAndExpenses": -45762000, "interestIncome": 156974000, "interestExpense": 51585000, "depreciationAndAmortization": 5064000, "ebitda": 99245000, "ebitdaratio": 0.7091815954, "operatingIncome": 94181000, "operatingIncomeRatio": 0.6729954339, "totalOtherIncomeExpensesNet": -51585000, "incomeBeforeTax": 42596000, "incomeBeforeTaxRatio": 0.3043810694, "incomeTaxExpense": 13185000, "netIncome": 29411000, "netIncomeRatio": 0.2101641383, "eps": 1.59, "epsdiluted": 1.58, "weightedAverageShsOut": 18497484, "weightedAverageShsOutDil": 18614557, "link": "https://www.sec.gov/Archives/edgar/data/712534/000071253405000061/0000712534-05-000061-index.htm", "finalLink": "https://www.sec.gov/Archives/edgar/data/712534/000071253405000061/k102004.txt", "calculatedOtherExpenses": -8426000, "calculatedOperatingExpenses": 45762000, "calculatedNetInterest": 105389000, "calculatedOtherIncome": -156974000, "calculatedIncomeNonControlling": 0, "calculatedEbitda": 99245000}, {"date": "2003-12-31", "symbol": "FRME", "reportedCurrency": "USD", "cik": "0000712534", "fillingDate": "2004-03-15", "acceptedDate": "2004-03-15 12:21:10", "calendarYear": "2003", "period": "FY", "revenue": 139044000, "costOfRevenue": 0, "grossProfit": 139044000, "grossProfitRatio": 1, "researchAndDevelopmentExpenses": 0, "generalAndAdministrativeExpenses": 50484000, "sellingAndMarketingExpenses": 1797000, "sellingGeneralAndAdministrativeExpenses": 52281000, "otherExpenses": -100649000, "operatingExpenses": -48368000, "costAndExpenses": -48368000, "interestIncome": 155530000, "interestExpense": 52388000, "depreciationAndAmortization": 4769000, "ebitda": 95445000, "ebitdaratio": 0.6864373867, "operatingIncome": 90676000, "operatingIncomeRatio": 0.6521388913, "totalOtherIncomeExpensesNet": -52388000, "incomeBeforeTax": 38288000, "incomeBeforeTaxRatio": 0.2753660712, "incomeTaxExpense": 10717000, "netIncome": 27571000, "netIncomeRatio": 0.19828975, "eps": 1.51, "epsdiluted": 1.5, "weightedAverageShsOut": 18258940, "weightedAverageShsOutDil": 18380667, "link": "https://www.sec.gov/Archives/edgar/data/712534/000071253404000048/0000712534-04-000048-index.htm", "finalLink": "https://www.sec.gov/Archives/edgar/data/712534/000071253404000048/k100304.txt", "calculatedOtherExpenses": -3913000, "calculatedOperatingExpenses": 48368000, "calculatedNetInterest": 103142000, "calculatedOtherIncome": -155530000, "calculatedIncomeNonControlling": 0, "calculatedEbitda": 95445000}, {"date": "2002-12-31", "symbol": "FRME", "reportedCurrency": "USD", "cik": "0000712534", "fillingDate": "2003-03-28", "acceptedDate": "2003-03-28 09:22:08", "calendarYear": "2002", "period": "FY", "revenue": 120000000, "costOfRevenue": 0, "grossProfit": 120000000, "grossProfitRatio": 1, "researchAndDevelopmentExpenses": 0, "generalAndAdministrativeExpenses": 39150000, "sellingAndMarketingExpenses": 1495000, "sellingGeneralAndAdministrativeExpenses": 40645000, "otherExpenses": -65069000, "operatingExpenses": -24424000, "costAndExpenses": -24424000, "interestIncome": 146682000, "interestExpense": 53759000, "depreciationAndAmortization": 7290000, "ebitda": 102866000, "ebitdaratio": 0.8572166667, "operatingIncome": 95576000, "operatingIncomeRatio": 0.7964666667, "totalOtherIncomeExpensesNet": -53759000, "incomeBeforeTax": 41817000, "incomeBeforeTaxRatio": 0.348475, "incomeTaxExpense": 13981000, "netIncome": 27836000, "netIncomeRatio": 0.2319666667, "eps": 1.7, "epsdiluted": 1.69, "weightedAverageShsOut": 16328380, "weightedAverageShsOutDil": 16512881, "link": "https://www.sec.gov/Archives/edgar/data/712534/000071253403000048/0000712534-03-000048-index.htm", "finalLink": "https://www.sec.gov/Archives/edgar/data/712534/000071253403000048/k100303.txt", "calculatedOtherExpenses": -16221000, "calculatedOperatingExpenses": 24424000, "calculatedNetInterest": 92923000, "calculatedOtherIncome": -146682000, "calculatedIncomeNonControlling": 0, "calculatedEbitda": 102866000}, {"date": "2001-12-31", "symbol": "FRME", "reportedCurrency": "USD", "cik": "0000712534", "fillingDate": "2002-04-01", "acceptedDate": "2002-04-01 00:00:00", "calendarYear": "2001", "period": "FY", "revenue": 82904000, "costOfRevenue": 0, "grossProfit": 82904000, "grossProfitRatio": 1, "researchAndDevelopmentExpenses": 0, "generalAndAdministrativeExpenses": 24711000, "sellingAndMarketingExpenses": 1072000, "sellingGeneralAndAdministrativeExpenses": 25783000, "otherExpenses": -18480000, "operatingExpenses": 7303000, "costAndExpenses": 7303000, "interestIncome": 120435000, "interestExpense": 56074000, "depreciationAndAmortization": 4674000, "ebitda": 94881000, "ebitdaratio": 1.1444683007, "operatingIncome": 90207000, "operatingIncomeRatio": 1.0880898388, "totalOtherIncomeExpensesNet": -56074000, "incomeBeforeTax": 34133000, "incomeBeforeTaxRatio": 0.4117171668, "incomeTaxExpense": 11924000, "netIncome": 22209000, "netIncomeRatio": 0.2678881598, "eps": 1.62, "epsdiluted": 1.61, "weightedAverageShsOut": 13679007, "weightedAverageShsOutDil": 13755855, "link": "https://www.sec.gov/Archives/edgar/data/712534/000071253402000045/0000712534-02-000045-index.htm", "finalLink": "https://www.sec.gov/Archives/edgar/data/712534/000071253402000045/k100302.txt", "calculatedOtherExpenses": -33086000, "calculatedOperatingExpenses": -7303000, "calculatedNetInterest": 64361000, "calculatedOtherIncome": -120435000, "calculatedIncomeNonControlling": 0, "calculatedEbitda": 94881000}, {"date": "2000-12-31", "symbol": "FRME", "reportedCurrency": "USD", "cik": "0000712534", "fillingDate": "2001-04-02", "acceptedDate": "2001-04-02 00:00:00", "calendarYear": "2000", "period": "FY", "revenue": 72616000, "costOfRevenue": 0, "grossProfit": 72616000, "grossProfitRatio": 1, "researchAndDevelopmentExpenses": 0, "generalAndAdministrativeExpenses": 21418000, "sellingAndMarketingExpenses": 1010000, "sellingGeneralAndAdministrativeExpenses": 22428000, "otherExpenses": -4590000, "operatingExpenses": 17838000, "costAndExpenses": 17838000, "interestIncome": 116528000, "interestExpense": 60546000, "depreciationAndAmortization": 4166000, "ebitda": 94620000, "ebitdaratio": 1.3030186185, "operatingIncome": 90454000, "operatingIncomeRatio": 1.245648342, "totalOtherIncomeExpensesNet": -60546000, "incomeBeforeTax": 29908000, "incomeBeforeTaxRatio": 0.4118651537, "incomeTaxExpense": 9968000, "netIncome": 19940000, "netIncomeRatio": 0.2745951305, "eps": 1.52, "epsdiluted": 1.51, "weightedAverageShsOut": 13115365, "weightedAverageShsOutDil": 13190310, "link": "https://www.sec.gov/Archives/edgar/data/712534/000071253401000018/0000712534-01-000018-index.htm", "finalLink": "https://www.sec.gov/Archives/edgar/data/712534/000071253401000018/0000712534-01-000018-0001.txt", "calculatedOtherExpenses": -40266000, "calculatedOperatingExpenses": -17838000, "calculatedNetInterest": 55982000, "calculatedOtherIncome": -116528000, "calculatedIncomeNonControlling": 0, "calculatedEbitda": 94620000}, {"date": "1999-12-31", "symbol": "FRME", "reportedCurrency": "USD", "cik": "0000712534", "fillingDate": "2000-03-24", "acceptedDate": "2000-03-24 00:00:00", "calendarYear": "1999", "period": "FY", "revenue": 68200000, "costOfRevenue": 0, "grossProfit": 68200000, "grossProfitRatio": 1, "researchAndDevelopmentExpenses": 0, "generalAndAdministrativeExpenses": 19800000, "sellingAndMarketingExpenses": 900000, "sellingGeneralAndAdministrativeExpenses": 20700000, "otherExpenses": -12800000, "operatingExpenses": 7900000, "costAndExpenses": 7900000, "interestIncome": 100500000, "interestExpense": 46900000, "depreciationAndAmortization": 3100000, "ebitda": 79200000, "ebitdaratio": 1.1612903226, "operatingIncome": 76100000, "operatingIncomeRatio": 1.1158357771, "totalOtherIncomeExpensesNet": -46900000, "incomeBeforeTax": 29200000, "incomeBeforeTaxRatio": 0.4281524927, "incomeTaxExpense": 10100000, "netIncome": 19100000, "netIncomeRatio": 0.280058651, "eps": 1.37, "epsdiluted": 1.36, "weightedAverageShsOut": 13906061, "weightedAverageShsOutDil": 13994074, "link": "https://www.sec.gov/Archives/edgar/data/712534/000071253400000017/0000712534-00-000017-index.htm", "finalLink": "https://www.sec.gov/Archives/edgar/data/712534/000071253400000017/", "calculatedOtherExpenses": -28600000, "calculatedOperatingExpenses": -7900000, "calculatedNetInterest": 53600000, "calculatedOtherIncome": -100500000, "calculatedIncomeNonControlling": 0, "calculatedEbitda": 79200000}, {"date": "1998-12-31", "symbol": "FRME", "reportedCurrency": "USD", "cik": "0000712534", "fillingDate": "1999-03-31", "acceptedDate": "1999-03-31 00:00:00", "calendarYear": "1998", "period": "FY", "revenue": 53400000, "costOfRevenue": 0, "grossProfit": 53400000, "grossProfitRatio": 1, "researchAndDevelopmentExpenses": 0, "generalAndAdministrativeExpenses": 15600000, "sellingAndMarketingExpenses": 800000, "sellingGeneralAndAdministrativeExpenses": 16400000, "otherExpenses": -8200000, "operatingExpenses": 8200000, "costAndExpenses": 8200000, "interestIncome": 79800000, "interestExpense": 38100000, "depreciationAndAmortization": 2200000, "ebitda": 63800000, "ebitdaratio": 1.1947565543, "operatingIncome": 61600000, "operatingIncomeRatio": 1.1535580524, "totalOtherIncomeExpensesNet": -38100000, "incomeBeforeTax": 23500000, "incomeBeforeTaxRatio": 0.4400749064, "incomeTaxExpense": 8100000, "netIncome": 15400000, "netIncomeRatio": 0.2883895131, "eps": 1.3, "epsdiluted": 1.28, "weightedAverageShsOut": 13814325, "weightedAverageShsOutDil": 14001005, "link": "https://www.sec.gov/Archives/edgar/data/712534/000071253499000005/0000712534-99-000005-index.htm", "finalLink": "https://www.sec.gov/Archives/edgar/data/712534/000071253499000005/", "calculatedOtherExpenses": -24600000, "calculatedOperatingExpenses": -8200000, "calculatedNetInterest": 41700000, "calculatedOtherIncome": -79800000, "calculatedIncomeNonControlling": 0, "calculatedEbitda": 63800000}, {"date": "1997-12-31", "symbol": "FRME", "reportedCurrency": "USD", "cik": "0000712534", "fillingDate": "1998-03-27", "acceptedDate": "1998-03-27 00:00:00", "calendarYear": "1997", "period": "FY", "revenue": 49000000, "costOfRevenue": 0, "grossProfit": 49000000, "grossProfitRatio": 1, "researchAndDevelopmentExpenses": 0, "generalAndAdministrativeExpenses": 14300000, "sellingAndMarketingExpenses": 900000, "sellingGeneralAndAdministrativeExpenses": 15200000, "otherExpenses": -6500000, "operatingExpenses": 8700000, "costAndExpenses": 8700000, "interestIncome": 75500000, "interestExpense": 35700000, "depreciationAndAmortization": 1900000, "ebitda": 59600000, "ebitdaratio": 1.2163265306, "operatingIncome": 57700000, "operatingIncomeRatio": 1.1775510204, "totalOtherIncomeExpensesNet": -35700000, "incomeBeforeTax": 22000000, "incomeBeforeTaxRatio": 0.4489795918, "incomeTaxExpense": 7600000, "netIncome": 14400000, "netIncomeRatio": 0.293877551, "eps": 1.21, "epsdiluted": 1.19, "weightedAverageShsOut": 13677632, "weightedAverageShsOutDil": 13886450, "link": "https://www.sec.gov/Archives/edgar/data/712534/000104746998011937/0001047469-98-011937-index.htm", "finalLink": "https://www.sec.gov/Archives/edgar/data/712534/000104746998011937/", "calculatedOtherExpenses": -23900000, "calculatedOperatingExpenses": -8700000, "calculatedNetInterest": 39800000, "calculatedOtherIncome": -75500000, "calculatedIncomeNonControlling": 0, "calculatedEbitda": 59600000}, {"date": "1996-12-31", "symbol": "FRME", "reportedCurrency": "USD", "cik": "0000712534", "fillingDate": "1997-03-24", "acceptedDate": "1997-03-24 00:00:00", "calendarYear": "1996", "period": "FY", "revenue": 45400000, "costOfRevenue": 0, "grossProfit": 45400000, "grossProfitRatio": 1, "researchAndDevelopmentExpenses": 0, "generalAndAdministrativeExpenses": 13400000, "sellingAndMarketingExpenses": 0, "sellingGeneralAndAdministrativeExpenses": 13400000, "otherExpenses": -6300000, "operatingExpenses": 7100000, "costAndExpenses": 7100000, "interestIncome": 69500000, "interestExpense": 32400000, "depreciationAndAmortization": 1900000, "ebitda": 54400000, "ebitdaratio": 1.1982378855, "operatingIncome": 52500000, "operatingIncomeRatio": 1.1563876652, "totalOtherIncomeExpensesNet": -32400000, "incomeBeforeTax": 20100000, "incomeBeforeTaxRatio": 0.4427312775, "incomeTaxExpense": 7000000, "netIncome": 13100000, "netIncomeRatio": 0.2885462555, "eps": 1.15, "epsdiluted": 1.15, "weightedAverageShsOut": 11427785, "weightedAverageShsOutDil": 11427785, "link": "https://www.sec.gov/Archives/edgar/data/712534/000091205797009789/0000912057-97-009789-index.htm", "finalLink": "https://www.sec.gov/Archives/edgar/data/712534/000091205797009789/", "calculatedOtherExpenses": -20500000, "calculatedOperatingExpenses": -7100000, "calculatedNetInterest": 37100000, "calculatedOtherIncome": -69500000, "calculatedIncomeNonControlling": 0, "calculatedEbitda": 54400000}, {"date": "1995-12-31", "symbol": "FRME", "reportedCurrency": "USD", "cik": "0000712534", "fillingDate": "1996-03-22", "acceptedDate": "1996-03-22 00:00:00", "calendarYear": "1995", "period": "FY", "revenue": 34800000, "costOfRevenue": 0, "grossProfit": 34800000, "grossProfitRatio": 1, "researchAndDevelopmentExpenses": 0, "generalAndAdministrativeExpenses": 10600000, "sellingAndMarketingExpenses": 600000, "sellingGeneralAndAdministrativeExpenses": 11200000, "otherExpenses": -8600000, "operatingExpenses": 2600000, "costAndExpenses": 2600000, "interestIncome": 50000000, "interestExpense": 22100000, "depreciationAndAmortization": 1900000, "ebitda": 39300000, "ebitdaratio": 1.1293103448, "operatingIncome": 37400000, "operatingIncomeRatio": 1.0747126437, "totalOtherIncomeExpensesNet": -22100000, "incomeBeforeTax": 15300000, "incomeBeforeTaxRatio": 0.4396551724, "incomeTaxExpense": 5400000, "netIncome": 9900000, "netIncomeRatio": 0.2844827586, "eps": 1.12, "epsdiluted": 1.12, "weightedAverageShsOut": 8777985, "weightedAverageShsOutDil": 8777985, "link": "https://www.sec.gov/Archives/edgar/data/712534/000091205796004985/0000912057-96-004985-index.htm", "finalLink": "https://www.sec.gov/Archives/edgar/data/712534/000091205796004985/", "calculatedOtherExpenses": -13800000, "calculatedOperatingExpenses": -2600000, "calculatedNetInterest": 27900000, "calculatedOtherIncome": -50000000, "calculatedIncomeNonControlling": 0, "calculatedEbitda": 39300000}, {"date": "1994-12-31", "symbol": "FRME", "reportedCurrency": "USD", "cik": "0000712534", "fillingDate": "1995-03-24", "acceptedDate": "1995-03-24 00:00:00", "calendarYear": "1994", "period": "FY", "revenue": 33300000, "costOfRevenue": 0, "grossProfit": 33300000, "grossProfitRatio": 1, "researchAndDevelopmentExpenses": 0, "generalAndAdministrativeExpenses": 10100000, "sellingAndMarketingExpenses": 500000, "sellingGeneralAndAdministrativeExpenses": 10600000, "otherExpenses": -13700000, "operatingExpenses": -3100000, "costAndExpenses": -3100000, "interestIncome": 43100000, "interestExpense": 16100000, "depreciationAndAmortization": 2400000, "ebitda": 32600000, "ebitdaratio": 0.978978979, "operatingIncome": 30200000, "operatingIncomeRatio": 0.9069069069, "totalOtherIncomeExpensesNet": -16100000, "incomeBeforeTax": 14100000, "incomeBeforeTaxRatio": 0.4234234234, "incomeTaxExpense": 4900000, "netIncome": 9200000, "netIncomeRatio": 0.2762762763, "eps": 1.04, "epsdiluted": 1.04, "weightedAverageShsOut": 8816425, "weightedAverageShsOutDil": 8816425, "link": "https://www.sec.gov/Archives/edgar/data/712534/000091205795001692/0000912057-95-001692-index.htm", "finalLink": "https://www.sec.gov/Archives/edgar/data/712534/000091205795001692/", "calculatedOtherExpenses": -7500000, "calculatedOperatingExpenses": 3100000, "calculatedNetInterest": 27000000, "calculatedOtherIncome": -43100000, "calculatedIncomeNonControlling": 0, "calculatedEbitda": 32600000}, {"date": "1993-12-31", "symbol": "FRME", "reportedCurrency": "USD", "cik": "0000712534", "fillingDate": "1994-03-22", "acceptedDate": "1994-03-22 00:00:00", "calendarYear": "1993", "period": "FY", "revenue": 32100000, "costOfRevenue": 0, "grossProfit": 32100000, "grossProfitRatio": 1, "researchAndDevelopmentExpenses": 0, "generalAndAdministrativeExpenses": 9100000, "sellingAndMarketingExpenses": 500000, "sellingGeneralAndAdministrativeExpenses": 9600000, "otherExpenses": -12100000, "operatingExpenses": -2500000, "costAndExpenses": -2500000, "interestIncome": 42000000, "interestExpense": 16500000, "depreciationAndAmortization": 1800000, "ebitda": 31400000, "ebitdaratio": 0.9781931464, "operatingIncome": 29600000, "operatingIncomeRatio": 0.9221183801, "totalOtherIncomeExpensesNet": -16700000, "incomeBeforeTax": 12900000, "incomeBeforeTaxRatio": 0.4018691589, "incomeTaxExpense": 4400000, "netIncome": 8700000, "netIncomeRatio": 0.2710280374, "eps": 0.99, "epsdiluted": 0.98, "weightedAverageShsOut": 8768208, "weightedAverageShsOutDil": 8845122, "link": "https://www.sec.gov/Archives/edgar/data/712534/000091205794000997/0000912057-94-000997-index.htm", "finalLink": "https://www.sec.gov/Archives/edgar/data/712534/0000912057-94-000997.txt", "calculatedOtherExpenses": -7100000, "calculatedOperatingExpenses": 2500000, "calculatedNetInterest": 25500000, "calculatedOtherIncome": -42200000, "calculatedIncomeNonControlling": -200000, "calculatedEbitda": 31400000}, {"date": "1992-12-31", "symbol": "FRME", "reportedCurrency": "USD", "cik": "0000712534", "fillingDate": "1992-12-31", "acceptedDate": "1992-12-30 19:00:00", "calendarYear": "1992", "period": "FY", "revenue": 30800000, "costOfRevenue": 0, "grossProfit": 30800000, "grossProfitRatio": 1, "researchAndDevelopmentExpenses": 0, "generalAndAdministrativeExpenses": 8800000, "sellingAndMarketingExpenses": 0, "sellingGeneralAndAdministrativeExpenses": 8800000, "otherExpenses": -7100000, "operatingExpenses": 1700000, "costAndExpenses": 1700000, "interestIncome": 45900000, "interestExpense": 20700000, "depreciationAndAmortization": 800000, "ebitda": 33300000, "ebitdaratio": 1.0811688312, "operatingIncome": 32500000, "operatingIncomeRatio": 1.0551948052, "totalOtherIncomeExpensesNet": -20700000, "incomeBeforeTax": 11800000, "incomeBeforeTaxRatio": 0.3831168831, "incomeTaxExpense": 4000000, "netIncome": 7800000, "netIncomeRatio": 0.2532467532, "eps": 0.88, "epsdiluted": 0.88, "weightedAverageShsOut": 8863062, "weightedAverageShsOutDil": 8863062, "link": "", "finalLink": "", "calculatedOtherExpenses": -10500000, "calculatedOperatingExpenses": -1700000, "calculatedNetInterest": 25200000, "calculatedOtherIncome": -45900000, "calculatedIncomeNonControlling": 0, "calculatedEbitda": 33300000}, {"date": "1991-12-31", "symbol": "FRME", "reportedCurrency": "USD", "cik": "0000712534", "fillingDate": "1991-12-31", "acceptedDate": "1991-12-30 19:00:00", "calendarYear": "1991", "period": "FY", "revenue": 27200000, "costOfRevenue": 0, "grossProfit": 27200000, "grossProfitRatio": 1, "researchAndDevelopmentExpenses": 0, "generalAndAdministrativeExpenses": 7700000, "sellingAndMarketingExpenses": 0, "sellingGeneralAndAdministrativeExpenses": 7700000, "otherExpenses": 1700000, "operatingExpenses": 9400000, "costAndExpenses": 9400000, "interestIncome": 48600000, "interestExpense": 26600000, "depreciationAndAmortization": 600000, "ebitda": 37200000, "ebitdaratio": 1.3676470588, "operatingIncome": 36600000, "operatingIncomeRatio": 1.3455882353, "totalOtherIncomeExpensesNet": -26600000, "incomeBeforeTax": 10000000, "incomeBeforeTaxRatio": 0.3676470588, "incomeTaxExpense": 3200000, "netIncome": 6800000, "netIncomeRatio": 0.25, "eps": 0.8, "epsdiluted": 0.8, "weightedAverageShsOut": 8474513, "weightedAverageShsOutDil": 8474513, "link": "", "finalLink": "", "calculatedOtherExpenses": -17100000, "calculatedOperatingExpenses": -9400000, "calculatedNetInterest": 22000000, "calculatedOtherIncome": -48600000, "calculatedIncomeNonControlling": 0, "calculatedEbitda": 37200000}, {"date": "1990-12-31", "symbol": "FRME", "reportedCurrency": "USD", "cik": "0000712534", "fillingDate": "1990-12-31", "acceptedDate": "1990-12-30 19:00:00", "calendarYear": "1990", "period": "FY", "revenue": 23800000, "costOfRevenue": 0, "grossProfit": 23800000, "grossProfitRatio": 1, "researchAndDevelopmentExpenses": 0, "generalAndAdministrativeExpenses": 6700000, "sellingAndMarketingExpenses": 0, "sellingGeneralAndAdministrativeExpenses": 6700000, "otherExpenses": 6700000, "operatingExpenses": 13400000, "costAndExpenses": 13400000, "interestIncome": 47300000, "interestExpense": 28200000, "depreciationAndAmortization": 600000, "ebitda": 37800000, "ebitdaratio": 1.5882352941, "operatingIncome": 37200000, "operatingIncomeRatio": 1.5630252101, "totalOtherIncomeExpensesNet": -28200000, "incomeBeforeTax": 9000000, "incomeBeforeTaxRatio": 0.3781512605, "incomeTaxExpense": 3000000, "netIncome": 6000000, "netIncomeRatio": 0.2521008403, "eps": 0.72, "epsdiluted": 0.72, "weightedAverageShsOut": 8278683, "weightedAverageShsOutDil": 8278683, "link": "", "finalLink": "", "calculatedOtherExpenses": -20100000, "calculatedOperatingExpenses": -13400000, "calculatedNetInterest": 19100000, "calculatedOtherIncome": -47300000, "calculatedIncomeNonControlling": 0, "calculatedEbitda": 37800000}, {"date": "1989-12-31", "symbol": "FRME", "reportedCurrency": "USD", "cik": "0000712534", "fillingDate": "1989-12-31", "acceptedDate": "1989-12-30 19:00:00", "calendarYear": "1989", "period": "FY", "revenue": 22800000, "costOfRevenue": 0, "grossProfit": 22800000, "grossProfitRatio": 1, "researchAndDevelopmentExpenses": 0, "generalAndAdministrativeExpenses": 6500000, "sellingAndMarketingExpenses": 0, "sellingGeneralAndAdministrativeExpenses": 6500000, "otherExpenses": 6100000, "operatingExpenses": 12600000, "costAndExpenses": 12600000, "interestIncome": 45800000, "interestExpense": 27500000, "depreciationAndAmortization": 500000, "ebitda": 35900000, "ebitdaratio": 1.5745614035, "operatingIncome": 35400000, "operatingIncomeRatio": 1.5526315789, "totalOtherIncomeExpensesNet": -27500000, "incomeBeforeTax": 7900000, "incomeBeforeTaxRatio": 0.3464912281, "incomeTaxExpense": 2200000, "netIncome": 5700000, "netIncomeRatio": 0.25, "eps": 0.68, "epsdiluted": 0.68, "weightedAverageShsOut": 8362517, "weightedAverageShsOutDil": 8362517, "link": "", "finalLink": "", "calculatedOtherExpenses": -19100000, "calculatedOperatingExpenses": -12600000, "calculatedNetInterest": 18300000, "calculatedOtherIncome": -45800000, "calculatedIncomeNonControlling": 0, "calculatedEbitda": 35900000}, {"date": "1988-12-31", "symbol": "FRME", "reportedCurrency": "USD", "cik": "0000712534", "fillingDate": "1988-12-31", "acceptedDate": "1988-12-30 19:00:00", "calendarYear": "1988", "period": "FY", "revenue": 0, "costOfRevenue": 0, "grossProfit": 0, "grossProfitRatio": 0, "researchAndDevelopmentExpenses": 0, "generalAndAdministrativeExpenses": 0, "sellingAndMarketingExpenses": 0, "sellingGeneralAndAdministrativeExpenses": 0, "otherExpenses": 4400000, "operatingExpenses": 4400000, "costAndExpenses": 4400000, "interestIncome": 0, "interestExpense": 0, "depreciationAndAmortization": 0, "ebitda": 4400000, "ebitdaratio": 0, "operatingIncome": 4400000, "operatingIncomeRatio": 0, "totalOtherIncomeExpensesNet": 0, "incomeBeforeTax": 0, "incomeBeforeTaxRatio": 0, "incomeTaxExpense": -4400000, "netIncome": 4400000, "netIncomeRatio": 0, "eps": 0.61, "epsdiluted": 0.61, "weightedAverageShsOut": 7182630, "weightedAverageShsOutDil": 7182630, "link": "", "finalLink": "", "calculatedOtherExpenses": -4400000, "calculatedOperatingExpenses": -4400000, "calculatedNetInterest": 0, "calculatedOtherIncome": -4400000, "calculatedIncomeNonControlling": 0, "calculatedEbitda": 4400000}, {"date": "1987-12-31", "symbol": "FRME", "reportedCurrency": "USD", "cik": "0000712534", "fillingDate": "1987-12-31", "acceptedDate": "1987-12-30 19:00:00", "calendarYear": "1987", "period": "FY", "revenue": 0, "costOfRevenue": 0, "grossProfit": 0, "grossProfitRatio": 0, "researchAndDevelopmentExpenses": 0, "generalAndAdministrativeExpenses": 0, "sellingAndMarketingExpenses": 0, "sellingGeneralAndAdministrativeExpenses": 0, "otherExpenses": 3900000, "operatingExpenses": 3900000, "costAndExpenses": 3900000, "interestIncome": 0, "interestExpense": 0, "depreciationAndAmortization": 0, "ebitda": 3900000, "ebitdaratio": 0, "operatingIncome": 3900000, "operatingIncomeRatio": 0, "totalOtherIncomeExpensesNet": 0, "incomeBeforeTax": 0, "incomeBeforeTaxRatio": 0, "incomeTaxExpense": -3900000, "netIncome": 3900000, "netIncomeRatio": 0, "eps": 0.54, "epsdiluted": 0.54, "weightedAverageShsOut": 7174855, "weightedAverageShsOutDil": 7174855, "link": "", "finalLink": "", "calculatedOtherExpenses": -3900000, "calculatedOperatingExpenses": -3900000, "calculatedNetInterest": 0, "calculatedOtherIncome": -3900000, "calculatedIncomeNonControlling": 0, "calculatedEbitda": 3900000}]}