{"originalCurrency": "USD", "convertedCurrency": "USD", "report": [{"date": "2023-12-31", "symbol": "FRPT", "reportedCurrency": "USD", "cik": "0001611647", "fillingDate": "2024-02-26", "acceptedDate": "2024-02-26 16:54:13", "calendarYear": "2023", "period": "FY", "revenue": 766895000, "costOfRevenue": 531873000, "grossProfit": 235022000, "grossProfitRatio": 0.3064591632, "researchAndDevelopmentExpenses": 0, "generalAndAdministrativeExpenses": 8109999, "sellingAndMarketingExpenses": 57427000, "sellingGeneralAndAdministrativeExpenses": 264761000, "otherExpenses": 0, "operatingExpenses": 264761000, "costAndExpenses": 796634000, "interestIncome": 13029000, "interestExpense": 14097000, "depreciationAndAmortization": 58517000, "ebitda": 28778000, "ebitdaratio": 0.0375253457, "operatingIncome": -29739000, "operatingIncomeRatio": -0.0387784508, "totalOtherIncomeExpensesNet": -1775000, "incomeBeforeTax": -31514000, "incomeBeforeTaxRatio": -0.0410929788, "incomeTaxExpense": 210000, "netIncome": -33614000, "netIncomeRatio": -0.0438312937, "eps": -0.7, "epsdiluted": -0.7, "weightedAverageShsOut": 48163000, "weightedAverageShsOutDil": 48163000, "link": "https://www.sec.gov/Archives/edgar/data/1611647/000143774924005542/0001437749-24-005542-index.htm", "finalLink": "https://www.sec.gov/Archives/edgar/data/1611647/000143774924005542/frpt20231231_10k.htm", "calculatedOtherExpenses": 0, "calculatedOperatingExpenses": 264761000, "calculatedNetInterest": -1068000, "calculatedOtherIncome": -707000, "calculatedIncomeNonControlling": 1890000, "calculatedEbitda": 28778000}, {"date": "2022-12-31", "symbol": "FRPT", "reportedCurrency": "USD", "cik": "0001611647", "fillingDate": "2023-02-28", "acceptedDate": "2023-02-28 17:01:20", "calendarYear": "2022", "period": "FY", "revenue": 595344000, "costOfRevenue": 409311000, "grossProfit": 186033000, "grossProfitRatio": 0.3124798436, "researchAndDevelopmentExpenses": 0, "generalAndAdministrativeExpenses": 734000, "sellingAndMarketingExpenses": 68007000, "sellingGeneralAndAdministrativeExpenses": 238016000, "otherExpenses": 1710000, "operatingExpenses": 238016000, "costAndExpenses": 647327000, "interestIncome": 5208000, "interestExpense": 5208000, "depreciationAndAmortization": 36265000, "ebitda": -15718000, "ebitdaratio": -0.0264015426, "operatingIncome": -51983000, "operatingIncomeRatio": -0.0873159048, "totalOtherIncomeExpensesNet": -3498000, "incomeBeforeTax": -55481000, "incomeBeforeTaxRatio": -0.0931914994, "incomeTaxExpense": 282000, "netIncome": -55763000, "netIncomeRatio": -0.0936651751, "eps": -1.21, "epsdiluted": -1.21, "weightedAverageShsOut": 46191000, "weightedAverageShsOutDil": 46191000, "link": "https://www.sec.gov/Archives/edgar/data/1611647/000143774923004928/0001437749-23-004928-index.htm", "finalLink": "https://www.sec.gov/Archives/edgar/data/1611647/000143774923004928/frpt20221231_10k.htm", "calculatedOtherExpenses": 0, "calculatedOperatingExpenses": 238016000, "calculatedNetInterest": 0, "calculatedOtherIncome": -3498000, "calculatedIncomeNonControlling": 0, "calculatedEbitda": -15718000}, {"date": "2021-12-31", "symbol": "FRPT", "reportedCurrency": "USD", "cik": "0001611647", "fillingDate": "2022-03-01", "acceptedDate": "2022-03-01 16:27:13", "calendarYear": "2021", "period": "FY", "revenue": 425489000, "costOfRevenue": 263343000, "grossProfit": 162146000, "grossProfitRatio": 0.3810815321, "researchAndDevelopmentExpenses": 0, "generalAndAdministrativeExpenses": 135966000, "sellingAndMarketingExpenses": 50843000, "sellingGeneralAndAdministrativeExpenses": 186809000, "otherExpenses": 13000, "operatingExpenses": 186809000, "costAndExpenses": 450152000, "interestIncome": 2882000, "interestExpense": 2882000, "depreciationAndAmortization": 30468000, "ebitda": 5818000, "ebitdaratio": 0.013673679, "operatingIncome": -24650000, "operatingIncomeRatio": -0.0579333426, "totalOtherIncomeExpensesNet": -2882000, "incomeBeforeTax": -27532000, "incomeBeforeTaxRatio": -0.0647067257, "incomeTaxExpense": 162000, "netIncome": -27694000, "netIncomeRatio": -0.0650874641, "eps": -0.65, "epsdiluted": -0.65, "weightedAverageShsOut": 42931000, "weightedAverageShsOutDil": 42931000, "link": "https://www.sec.gov/Archives/edgar/data/1611647/000143774922004871/0001437749-22-004871-index.htm", "finalLink": "https://www.sec.gov/Archives/edgar/data/1611647/000143774922004871/frpt20211231_10k.htm", "calculatedOtherExpenses": -13000, "calculatedOperatingExpenses": 186796000, "calculatedNetInterest": 0, "calculatedOtherIncome": -2882000, "calculatedIncomeNonControlling": 0, "calculatedEbitda": 5818000}, {"date": "2020-12-31", "symbol": "FRPT", "reportedCurrency": "USD", "cik": "0001611647", "fillingDate": "2021-02-22", "acceptedDate": "2021-02-22 16:10:42", "calendarYear": "2020", "period": "FY", "revenue": 318790000, "costOfRevenue": 185880000, "grossProfit": 132910000, "grossProfitRatio": 0.4169202296, "researchAndDevelopmentExpenses": 800000, "generalAndAdministrativeExpenses": 104320000, "sellingAndMarketingExpenses": 30588000, "sellingGeneralAndAdministrativeExpenses": 134908000, "otherExpenses": 87000, "operatingExpenses": 134908000, "costAndExpenses": 320788000, "interestIncome": 1212000, "interestExpense": 1212000, "depreciationAndAmortization": 21125000, "ebitda": 19214000, "ebitdaratio": 0.0602716522, "operatingIncome": -1911000, "operatingIncomeRatio": -0.0059945419, "totalOtherIncomeExpensesNet": -1212000, "incomeBeforeTax": -3123000, "incomeBeforeTaxRatio": -0.0097964177, "incomeTaxExpense": 65000, "netIncome": -3188000, "netIncomeRatio": -0.0100003137, "eps": -0.0802, "epsdiluted": -0.0802, "weightedAverageShsOut": 39757660, "weightedAverageShsOutDil": 39757660, "link": "https://www.sec.gov/Archives/edgar/data/1611647/000143774921003615/0001437749-21-003615-index.htm", "finalLink": "https://www.sec.gov/Archives/edgar/data/1611647/000143774921003615/frpt20201231b_10k.htm", "calculatedOtherExpenses": -887000, "calculatedOperatingExpenses": 134821000, "calculatedNetInterest": 0, "calculatedOtherIncome": -1212000, "calculatedIncomeNonControlling": 0, "calculatedEbitda": 19214000}, {"date": "2019-12-31", "symbol": "FRPT", "reportedCurrency": "USD", "cik": "0001611647", "fillingDate": "2020-02-25", "acceptedDate": "2020-02-25 06:18:38", "calendarYear": "2019", "period": "FY", "revenue": 245862054, "costOfRevenue": 131664713, "grossProfit": 114197341, "grossProfitRatio": 0.4644772918, "researchAndDevelopmentExpenses": 1157058, "generalAndAdministrativeExpenses": 90067263, "sellingAndMarketingExpenses": 24383000, "sellingGeneralAndAdministrativeExpenses": 114450263, "otherExpenses": 5079, "operatingExpenses": 114450263, "costAndExpenses": 246114976, "interestIncome": 991000, "interestExpense": 990741, "depreciationAndAmortization": 15921695, "ebitda": 15673852, "ebitdaratio": 0.0637505941, "operatingIncome": -247843, "operatingIncomeRatio": -0.0010080571, "totalOtherIncomeExpensesNet": -990741, "incomeBeforeTax": -1238584, "incomeBeforeTaxRatio": -0.0050377192, "incomeTaxExpense": 144151, "netIncome": -1382735, "netIncomeRatio": -0.0056240277, "eps": -0.0385, "epsdiluted": -0.0385, "weightedAverageShsOut": 35950117, "weightedAverageShsOutDil": 35950117, "link": "https://www.sec.gov/Archives/edgar/data/1611647/000156459020006185/0001564590-20-006185-index.htm", "finalLink": "https://www.sec.gov/Archives/edgar/data/1611647/000156459020006185/frpt-10k_20191231.htm", "calculatedOtherExpenses": -1162137, "calculatedOperatingExpenses": 114445184, "calculatedNetInterest": 259, "calculatedOtherIncome": -991000, "calculatedIncomeNonControlling": 0, "calculatedEbitda": 15673852}, {"date": "2018-12-31", "symbol": "FRPT", "reportedCurrency": "USD", "cik": "0001611647", "fillingDate": "2019-02-28", "acceptedDate": "2019-02-28 16:47:02", "calendarYear": "2018", "period": "FY", "revenue": 193237462, "costOfRevenue": 103247223, "grossProfit": 89990239, "grossProfitRatio": 0.4656976865, "researchAndDevelopmentExpenses": 486797, "generalAndAdministrativeExpenses": 94875776, "sellingAndMarketingExpenses": 19440000, "sellingGeneralAndAdministrativeExpenses": 94875776, "otherExpenses": -102337, "operatingExpenses": 94875776, "costAndExpenses": 198122999, "interestIncome": 0, "interestExpense": 296234, "depreciationAndAmortization": 14068037, "ebitda": 9080163, "ebitdaratio": 0.0469896619, "operatingIncome": -4885537, "operatingIncomeRatio": -0.0252825562, "totalOtherIncomeExpensesNet": -102337, "incomeBeforeTax": -5284108, "incomeBeforeTaxRatio": -0.0273451532, "incomeTaxExpense": 77096, "netIncome": -5361204, "netIncomeRatio": -0.0277441234, "eps": -0.15, "epsdiluted": -0.15, "weightedAverageShsOut": 35329170, "weightedAverageShsOutDil": 35329170, "link": "https://www.sec.gov/Archives/edgar/data/1611647/000156459019005508/0001564590-19-005508-index.htm", "finalLink": "https://www.sec.gov/Archives/edgar/data/1611647/000156459019005508/frpt-10k_20181231.htm", "calculatedOtherExpenses": -486797, "calculatedOperatingExpenses": 94875776, "calculatedNetInterest": -296234, "calculatedOtherIncome": -102337, "calculatedIncomeNonControlling": 0, "calculatedEbitda": 9182500}, {"date": "2017-12-31", "symbol": "FRPT", "reportedCurrency": "USD", "cik": "0001611647", "fillingDate": "2018-03-07", "acceptedDate": "2018-03-07 16:07:05", "calendarYear": "2017", "period": "FY", "revenue": 156379210, "costOfRevenue": 83963292, "grossProfit": 72415918, "grossProfitRatio": 0.4630789349, "researchAndDevelopmentExpenses": 284574, "generalAndAdministrativeExpenses": 75167168, "sellingAndMarketingExpenses": 12892928, "sellingGeneralAndAdministrativeExpenses": 75167168, "otherExpenses": -525404, "operatingExpenses": 75167168, "costAndExpenses": 159130460, "interestIncome": 0, "interestExpense": 910492, "depreciationAndAmortization": 12692355, "ebitda": 9415701, "ebitdaratio": 0.0602106955, "operatingIncome": -2751250, "operatingIncomeRatio": -0.0175934512, "totalOtherIncomeExpensesNet": -525404, "incomeBeforeTax": -4187146, "incomeBeforeTaxRatio": -0.0267755925, "incomeTaxExpense": 75195, "netIncome": -4262341, "netIncomeRatio": -0.0272564428, "eps": -0.12, "epsdiluted": -0.12, "weightedAverageShsOut": 34487239, "weightedAverageShsOutDil": 34487239, "link": "https://www.sec.gov/Archives/edgar/data/1611647/000156459018004715/0001564590-18-004715-index.htm", "finalLink": "https://www.sec.gov/Archives/edgar/data/1611647/000156459018004715/frpt-10k_20171231.htm", "calculatedOtherExpenses": -284574, "calculatedOperatingExpenses": 75167168, "calculatedNetInterest": -910492, "calculatedOtherIncome": -525404, "calculatedIncomeNonControlling": 0, "calculatedEbitda": 9941105}, {"date": "2016-12-31", "symbol": "FRPT", "reportedCurrency": "USD", "cik": "0001611647", "fillingDate": "2017-03-14", "acceptedDate": "2017-03-14 16:07:14", "calendarYear": "2016", "period": "FY", "revenue": 133053517, "costOfRevenue": 72682634, "grossProfit": 60370883, "grossProfitRatio": 0.4537338385, "researchAndDevelopmentExpenses": 470150, "generalAndAdministrativeExpenses": 62585833, "sellingAndMarketingExpenses": 11202392, "sellingGeneralAndAdministrativeExpenses": 62585833, "otherExpenses": -181850, "operatingExpenses": 62585833, "costAndExpenses": 135268467, "interestIncome": 0, "interestExpense": 698119, "depreciationAndAmortization": 9887168, "ebitda": 7490368, "ebitdaratio": 0.0562959039, "operatingIncome": -2214950, "operatingIncomeRatio": -0.0166470609, "totalOtherIncomeExpensesNet": -181850, "incomeBeforeTax": -3094919, "incomeBeforeTaxRatio": -0.0232607079, "incomeTaxExpense": 65754, "netIncome": -3160673, "netIncomeRatio": -0.0237549001, "eps": -0.0939, "epsdiluted": -0.0939, "weightedAverageShsOut": 33674416, "weightedAverageShsOutDil": 33674416, "link": "https://www.sec.gov/Archives/edgar/data/1611647/000156459017004284/0001564590-17-004284-index.htm", "finalLink": "https://www.sec.gov/Archives/edgar/data/1611647/000156459017004284/frpt-10k_20161231.htm", "calculatedOtherExpenses": -470150, "calculatedOperatingExpenses": 62585833, "calculatedNetInterest": -698119, "calculatedOtherIncome": -181850, "calculatedIncomeNonControlling": 0, "calculatedEbitda": 7672218}, {"date": "2015-12-31", "symbol": "FRPT", "reportedCurrency": "USD", "cik": "0001611647", "fillingDate": "2016-03-14", "acceptedDate": "2016-03-14 16:11:45", "calendarYear": "2015", "period": "FY", "revenue": 116186372, "costOfRevenue": 61537230, "grossProfit": 54649142, "grossProfitRatio": 0.4703575906, "researchAndDevelopmentExpenses": 0, "generalAndAdministrativeExpenses": 58296814, "sellingAndMarketingExpenses": 11407908, "sellingGeneralAndAdministrativeExpenses": 58296814, "otherExpenses": 448943, "operatingExpenses": 58296814, "costAndExpenses": 119834044, "interestIncome": 0, "interestExpense": 454567, "depreciationAndAmortization": 7573535, "ebitda": 4374806, "ebitdaratio": 0.0376533489, "operatingIncome": -3647672, "operatingIncomeRatio": -0.0313950073, "totalOtherIncomeExpensesNet": 448943, "incomeBeforeTax": -3653296, "incomeBeforeTaxRatio": -0.0314434123, "incomeTaxExpense": 57516, "netIncome": -3710812, "netIncomeRatio": -0.0319384446, "eps": -0.11, "epsdiluted": -0.11, "weightedAverageShsOut": 33497940, "weightedAverageShsOutDil": 33734655, "link": "https://www.sec.gov/Archives/edgar/data/1611647/000156459016014697/0001564590-16-014697-index.htm", "finalLink": "https://www.sec.gov/Archives/edgar/data/1611647/000156459016014697/frpt-10k_20151231.htm", "calculatedOtherExpenses": 0, "calculatedOperatingExpenses": 58296814, "calculatedNetInterest": -454567, "calculatedOtherIncome": 448943, "calculatedIncomeNonControlling": 0, "calculatedEbitda": 3925863}, {"date": "2014-12-31", "symbol": "FRPT", "reportedCurrency": "USD", "cik": "0001611647", "fillingDate": "2015-03-31", "acceptedDate": "2015-03-31 17:05:54", "calendarYear": "2014", "period": "FY", "revenue": 86764112, "costOfRevenue": 44545637, "grossProfit": 42218475, "grossProfitRatio": 0.4865891441, "researchAndDevelopmentExpenses": 0, "generalAndAdministrativeExpenses": 48636167, "sellingAndMarketingExpenses": 23679336, "sellingGeneralAndAdministrativeExpenses": 48636167, "otherExpenses": -328793, "operatingExpenses": 48636167, "costAndExpenses": 93181804, "interestIncome": 0, "interestExpense": 30550779, "depreciationAndAmortization": 6424813, "ebitda": -321672, "ebitdaratio": -0.0037074315, "operatingIncome": -6417692, "operatingIncomeRatio": -0.0739671259, "totalOtherIncomeExpensesNet": -328793, "incomeBeforeTax": -37297264, "incomeBeforeTaxRatio": -0.4298697139, "incomeTaxExpense": 41753, "netIncome": -37339017, "netIncomeRatio": -0.4303509382, "eps": -2.74, "epsdiluted": -2.74, "weightedAverageShsOut": 13632042, "weightedAverageShsOutDil": 13632042, "link": "https://www.sec.gov/Archives/edgar/data/1611647/000156459015002285/0001564590-15-002285-index.htm", "finalLink": "https://www.sec.gov/Archives/edgar/data/1611647/000156459015002285/frpt-10k_20141231.htm", "calculatedOtherExpenses": 0, "calculatedOperatingExpenses": 48636167, "calculatedNetInterest": -30550779, "calculatedOtherIncome": -328793, "calculatedIncomeNonControlling": 0, "calculatedEbitda": 7121}, {"date": "2013-12-31", "symbol": "FRPT", "reportedCurrency": "USD", "cik": "0001611647", "fillingDate": "2013-12-31", "acceptedDate": "2013-12-30 19:00:00", "calendarYear": "2013", "period": "FY", "revenue": 63150776, "costOfRevenue": 35957835, "grossProfit": 27192941, "grossProfitRatio": 0.4306034339, "researchAndDevelopmentExpenses": 0, "generalAndAdministrativeExpenses": 20663262, "sellingAndMarketingExpenses": 18910355, "sellingGeneralAndAdministrativeExpenses": 39573617, "otherExpenses": -537812, "operatingExpenses": 39573617, "costAndExpenses": 75531452, "interestIncome": 0, "interestExpense": 8737142, "depreciationAndAmortization": 5945077, "ebitda": -6973411, "ebitdaratio": -0.1104247872, "operatingIncome": -12380676, "operatingIncomeRatio": -0.1960494674, "totalOtherIncomeExpensesNet": -537812, "incomeBeforeTax": -21655630, "incomeBeforeTaxRatio": -0.3429194599, "incomeTaxExpense": 31525, "netIncome": -21687155, "netIncomeRatio": -0.343418662, "eps": -1.04, "epsdiluted": -1.04, "weightedAverageShsOut": 20758325, "weightedAverageShsOutDil": 20758325, "link": "", "finalLink": "", "calculatedOtherExpenses": 0, "calculatedOperatingExpenses": 39573617, "calculatedNetInterest": -8737142, "calculatedOtherIncome": -537812, "calculatedIncomeNonControlling": 0, "calculatedEbitda": -6435599}, {"date": "2012-12-31", "symbol": "FRPT", "reportedCurrency": "USD", "cik": "0001611647", "fillingDate": "2012-12-31", "acceptedDate": "2012-12-30 19:00:00", "calendarYear": "2012", "period": "FY", "revenue": 43519461, "costOfRevenue": 22881333, "grossProfit": 20638128, "grossProfitRatio": 0.4742275645, "researchAndDevelopmentExpenses": 0, "generalAndAdministrativeExpenses": 19548789, "sellingAndMarketingExpenses": 15836530, "sellingGeneralAndAdministrativeExpenses": 35385319, "otherExpenses": -343212, "operatingExpenses": 35385319, "costAndExpenses": 58266652, "interestIncome": 0, "interestExpense": 3533319, "depreciationAndAmortization": 4728005, "ebitda": -10362398, "ebitdaratio": -0.2381095207, "operatingIncome": -14747191, "operatingIncomeRatio": -0.3388642842, "totalOtherIncomeExpensesNet": -343212, "incomeBeforeTax": -18623722, "incomeBeforeTaxRatio": -0.4279400887, "incomeTaxExpense": 32776, "netIncome": -18656498, "netIncomeRatio": -0.428693223, "eps": -0.9, "epsdiluted": -0.9, "weightedAverageShsOut": 20758325, "weightedAverageShsOutDil": 20758325, "link": "", "finalLink": "", "calculatedOtherExpenses": 0, "calculatedOperatingExpenses": 35385319, "calculatedNetInterest": -3533319, "calculatedOtherIncome": -343212, "calculatedIncomeNonControlling": 0, "calculatedEbitda": -10019186}]}