{"originalCurrency": "USD", "convertedCurrency": "USD", "report": [{"date": "2023-12-31", "symbol": "FRSH", "reportedCurrency": "USD", "cik": "0001544522", "fillingDate": "2024-02-16", "acceptedDate": "2024-02-16 17:02:12", "calendarYear": "2023", "period": "FY", "revenue": 596432000, "costOfRevenue": 103369000, "grossProfit": 493063000, "grossProfitRatio": 0.8266877029, "researchAndDevelopmentExpenses": 137756000, "generalAndAdministrativeExpenses": 167698000, "sellingAndMarketingExpenses": 357781000, "sellingGeneralAndAdministrativeExpenses": 525479000, "otherExpenses": 508000, "operatingExpenses": 663235000, "costAndExpenses": 766604000, "interestIncome": 45895000, "interestExpense": 0, "depreciationAndAmortization": 12144000, "ebitda": -158028000, "ebitdaratio": -0.2649556027, "operatingIncome": -170172000, "operatingIncomeRatio": -0.2853166832, "totalOtherIncomeExpensesNet": 46403000, "incomeBeforeTax": -123769000, "incomeBeforeTaxRatio": -0.2075156933, "incomeTaxExpense": 13667000, "netIncome": -137436000, "netIncomeRatio": -0.2304302921, "eps": -0.47, "epsdiluted": -0.47, "weightedAverageShsOut": 293087000, "weightedAverageShsOutDil": 293087000, "link": "https://www.sec.gov/Archives/edgar/data/1544522/000154452224000012/0001544522-24-000012-index.htm", "finalLink": "https://www.sec.gov/Archives/edgar/data/1544522/000154452224000012/frsh-20231231.htm", "calculatedOtherExpenses": 0, "calculatedOperatingExpenses": 663235000, "calculatedNetInterest": 45895000, "calculatedOtherIncome": 508000, "calculatedIncomeNonControlling": 0, "calculatedEbitda": -158028000}, {"date": "2022-12-31", "symbol": "FRSH", "reportedCurrency": "USD", "cik": "0001544522", "fillingDate": "2023-02-23", "acceptedDate": "2023-02-23 16:05:01", "calendarYear": "2022", "period": "FY", "revenue": 497999000, "costOfRevenue": 95772000, "grossProfit": 402227000, "grossProfitRatio": 0.8076863608, "researchAndDevelopmentExpenses": 135543000, "generalAndAdministrativeExpenses": 156849000, "sellingAndMarketingExpenses": 343207000, "sellingGeneralAndAdministrativeExpenses": 500056000, "otherExpenses": -2189000, "operatingExpenses": 635599000, "costAndExpenses": 731371000, "interestIncome": 14771000, "interestExpense": 14771000, "depreciationAndAmortization": 11504000, "ebitda": -221868000, "ebitdaratio": -0.4455189669, "operatingIncome": -233372000, "operatingIncomeRatio": -0.4686194149, "totalOtherIncomeExpensesNet": 12582000, "incomeBeforeTax": -220790000, "incomeBeforeTaxRatio": -0.4433543039, "incomeTaxExpense": 11342000, "netIncome": -232132000, "netIncomeRatio": -0.4661294501, "eps": -0.82, "epsdiluted": -0.82, "weightedAverageShsOut": 284587000, "weightedAverageShsOutDil": 284587000, "link": "https://www.sec.gov/Archives/edgar/data/1544522/000154452223000016/0001544522-23-000016-index.htm", "finalLink": "https://www.sec.gov/Archives/edgar/data/1544522/000154452223000016/frsh-20221231.htm", "calculatedOtherExpenses": 0, "calculatedOperatingExpenses": 635599000, "calculatedNetInterest": 0, "calculatedOtherIncome": 12582000, "calculatedIncomeNonControlling": 0, "calculatedEbitda": -221868000}, {"date": "2021-12-31", "symbol": "FRSH", "reportedCurrency": "USD", "cik": "0001544522", "fillingDate": "2022-02-23", "acceptedDate": "2022-02-23 16:55:30", "calendarYear": "2021", "period": "FY", "revenue": 371022000, "costOfRevenue": 78030000, "grossProfit": 292992000, "grossProfitRatio": 0.7896890211, "researchAndDevelopmentExpenses": 120407000, "generalAndAdministrativeExpenses": 117022000, "sellingAndMarketingExpenses": 260345000, "sellingGeneralAndAdministrativeExpenses": 377367000, "otherExpenses": 20849000, "operatingExpenses": 497774000, "costAndExpenses": 575804000, "interestIncome": 2454000, "interestExpense": 0, "depreciationAndAmortization": 13294000, "ebitda": -191488000, "ebitdaratio": -0.5161095568, "operatingIncome": -204782000, "operatingIncomeRatio": -0.5519403162, "totalOtherIncomeExpensesNet": 23303000, "incomeBeforeTax": -181479000, "incomeBeforeTaxRatio": -0.4891327199, "incomeTaxExpense": 10516000, "netIncome": -191995000, "netIncomeRatio": -0.5174760526, "eps": -1.47, "epsdiluted": -1.47, "weightedAverageShsOut": 130652000, "weightedAverageShsOutDil": 130652000, "link": "https://www.sec.gov/Archives/edgar/data/1544522/000162828022003537/0001628280-22-003537-index.htm", "finalLink": "https://www.sec.gov/Archives/edgar/data/1544522/000162828022003537/frsh-20211231.htm", "calculatedOtherExpenses": 0, "calculatedOperatingExpenses": 497774000, "calculatedNetInterest": 2454000, "calculatedOtherIncome": 20849000, "calculatedIncomeNonControlling": 0, "calculatedEbitda": -191488000}, {"date": "2020-12-31", "symbol": "FRSH", "reportedCurrency": "USD", "cik": "0001544522", "fillingDate": "2020-12-31", "acceptedDate": "2020-12-31 00:00:00", "calendarYear": "2020", "period": "FY", "revenue": 249659000, "costOfRevenue": 52492000, "grossProfit": 197167000, "grossProfitRatio": 0.7897452125, "researchAndDevelopmentExpenses": 69210000, "generalAndAdministrativeExpenses": 50792000, "sellingAndMarketingExpenses": 133277000, "sellingGeneralAndAdministrativeExpenses": 184069000, "otherExpenses": -1377000, "operatingExpenses": 253279000, "costAndExpenses": 305771000, "interestIncome": 4210000, "interestExpense": 0, "depreciationAndAmortization": 11169000, "ebitda": -44943000, "ebitdaratio": -0.1800175439, "operatingIncome": -56112000, "operatingIncomeRatio": -0.2247545652, "totalOtherIncomeExpensesNet": 2833000, "incomeBeforeTax": -53279000, "incomeBeforeTaxRatio": -0.2134070873, "incomeTaxExpense": 4015000, "netIncome": -57294000, "netIncomeRatio": -0.229489023, "eps": -0.23, "epsdiluted": -0.23, "weightedAverageShsOut": 252901000, "weightedAverageShsOutDil": 252901000, "link": null, "finalLink": null, "calculatedOtherExpenses": 0, "calculatedOperatingExpenses": 253279000, "calculatedNetInterest": 4210000, "calculatedOtherIncome": -1377000, "calculatedIncomeNonControlling": 0, "calculatedEbitda": -44943000}, {"date": "2019-12-31", "symbol": "FRSH", "reportedCurrency": "USD", "cik": "0001544522", "fillingDate": "2019-12-31", "acceptedDate": "2019-12-31 00:00:00", "calendarYear": "2019", "period": "FY", "revenue": 172377000, "costOfRevenue": 36462000, "grossProfit": 135915000, "grossProfitRatio": 0.7884752606, "researchAndDevelopmentExpenses": 38559000, "generalAndAdministrativeExpenses": 15911000, "sellingAndMarketingExpenses": 111115000, "sellingGeneralAndAdministrativeExpenses": 127026000, "otherExpenses": 904000, "operatingExpenses": 165585000, "costAndExpenses": 202047000, "interestIncome": 1276000, "interestExpense": 0, "depreciationAndAmortization": 6260000, "ebitda": -23410000, "ebitdaratio": -0.1358069812, "operatingIncome": -29670000, "operatingIncomeRatio": -0.172122731, "totalOtherIncomeExpensesNet": 2180000, "incomeBeforeTax": -27490000, "incomeBeforeTaxRatio": -0.1594760322, "incomeTaxExpense": 3635000, "netIncome": -31125000, "netIncomeRatio": -0.1805635323, "eps": -0.12, "epsdiluted": -0.12, "weightedAverageShsOut": 252901000, "weightedAverageShsOutDil": 252901000, "link": null, "finalLink": null, "calculatedOtherExpenses": 0, "calculatedOperatingExpenses": 165585000, "calculatedNetInterest": 1276000, "calculatedOtherIncome": 904000, "calculatedIncomeNonControlling": 0, "calculatedEbitda": -23410000}, {"date": "2018-12-31", "symbol": "FRSH", "reportedCurrency": "USD", "cik": "0001544522", "fillingDate": "2019-03-14", "acceptedDate": "2019-03-14 16:59:39", "calendarYear": "2018", "period": "FY", "revenue": 126429000, "costOfRevenue": 20415000, "grossProfit": 106014000, "grossProfitRatio": 0.8385259711, "researchAndDevelopmentExpenses": 0, "generalAndAdministrativeExpenses": 49731000, "sellingAndMarketingExpenses": 0, "sellingGeneralAndAdministrativeExpenses": 49731000, "otherExpenses": 16235000, "operatingExpenses": 65966000, "costAndExpenses": 115160000, "interestIncome": 0, "interestExpense": 5212000, "depreciationAndAmortization": 7241000, "ebitda": 18260000, "ebitdaratio": 0.1444288889, "operatingIncome": 11269000, "operatingIncomeRatio": 0.0891330312, "totalOtherIncomeExpensesNet": -5462000, "incomeBeforeTax": 5807000, "incomeBeforeTaxRatio": 0.0459309177, "incomeTaxExpense": 1483000, "netIncome": 4324000, "netIncomeRatio": 0.034201014, "eps": 0.25, "epsdiluted": 0.25, "weightedAverageShsOut": 17000858, "weightedAverageShsOutDil": 17000858, "link": "https://www.sec.gov/Archives/edgar/data/1592379/000159237919000013/0001592379-19-000013-index.html", "finalLink": "https://www.sec.gov/Archives/edgar/data/1592379/000159237919000013/frsh201810k.htm", "calculatedOtherExpenses": 45014000, "calculatedOperatingExpenses": 94745000, "calculatedNetInterest": -5212000, "calculatedOtherIncome": -250000, "calculatedIncomeNonControlling": 0, "calculatedEbitda": 18510000}, {"date": "2017-12-31", "symbol": "FRSH", "reportedCurrency": "USD", "cik": "0001544522", "fillingDate": "2018-03-15", "acceptedDate": "2018-03-14 18:05:52", "calendarYear": "2017", "period": "FY", "revenue": 118661000, "costOfRevenue": 25958000, "grossProfit": 92703000, "grossProfitRatio": 0.7812423627, "researchAndDevelopmentExpenses": 0, "generalAndAdministrativeExpenses": 33870000, "sellingAndMarketingExpenses": 0, "sellingGeneralAndAdministrativeExpenses": 33870000, "otherExpenses": 3143000, "operatingExpenses": 37013000, "costAndExpenses": 132929000, "interestIncome": 0, "interestExpense": 5078000, "depreciationAndAmortization": 10452000, "ebitda": -4020000, "ebitdaratio": -0.0338780223, "operatingIncome": -14268000, "operatingIncomeRatio": -0.1202416969, "totalOtherIncomeExpensesNet": -5282000, "incomeBeforeTax": -19550000, "incomeBeforeTaxRatio": -0.1647550585, "incomeTaxExpense": -19543000, "netIncome": -7000, "netIncomeRatio": -5.89916e-05, "eps": -0.0004, "epsdiluted": -0.0004, "weightedAverageShsOut": 16870013, "weightedAverageShsOutDil": 16870013, "link": "https://www.sec.gov/Archives/edgar/data/1592379/000159237918000007/0001592379-18-000007-index.html", "finalLink": "https://www.sec.gov/Archives/edgar/data/1592379/000159237918000007/frsh201710k.htm", "calculatedOtherExpenses": 73101000, "calculatedOperatingExpenses": 106971000, "calculatedNetInterest": -5078000, "calculatedOtherIncome": -204000, "calculatedIncomeNonControlling": 0, "calculatedEbitda": -3816000}, {"date": "2016-12-31", "symbol": "FRSH", "reportedCurrency": "USD", "cik": "0001544522", "fillingDate": "2017-03-16", "acceptedDate": "2017-03-15 17:56:47", "calendarYear": "2016", "period": "FY", "revenue": 126883000, "costOfRevenue": 28347000, "grossProfit": 98536000, "grossProfitRatio": 0.7765894564, "researchAndDevelopmentExpenses": 0, "generalAndAdministrativeExpenses": 28108000, "sellingAndMarketingExpenses": 0, "sellingGeneralAndAdministrativeExpenses": 28108000, "otherExpenses": 3335000, "operatingExpenses": 31443000, "costAndExpenses": 117235000, "interestIncome": 0, "interestExpense": 0, "depreciationAndAmortization": 12236000, "ebitda": 16828000, "ebitdaratio": 0.1326261201, "operatingIncome": 9648000, "operatingIncomeRatio": 0.0760385552, "totalOtherIncomeExpensesNet": -5056000, "incomeBeforeTax": 4592000, "incomeBeforeTaxRatio": 0.0361908215, "incomeTaxExpense": 1943000, "netIncome": 2649000, "netIncomeRatio": 0.0208775013, "eps": 0.16, "epsdiluted": 0.16, "weightedAverageShsOut": 16743285, "weightedAverageShsOutDil": 16773493, "link": "https://www.sec.gov/Archives/edgar/data/1592379/000159237917000029/0001592379-17-000029-index.html", "finalLink": "https://www.sec.gov/Archives/edgar/data/1592379/000159237917000029/frsh201610k.htm", "calculatedOtherExpenses": 60780000, "calculatedOperatingExpenses": 88888000, "calculatedNetInterest": 0, "calculatedOtherIncome": -5056000, "calculatedIncomeNonControlling": 0, "calculatedEbitda": 21884000}, {"date": "2015-12-28", "symbol": "FRSH", "reportedCurrency": "USD", "cik": "0001544522", "fillingDate": "2016-03-09", "acceptedDate": "2016-03-09 16:46:44", "calendarYear": "2015", "period": "FY", "revenue": 120209000, "costOfRevenue": 26603000, "grossProfit": 93606000, "grossProfitRatio": 0.778693775, "researchAndDevelopmentExpenses": 0, "generalAndAdministrativeExpenses": 28207000, "sellingAndMarketingExpenses": 0, "sellingGeneralAndAdministrativeExpenses": 28207000, "otherExpenses": 3365000, "operatingExpenses": 31572000, "costAndExpenses": 104574000, "interestIncome": 0, "interestExpense": 0, "depreciationAndAmortization": 10002000, "ebitda": 16981000, "ebitdaratio": 0.1412623015, "operatingIncome": 15635000, "operatingIncomeRatio": 0.1300651366, "totalOtherIncomeExpensesNet": -9156000, "incomeBeforeTax": 6479000, "incomeBeforeTaxRatio": 0.0538977947, "incomeTaxExpense": 2068000, "netIncome": 4911000, "netIncomeRatio": 0.0408538462, "eps": 0.29, "epsdiluted": 0.29, "weightedAverageShsOut": 16653127, "weightedAverageShsOutDil": 16870693, "link": "https://www.sec.gov/Archives/edgar/data/1592379/000159237916000111/0001592379-16-000111-index.html", "finalLink": "https://www.sec.gov/Archives/edgar/data/1592379/000159237916000111/frsh201510k.htm", "calculatedOtherExpenses": 49764000, "calculatedOperatingExpenses": 77971000, "calculatedNetInterest": 0, "calculatedOtherIncome": -9156000, "calculatedIncomeNonControlling": -500000, "calculatedEbitda": 25637000}, {"date": "2014-12-29", "symbol": "FRSH", "reportedCurrency": "USD", "cik": "0001544522", "fillingDate": "2015-03-18", "acceptedDate": "2015-03-17 17:52:37", "calendarYear": "2014", "period": "FY", "revenue": 97399000, "costOfRevenue": 19686000, "grossProfit": 77713000, "grossProfitRatio": 0.7978829351, "researchAndDevelopmentExpenses": 0, "generalAndAdministrativeExpenses": 29263000, "sellingAndMarketingExpenses": 0, "sellingGeneralAndAdministrativeExpenses": 29263000, "otherExpenses": 5041000, "operatingExpenses": 34304000, "costAndExpenses": 82094000, "interestIncome": 0, "interestExpense": 8098000, "depreciationAndAmortization": 8615000, "ebitda": 19196000, "ebitdaratio": 0.1970862124, "operatingIncome": 15305000, "operatingIncomeRatio": 0.1571371369, "totalOtherIncomeExpensesNet": -12822000, "incomeBeforeTax": 2483000, "incomeBeforeTaxRatio": 0.0254930749, "incomeTaxExpense": 1235000, "netIncome": 1248000, "netIncomeRatio": 0.0128132732, "eps": 0.1, "epsdiluted": 0.1, "weightedAverageShsOut": 12101236, "weightedAverageShsOutDil": 12101236, "link": "https://www.sec.gov/Archives/edgar/data/1592379/000159237915000020/0001592379-15-000020-index.htm", "finalLink": "https://www.sec.gov/Archives/edgar/data/1592379/000159237915000020/frsh201410k.htm", "calculatedOtherExpenses": 33145000, "calculatedOperatingExpenses": 62408000, "calculatedNetInterest": -8098000, "calculatedOtherIncome": -4724000, "calculatedIncomeNonControlling": 0, "calculatedEbitda": 23920000}]}