{"originalCurrency": "USD", "convertedCurrency": "USD", "report": [{"date": "2023-12-31", "symbol": "FRT", "reportedCurrency": "USD", "cik": "0000034903", "fillingDate": "2024-02-12", "acceptedDate": "2024-02-12 16:14:54", "calendarYear": "2023", "period": "FY", "revenue": 1132154000, "costOfRevenue": 363095000, "grossProfit": 769059000, "grossProfitRatio": 0.67928833, "researchAndDevelopmentExpenses": 0, "generalAndAdministrativeExpenses": 50707000, "sellingAndMarketingExpenses": 7978000, "sellingGeneralAndAdministrativeExpenses": 50707000, "otherExpenses": 321763000, "operatingExpenses": 372470000, "costAndExpenses": 735565000, "interestIncome": 4687000, "interestExpense": 167809000, "depreciationAndAmortization": 321763000, "ebitda": 726908000, "ebitdaratio": 0.6420575293, "operatingIncome": 406470000, "operatingIncomeRatio": 0.3590235957, "totalOtherIncomeExpensesNet": 13750000, "incomeBeforeTax": 247217000, "incomeBeforeTaxRatio": 0.2183598698, "incomeTaxExpense": 181910000, "netIncome": 236985000, "netIncomeRatio": 0.20932223, "eps": 2.8, "epsdiluted": 2.8, "weightedAverageShsOut": 81313000, "weightedAverageShsOutDil": 81313000, "link": "https://www.sec.gov/Archives/edgar/data/34903/000003490324000032/0000034903-24-000032-index.htm", "finalLink": "https://www.sec.gov/Archives/edgar/data/34903/000003490324000032/frt-20231231.htm", "calculatedOtherExpenses": 311882000, "calculatedOperatingExpenses": 362589000, "calculatedNetInterest": -163122000, "calculatedOtherIncome": 3869000, "calculatedIncomeNonControlling": -171678000, "calculatedEbitda": 728233000}, {"date": "2022-12-31", "symbol": "FRT", "reportedCurrency": "USD", "cik": "0000034903", "fillingDate": "2023-02-08", "acceptedDate": "2023-02-08 16:13:24", "calendarYear": "2022", "period": "FY", "revenue": 1074378000, "costOfRevenue": 356782000, "grossProfit": 717596000, "grossProfitRatio": 0.667917623, "researchAndDevelopmentExpenses": 0, "generalAndAdministrativeExpenses": 52636000, "sellingAndMarketingExpenses": 7814000, "sellingGeneralAndAdministrativeExpenses": 52636000, "otherExpenses": 302409000, "operatingExpenses": 355045000, "costAndExpenses": 711827000, "interestIncome": 1072000, "interestExpense": 136989000, "depreciationAndAmortization": 302409000, "ebitda": 671202000, "ebitdaratio": 0.6247354283, "operatingIncome": 368793000, "operatingIncomeRatio": 0.3432618687, "totalOtherIncomeExpensesNet": 26868000, "incomeBeforeTax": 395661000, "incomeBeforeTaxRatio": 0.3682698268, "incomeTaxExpense": 140917000, "netIncome": 254744000, "netIncomeRatio": 0.2371083548, "eps": 3.19, "epsdiluted": 3.16, "weightedAverageShsOut": 79854000, "weightedAverageShsOutDil": 80508000, "link": "https://www.sec.gov/Archives/edgar/data/34903/000003490323000020/0000034903-23-000020-index.htm", "finalLink": "https://www.sec.gov/Archives/edgar/data/34903/000003490323000020/frt-20221231.htm", "calculatedOtherExpenses": 296167000, "calculatedOperatingExpenses": 348803000, "calculatedNetInterest": -135917000, "calculatedOtherIncome": 162785000, "calculatedIncomeNonControlling": 0, "calculatedEbitda": 671202000}, {"date": "2021-12-31", "symbol": "FRT", "reportedCurrency": "USD", "cik": "0000034903", "fillingDate": "2022-02-10", "acceptedDate": "2022-02-10 16:11:25", "calendarYear": "2021", "period": "FY", "revenue": 951224000, "costOfRevenue": 316617000, "grossProfit": 634607000, "grossProfitRatio": 0.6671478011, "researchAndDevelopmentExpenses": 0, "generalAndAdministrativeExpenses": 49856000, "sellingAndMarketingExpenses": 7481000, "sellingGeneralAndAdministrativeExpenses": 49856000, "otherExpenses": 279976000, "operatingExpenses": 329832000, "costAndExpenses": 646449000, "interestIncome": 809000, "interestExpense": 127698000, "depreciationAndAmortization": 279976000, "ebitda": 586805000, "ebitdaratio": 0.6168946536, "operatingIncome": 306829000, "operatingIncomeRatio": 0.3225622987, "totalOtherIncomeExpensesNet": -37748000, "incomeBeforeTax": 269081000, "incomeBeforeTaxRatio": 0.282878691, "incomeTaxExpense": 136526000, "netIncome": 132555000, "netIncomeRatio": 0.1393520349, "eps": 1.71, "epsdiluted": 1.71, "weightedAverageShsOut": 77336000, "weightedAverageShsOutDil": 77368000, "link": "https://www.sec.gov/Archives/edgar/data/34903/000003490322000023/0000034903-22-000023-index.htm", "finalLink": "https://www.sec.gov/Archives/edgar/data/34903/000003490322000023/frt-20211231.htm", "calculatedOtherExpenses": 277922000, "calculatedOperatingExpenses": 327778000, "calculatedNetInterest": -126889000, "calculatedOtherIncome": 89141000, "calculatedIncomeNonControlling": 0, "calculatedEbitda": 586805000}, {"date": "2020-12-31", "symbol": "FRT", "reportedCurrency": "USD", "cik": "0000034903", "fillingDate": "2021-02-11", "acceptedDate": "2021-02-11 16:14:25", "calendarYear": "2020", "period": "FY", "revenue": 835494000, "costOfRevenue": 290162000, "grossProfit": 545332000, "grossProfitRatio": 0.6527060637, "researchAndDevelopmentExpenses": 0, "generalAndAdministrativeExpenses": 41680000, "sellingAndMarketingExpenses": 6432000, "sellingGeneralAndAdministrativeExpenses": 41680000, "otherExpenses": 255027000, "operatingExpenses": 296707000, "costAndExpenses": 586869000, "interestIncome": 1894000, "interestExpense": 136289000, "depreciationAndAmortization": 207960000, "ebitda": 497484000, "ebitdaratio": 0.5954369511, "operatingIncome": 289524000, "operatingIncomeRatio": 0.3465303162, "totalOtherIncomeExpensesNet": -153636000, "incomeBeforeTax": 135888000, "incomeBeforeTaxRatio": 0.1626438969, "incomeTaxExpense": 132409000, "netIncome": 3479000, "netIncomeRatio": 0.0041640036, "eps": 0.0461, "epsdiluted": 0.0461, "weightedAverageShsOut": 75515000, "weightedAverageShsOutDil": 75515000, "link": "https://www.sec.gov/Archives/edgar/data/34903/000003490321000020/0000034903-21-000020-index.htm", "finalLink": "https://www.sec.gov/Archives/edgar/data/34903/000003490321000020/frt-20201231.htm", "calculatedOtherExpenses": 214128000, "calculatedOperatingExpenses": 255808000, "calculatedNetInterest": -134395000, "calculatedOtherIncome": -19241000, "calculatedIncomeNonControlling": 0, "calculatedEbitda": 497484000}, {"date": "2019-12-31", "symbol": "FRT", "reportedCurrency": "USD", "cik": "0000034903", "fillingDate": "2020-02-10", "acceptedDate": "2020-02-10 16:16:11", "calendarYear": "2019", "period": "FY", "revenue": 935788000, "costOfRevenue": 298758000, "grossProfit": 637030000, "grossProfitRatio": 0.6807417919, "researchAndDevelopmentExpenses": 0, "generalAndAdministrativeExpenses": 42754000, "sellingAndMarketingExpenses": 7427000, "sellingGeneralAndAdministrativeExpenses": 42754000, "otherExpenses": 239758000, "operatingExpenses": 282512000, "costAndExpenses": 581270000, "interestIncome": 1266000, "interestExpense": 109623000, "depreciationAndAmortization": 239758000, "ebitda": 593530000, "ebitdaratio": 0.6342569043, "operatingIncome": 353772000, "operatingIncomeRatio": 0.3780471645, "totalOtherIncomeExpensesNet": 6770000, "incomeBeforeTax": 360542000, "incomeBeforeTaxRatio": 0.3852817091, "incomeTaxExpense": 114287000, "netIncome": 246255000, "netIncomeRatio": 0.2631525516, "eps": 3.29, "epsdiluted": 3.29, "weightedAverageShsOut": 74766000, "weightedAverageShsOutDil": 74766000, "link": "https://www.sec.gov/Archives/edgar/data/34903/000003490320000008/0000034903-20-000008-index.htm", "finalLink": "https://www.sec.gov/Archives/edgar/data/34903/000003490320000008/frt-1231201910k.htm", "calculatedOtherExpenses": 240504000, "calculatedOperatingExpenses": 283258000, "calculatedNetInterest": -108357000, "calculatedOtherIncome": 115127000, "calculatedIncomeNonControlling": 0, "calculatedEbitda": 593530000}, {"date": "2018-12-31", "symbol": "FRT", "reportedCurrency": "USD", "cik": "0000034903", "fillingDate": "2019-02-13", "acceptedDate": "2019-02-13 16:19:29", "calendarYear": "2018", "period": "FY", "revenue": 915436000, "costOfRevenue": 287870000, "grossProfit": 627566000, "grossProfitRatio": 0.6855378202, "researchAndDevelopmentExpenses": 0, "generalAndAdministrativeExpenses": 33600000, "sellingAndMarketingExpenses": 0, "sellingGeneralAndAdministrativeExpenses": 33600000, "otherExpenses": 244245000, "operatingExpenses": 277845000, "costAndExpenses": 565715000, "interestIncome": 942000, "interestExpense": 110154000, "depreciationAndAmortization": 244245000, "ebitda": 591510000, "ebitdaratio": 0.6461511236, "operatingIncome": 349721000, "operatingIncomeRatio": 0.3820267064, "totalOtherIncomeExpensesNet": -3398000, "incomeBeforeTax": 237111000, "incomeBeforeTaxRatio": 0.2590142839, "incomeTaxExpense": -4796000, "netIncome": 241907000, "netIncomeRatio": 0.2642533175, "eps": 3.3, "epsdiluted": 3.3, "weightedAverageShsOut": 73274000, "weightedAverageShsOutDil": 73302000, "link": "https://www.sec.gov/Archives/edgar/data/34903/000003490319000013/0000034903-19-000013-index.htm", "finalLink": "https://www.sec.gov/Archives/edgar/data/34903/000003490319000013/frt-1231201810k.htm", "calculatedOtherExpenses": 244245000, "calculatedOperatingExpenses": 277845000, "calculatedNetInterest": -109212000, "calculatedOtherIncome": -3398000, "calculatedIncomeNonControlling": 0, "calculatedEbitda": 593966000}, {"date": "2017-12-31", "symbol": "FRT", "reportedCurrency": "USD", "cik": "0000034903", "fillingDate": "2018-02-13", "acceptedDate": "2018-02-13 16:27:50", "calendarYear": "2017", "period": "FY", "revenue": 857348000, "costOfRevenue": 272729000, "grossProfit": 584619000, "grossProfitRatio": 0.6818923004, "researchAndDevelopmentExpenses": 0, "generalAndAdministrativeExpenses": 36281000, "sellingAndMarketingExpenses": 0, "sellingGeneralAndAdministrativeExpenses": 36281000, "otherExpenses": 216050000, "operatingExpenses": 252331000, "costAndExpenses": 525060000, "interestIncome": 475000, "interestExpense": 100125000, "depreciationAndAmortization": 216050000, "ebitda": 548396000, "ebitdaratio": 0.6396422456, "operatingIncome": 332288000, "operatingIncomeRatio": 0.3875765733, "totalOtherIncomeExpensesNet": -12690000, "incomeBeforeTax": 219948000, "incomeBeforeTaxRatio": 0.2565446003, "incomeTaxExpense": -69966000, "netIncome": 289914000, "netIncomeRatio": 0.3381520689, "eps": 3.97, "epsdiluted": 3.97, "weightedAverageShsOut": 72117000, "weightedAverageShsOutDil": 72233000, "link": "https://www.sec.gov/Archives/edgar/data/34903/000003490318000009/0000034903-18-000009-index.htm", "finalLink": "https://www.sec.gov/Archives/edgar/data/34903/000003490318000009/frt-1231201710k.htm", "calculatedOtherExpenses": 216050000, "calculatedOperatingExpenses": 252331000, "calculatedNetInterest": -99650000, "calculatedOtherIncome": -12690000, "calculatedIncomeNonControlling": 0, "calculatedEbitda": 548338000}, {"date": "2016-12-31", "symbol": "FRT", "reportedCurrency": "USD", "cik": "0000034903", "fillingDate": "2017-02-13", "acceptedDate": "2017-02-13 16:19:07", "calendarYear": "2016", "period": "FY", "revenue": 801591000, "costOfRevenue": 253612000, "grossProfit": 547979000, "grossProfitRatio": 0.6836142122, "researchAndDevelopmentExpenses": 0, "generalAndAdministrativeExpenses": 33399000, "sellingAndMarketingExpenses": 0, "sellingGeneralAndAdministrativeExpenses": 33399000, "otherExpenses": 193585000, "operatingExpenses": 226984000, "costAndExpenses": 480596000, "interestIncome": 374000, "interestExpense": 94994000, "depreciationAndAmortization": 193585000, "ebitda": 515004000, "ebitdaratio": 0.6424772733, "operatingIncome": 320995000, "operatingIncomeRatio": 0.4004473603, "totalOtherIncomeExpensesNet": 50000, "incomeBeforeTax": 226425000, "incomeBeforeTaxRatio": 0.2824694888, "incomeTaxExpense": -23485000, "netIncome": 249910000, "netIncomeRatio": 0.3117674724, "eps": 3.51, "epsdiluted": 3.5, "weightedAverageShsOut": 70877000, "weightedAverageShsOutDil": 71049000, "link": "https://www.sec.gov/Archives/edgar/data/34903/000003490317000008/0000034903-17-000008-index.htm", "finalLink": "https://www.sec.gov/Archives/edgar/data/34903/000003490317000008/frt-1231201610k.htm", "calculatedOtherExpenses": 193585000, "calculatedOperatingExpenses": 226984000, "calculatedNetInterest": -94620000, "calculatedOtherIncome": 50000, "calculatedIncomeNonControlling": 0, "calculatedEbitda": 514580000}, {"date": "2015-12-31", "symbol": "FRT", "reportedCurrency": "USD", "cik": "0000034903", "fillingDate": "2016-02-09", "acceptedDate": "2016-02-09 16:23:43", "calendarYear": "2015", "period": "FY", "revenue": 744012000, "costOfRevenue": 233417000, "grossProfit": 510595000, "grossProfitRatio": 0.6862725332, "researchAndDevelopmentExpenses": 0, "generalAndAdministrativeExpenses": 35645000, "sellingAndMarketingExpenses": 0, "sellingGeneralAndAdministrativeExpenses": 35645000, "otherExpenses": 174796000, "operatingExpenses": 210441000, "costAndExpenses": 443858000, "interestIncome": 149000, "interestExpense": 92553000, "depreciationAndAmortization": 174796000, "ebitda": 476515000, "ebitdaratio": 0.6404668204, "operatingIncome": 300154000, "operatingIncomeRatio": 0.4034262888, "totalOtherIncomeExpensesNet": -17656000, "incomeBeforeTax": 190094000, "incomeBeforeTaxRatio": 0.2554985672, "incomeTaxExpense": -20125000, "netIncome": 210219000, "netIncomeRatio": 0.2825478621, "eps": 3.04, "epsdiluted": 3.03, "weightedAverageShsOut": 68797000, "weightedAverageShsOutDil": 68981000, "link": "https://www.sec.gov/Archives/edgar/data/34903/000003490316000045/0000034903-16-000045-index.htm", "finalLink": "https://www.sec.gov/Archives/edgar/data/34903/000003490316000045/frt-1231201510k.htm", "calculatedOtherExpenses": 174796000, "calculatedOperatingExpenses": 210441000, "calculatedNetInterest": -92404000, "calculatedOtherIncome": -17656000, "calculatedIncomeNonControlling": 0, "calculatedEbitda": 474950000}, {"date": "2014-12-31", "symbol": "FRT", "reportedCurrency": "USD", "cik": "0000034903", "fillingDate": "2015-02-10", "acceptedDate": "2015-02-10 16:10:36", "calendarYear": "2014", "period": "FY", "revenue": 686090000, "costOfRevenue": 211923000, "grossProfit": 474167000, "grossProfitRatio": 0.6911148683, "researchAndDevelopmentExpenses": 0, "generalAndAdministrativeExpenses": 32316000, "sellingAndMarketingExpenses": 0, "sellingGeneralAndAdministrativeExpenses": 32316000, "otherExpenses": 170814000, "operatingExpenses": 203130000, "costAndExpenses": 415053000, "interestIncome": 94000, "interestExpense": 93941000, "depreciationAndAmortization": 170814000, "ebitda": 443188000, "ebitdaratio": 0.6459619, "operatingIncome": 271037000, "operatingIncomeRatio": 0.3950458395, "totalOtherIncomeExpensesNet": -9302000, "incomeBeforeTax": 167888000, "incomeBeforeTaxRatio": 0.24470259, "incomeTaxExpense": 3353000, "netIncome": 164535000, "netIncomeRatio": 0.2398154761, "eps": 2.42, "epsdiluted": 2.41, "weightedAverageShsOut": 67322000, "weightedAverageShsOutDil": 67492000, "link": "https://www.sec.gov/Archives/edgar/data/34903/000003490315000014/0000034903-15-000014-index.htm", "finalLink": "https://www.sec.gov/Archives/edgar/data/34903/000003490315000014/frt-1231201410k.htm", "calculatedOtherExpenses": 170814000, "calculatedOperatingExpenses": 203130000, "calculatedNetInterest": -93847000, "calculatedOtherIncome": -9302000, "calculatedIncomeNonControlling": 0, "calculatedEbitda": 441851000}, {"date": "2013-12-31", "symbol": "FRT", "reportedCurrency": "USD", "cik": "0000034903", "fillingDate": "2014-02-11", "acceptedDate": "2014-02-11 17:05:39", "calendarYear": "2013", "period": "FY", "revenue": 637413000, "costOfRevenue": 190454000, "grossProfit": 446959000, "grossProfitRatio": 0.7012078511, "researchAndDevelopmentExpenses": 0, "generalAndAdministrativeExpenses": 31970000, "sellingAndMarketingExpenses": 0, "sellingGeneralAndAdministrativeExpenses": 31970000, "otherExpenses": 160828000, "operatingExpenses": 192798000, "costAndExpenses": 383252000, "interestIncome": 433000, "interestExpense": 104977000, "depreciationAndAmortization": 160828000, "ebitda": 416920000, "ebitdaratio": 0.6540814197, "operatingIncome": 254161000, "operatingIncomeRatio": 0.3987383376, "totalOtherIncomeExpensesNet": -11806000, "incomeBeforeTax": 137811000, "incomeBeforeTaxRatio": 0.2162036231, "incomeTaxExpense": -24870000, "netIncome": 162681000, "netIncomeRatio": 0.2552207125, "eps": 2.47, "epsdiluted": 2.46, "weightedAverageShsOut": 65331000, "weightedAverageShsOutDil": 65483000, "link": "https://www.sec.gov/Archives/edgar/data/34903/000003490314000009/0000034903-14-000009-index.htm", "finalLink": "https://www.sec.gov/Archives/edgar/data/34903/000003490314000009/frt-12312013x10k.htm", "calculatedOtherExpenses": 160828000, "calculatedOperatingExpenses": 192798000, "calculatedNetInterest": -104544000, "calculatedOtherIncome": -11806000, "calculatedIncomeNonControlling": 0, "calculatedEbitda": 414989000}, {"date": "2012-12-31", "symbol": "FRT", "reportedCurrency": "USD", "cik": "0000034903", "fillingDate": "2013-02-12", "acceptedDate": "2013-02-12 16:40:10", "calendarYear": "2012", "period": "FY", "revenue": 608018000, "costOfRevenue": 179559000, "grossProfit": 428459000, "grossProfitRatio": 0.7046814404, "researchAndDevelopmentExpenses": 0, "generalAndAdministrativeExpenses": 31158000, "sellingAndMarketingExpenses": 0, "sellingGeneralAndAdministrativeExpenses": 31158000, "otherExpenses": 142039000, "operatingExpenses": 173197000, "costAndExpenses": 352756000, "interestIncome": 689000, "interestExpense": 113336000, "depreciationAndAmortization": 142039000, "ebitda": 399747000, "ebitdaratio": 0.6574591542, "operatingIncome": 255262000, "operatingIncomeRatio": 0.4198263867, "totalOtherIncomeExpensesNet": 1757000, "incomeBeforeTax": 144372000, "incomeBeforeTaxRatio": 0.2374469177, "incomeTaxExpense": -7553000, "netIncome": 151925000, "netIncomeRatio": 0.2498692473, "eps": 2.36, "epsdiluted": 2.35, "weightedAverageShsOut": 63881000, "weightedAverageShsOutDil": 64056000, "link": "https://www.sec.gov/Archives/edgar/data/34903/000003490313000006/0000034903-13-000006-index.htm", "finalLink": "https://www.sec.gov/Archives/edgar/data/34903/000003490313000006/frt-12312012x10k.htm", "calculatedOtherExpenses": 142039000, "calculatedOperatingExpenses": 173197000, "calculatedNetInterest": -112647000, "calculatedOtherIncome": 1757000, "calculatedIncomeNonControlling": 0, "calculatedEbitda": 397301000}, {"date": "2011-12-31", "symbol": "FRT", "reportedCurrency": "USD", "cik": "0000034903", "fillingDate": "2012-02-16", "acceptedDate": "2012-02-15 17:31:50", "calendarYear": "2011", "period": "FY", "revenue": 553059000, "costOfRevenue": 109549000, "grossProfit": 443510000, "grossProfitRatio": 0.8019216756, "researchAndDevelopmentExpenses": 0, "generalAndAdministrativeExpenses": 28985000, "sellingAndMarketingExpenses": 0, "sellingGeneralAndAdministrativeExpenses": 28985000, "otherExpenses": 186828000, "operatingExpenses": 215813000, "costAndExpenses": 325362000, "interestIncome": 218000, "interestExpense": 98465000, "depreciationAndAmortization": 126208000, "ebitda": 353609000, "ebitdaratio": 0.6393693982, "operatingIncome": 227697000, "operatingIncomeRatio": 0.4117047187, "totalOtherIncomeExpensesNet": 2104000, "incomeBeforeTax": 143917000, "incomeBeforeTaxRatio": 0.2602199765, "incomeTaxExpense": -143917000, "netIncome": 143917000, "netIncomeRatio": 0.2602199765, "eps": 2.29, "epsdiluted": 2.28, "weightedAverageShsOut": 62438000, "weightedAverageShsOutDil": 62603000, "link": "https://www.sec.gov/Archives/edgar/data/34903/000003490312000008/0000034903-12-000008-index.htm", "finalLink": "https://www.sec.gov/Archives/edgar/data/34903/000003490312000008/frt-12312011x10k.htm", "calculatedOtherExpenses": 186828000, "calculatedOperatingExpenses": 215813000, "calculatedNetInterest": -98247000, "calculatedOtherIncome": 14467000, "calculatedIncomeNonControlling": 143917000, "calculatedEbitda": 353905000}, {"date": "2010-12-31", "symbol": "FRT", "reportedCurrency": "USD", "cik": "0000034903", "fillingDate": "2011-02-15", "acceptedDate": "2011-02-15 16:37:36", "calendarYear": "2010", "period": "FY", "revenue": 544674000, "costOfRevenue": 170142000, "grossProfit": 374532000, "grossProfitRatio": 0.6876259928, "researchAndDevelopmentExpenses": 0, "generalAndAdministrativeExpenses": 24189000, "sellingAndMarketingExpenses": 0, "sellingGeneralAndAdministrativeExpenses": 24189000, "otherExpenses": 119539000, "operatingExpenses": 143728000, "costAndExpenses": 313870000, "interestIncome": 4857000, "interestExpense": 101882000, "depreciationAndAmortization": 119817000, "ebitda": 353752000, "ebitdaratio": 0.6494747317, "operatingIncome": 230474000, "operatingIncomeRatio": 0.4231411817, "totalOtherIncomeExpensesNet": -2071000, "incomeBeforeTax": 122790000, "incomeBeforeTaxRatio": 0.2254376012, "incomeTaxExpense": -122790000, "netIncome": 122790000, "netIncomeRatio": 0.2254376012, "eps": 1.99, "epsdiluted": 1.98, "weightedAverageShsOut": 61182000, "weightedAverageShsOutDil": 61324000, "link": "https://www.sec.gov/Archives/edgar/data/34903/000119312511036800/0001193125-11-036800-index.htm", "finalLink": "https://www.sec.gov/Archives/edgar/data/34903/000119312511036800/d10k.htm", "calculatedOtherExpenses": 119869000, "calculatedOperatingExpenses": 144058000, "calculatedNetInterest": -97025000, "calculatedOtherIncome": -10659000, "calculatedIncomeNonControlling": 122790000, "calculatedEbitda": 350291000}, {"date": "2009-12-31", "symbol": "FRT", "reportedCurrency": "USD", "cik": "0000034903", "fillingDate": "2010-02-17", "acceptedDate": "2010-02-17 17:09:39", "calendarYear": "2009", "period": "FY", "revenue": 531019000, "costOfRevenue": 108806000, "grossProfit": 422213000, "grossProfitRatio": 0.7950996104, "researchAndDevelopmentExpenses": 0, "generalAndAdministrativeExpenses": 22032000, "sellingAndMarketingExpenses": 0, "sellingGeneralAndAdministrativeExpenses": 22032000, "otherExpenses": 115093000, "operatingExpenses": 195298000, "costAndExpenses": 304104000, "interestIncome": 1894000, "interestExpense": 108781000, "depreciationAndAmortization": 115093000, "ebitda": 361002000, "ebitdaratio": 0.679828782, "operatingIncome": 210560000, "operatingIncomeRatio": 0.3965206518, "totalOtherIncomeExpensesNet": -17672000, "incomeBeforeTax": 98304000, "incomeBeforeTaxRatio": 0.1851233195, "incomeTaxExpense": -98304000, "netIncome": 98304000, "netIncomeRatio": 0.1851233195, "eps": 1.63, "epsdiluted": 1.63, "weightedAverageShsOut": 59704000, "weightedAverageShsOutDil": 59830000, "link": "https://www.sec.gov/Archives/edgar/data/34903/000119312510033308/0001193125-10-033308-index.htm", "finalLink": "https://www.sec.gov/Archives/edgar/data/34903/000119312510033308/d10k.htm", "calculatedOtherExpenses": 189621000, "calculatedOperatingExpenses": 211653000, "calculatedNetInterest": -106887000, "calculatedOtherIncome": -5369000, "calculatedIncomeNonControlling": 98304000, "calculatedEbitda": 325653000}, {"date": "2008-12-31", "symbol": "FRT", "reportedCurrency": "USD", "cik": "0000034903", "fillingDate": "2009-02-26", "acceptedDate": "2009-02-26 12:53:04", "calendarYear": "2008", "period": "FY", "revenue": 520525000, "costOfRevenue": 109718000, "grossProfit": 410807000, "grossProfitRatio": 0.7892166563, "researchAndDevelopmentExpenses": 0, "generalAndAdministrativeExpenses": 26732000, "sellingAndMarketingExpenses": 0, "sellingGeneralAndAdministrativeExpenses": 26732000, "otherExpenses": 111022000, "operatingExpenses": 193468000, "costAndExpenses": 303186000, "interestIncome": 916000, "interestExpense": 99163000, "depreciationAndAmortization": 111022000, "ebitda": 333727000, "ebitdaratio": 0.6411353922, "operatingIncome": 217339000, "operatingIncomeRatio": 0.4175380625, "totalOtherIncomeExpensesNet": -3754000, "incomeBeforeTax": 129787000, "incomeBeforeTaxRatio": 0.2493386485, "incomeTaxExpense": -129787000, "netIncome": 129787000, "netIncomeRatio": 0.2493386485, "eps": 2.2, "epsdiluted": 2.19, "weightedAverageShsOut": 58665000, "weightedAverageShsOutDil": 58914000, "link": "https://www.sec.gov/Archives/edgar/data/34903/000119312509038641/0001193125-09-038641-index.htm", "finalLink": "https://www.sec.gov/Archives/edgar/data/34903/000119312509038641/d10k.htm", "calculatedOtherExpenses": 166736000, "calculatedOperatingExpenses": 193468000, "calculatedNetInterest": -98247000, "calculatedOtherIncome": 10695000, "calculatedIncomeNonControlling": 129787000, "calculatedEbitda": 328361000}, {"date": "2007-12-31", "symbol": "FRT", "reportedCurrency": "USD", "cik": "0000034903", "fillingDate": "2008-02-27", "acceptedDate": "2008-02-27 14:26:08", "calendarYear": "2007", "period": "FY", "revenue": 485892000, "costOfRevenue": 147623000, "grossProfit": 338269000, "grossProfitRatio": 0.696181456, "researchAndDevelopmentExpenses": 0, "generalAndAdministrativeExpenses": 25575000, "sellingAndMarketingExpenses": 0, "sellingGeneralAndAdministrativeExpenses": 25575000, "otherExpenses": 249298000, "operatingExpenses": 274873000, "costAndExpenses": 274873000, "interestIncome": 921000, "interestExpense": 111365000, "depreciationAndAmortization": 105966000, "ebitda": 316985000, "ebitdaratio": 0.6523774831, "operatingIncome": 211019000, "operatingIncomeRatio": 0.4342919826, "totalOtherIncomeExpensesNet": 1395000, "incomeBeforeTax": 195537000, "incomeBeforeTaxRatio": 0.4024289348, "incomeTaxExpense": -195537000, "netIncome": 195537000, "netIncomeRatio": 0.4024289348, "eps": 3.48, "epsdiluted": 3.45, "weightedAverageShsOut": 56108000, "weightedAverageShsOutDil": 56543000, "link": "https://www.sec.gov/Archives/edgar/data/34903/000119312508039905/0001193125-08-039905-index.htm", "finalLink": "https://www.sec.gov/Archives/edgar/data/34903/000119312508039905/d10k.htm", "calculatedOtherExpenses": 101675000, "calculatedOperatingExpenses": 127250000, "calculatedNetInterest": -110444000, "calculatedOtherIncome": 94962000, "calculatedIncomeNonControlling": 195537000, "calculatedEbitda": 316985000}, {"date": "2006-12-31", "symbol": "FRT", "reportedCurrency": "USD", "cik": "0000034903", "fillingDate": "2007-03-01", "acceptedDate": "2007-03-01 10:17:57", "calendarYear": "2006", "period": "FY", "revenue": 451022000, "costOfRevenue": 133028000, "grossProfit": 317994000, "grossProfitRatio": 0.7050520817, "researchAndDevelopmentExpenses": 0, "generalAndAdministrativeExpenses": 21340000, "sellingAndMarketingExpenses": 0, "sellingGeneralAndAdministrativeExpenses": 21340000, "otherExpenses": 230646000, "operatingExpenses": 251986000, "costAndExpenses": 251986000, "interestIncome": 0, "interestExpense": 118712000, "depreciationAndAmortization": 97879000, "ebitda": 296915000, "ebitdaratio": 0.6583160023, "operatingIncome": 199036000, "operatingIncomeRatio": 0.4412999809, "totalOtherIncomeExpensesNet": -80324000, "incomeBeforeTax": 118712000, "incomeBeforeTaxRatio": 0.2632066728, "incomeTaxExpense": -118712000, "netIncome": 118712000, "netIncomeRatio": 0.2632066728, "eps": 1.94, "epsdiluted": 1.92, "weightedAverageShsOut": 53469000, "weightedAverageShsOutDil": 53962000, "link": "https://www.sec.gov/Archives/edgar/data/34903/000119312507043678/0001193125-07-043678-index.htm", "finalLink": "https://www.sec.gov/Archives/edgar/data/34903/000119312507043678/d10k.htm", "calculatedOtherExpenses": 97618000, "calculatedOperatingExpenses": 118958000, "calculatedNetInterest": -118712000, "calculatedOtherIncome": 38388000, "calculatedIncomeNonControlling": 118712000, "calculatedEbitda": 296915000}, {"date": "2005-12-31", "symbol": "FRT", "reportedCurrency": "USD", "cik": "0000034903", "fillingDate": "2006-03-03", "acceptedDate": "2006-03-03 09:40:12", "calendarYear": "2005", "period": "FY", "revenue": 410330000, "costOfRevenue": 124650000, "grossProfit": 285680000, "grossProfitRatio": 0.6962201155, "researchAndDevelopmentExpenses": 0, "generalAndAdministrativeExpenses": 19909000, "sellingAndMarketingExpenses": 0, "sellingGeneralAndAdministrativeExpenses": 19909000, "otherExpenses": 214107000, "operatingExpenses": 234016000, "costAndExpenses": 234016000, "interestIncome": 2215000, "interestExpense": 88566000, "depreciationAndAmortization": 91503000, "ebitda": 267817000, "ebitdaratio": 0.6526868618, "operatingIncome": 176314000, "operatingIncomeRatio": 0.4296882997, "totalOtherIncomeExpensesNet": 493000, "incomeBeforeTax": 114612000, "incomeBeforeTaxRatio": 0.2793166476, "incomeTaxExpense": -114612000, "netIncome": 114612000, "netIncomeRatio": 0.2793166476, "eps": 1.96, "epsdiluted": 1.94, "weightedAverageShsOut": 52533000, "weightedAverageShsOutDil": 53050000, "link": "https://www.sec.gov/Archives/edgar/data/34903/000119312506044561/0001193125-06-044561-index.htm", "finalLink": "https://www.sec.gov/Archives/edgar/data/34903/000119312506044561/d10k.htm", "calculatedOtherExpenses": 89457000, "calculatedOperatingExpenses": 109366000, "calculatedNetInterest": -86351000, "calculatedOtherIncome": 24649000, "calculatedIncomeNonControlling": 114612000, "calculatedEbitda": 267817000}, {"date": "2004-12-31", "symbol": "FRT", "reportedCurrency": "USD", "cik": "0000034903", "fillingDate": "2005-03-07", "acceptedDate": "2005-03-07 17:14:41", "calendarYear": "2004", "period": "FY", "revenue": 394274000, "costOfRevenue": 129910000, "grossProfit": 264364000, "grossProfitRatio": 0.6705083267, "researchAndDevelopmentExpenses": 0, "generalAndAdministrativeExpenses": 18164000, "sellingAndMarketingExpenses": 0, "sellingGeneralAndAdministrativeExpenses": 18164000, "otherExpenses": 219619000, "operatingExpenses": 237783000, "costAndExpenses": 237783000, "interestIncome": 1506000, "interestExpense": 85058000, "depreciationAndAmortization": 90438000, "ebitda": 246929000, "ebitdaratio": 0.62628781, "operatingIncome": 156491000, "operatingIncomeRatio": 0.396909256, "totalOtherIncomeExpensesNet": 205000, "incomeBeforeTax": 84156000, "incomeBeforeTaxRatio": 0.2134454719, "incomeTaxExpense": -84156000, "netIncome": 84156000, "netIncomeRatio": 0.2134454719, "eps": 1.42, "epsdiluted": 1.41, "weightedAverageShsOut": 51008000, "weightedAverageShsOutDil": 51547000, "link": "https://www.sec.gov/Archives/edgar/data/34903/000119312505043736/0001193125-05-043736-index.htm", "finalLink": "https://www.sec.gov/Archives/edgar/data/34903/000119312505043736/d10k.htm", "calculatedOtherExpenses": 89709000, "calculatedOperatingExpenses": 107873000, "calculatedNetInterest": -83552000, "calculatedOtherIncome": 11217000, "calculatedIncomeNonControlling": 84156000, "calculatedEbitda": 246929000}, {"date": "2003-12-31", "symbol": "FRT", "reportedCurrency": "USD", "cik": "0000034903", "fillingDate": "2004-03-15", "acceptedDate": "2004-03-12 20:45:30", "calendarYear": "2003", "period": "FY", "revenue": 357876000, "costOfRevenue": 118043000, "grossProfit": 239833000, "grossProfitRatio": 0.6701567023, "researchAndDevelopmentExpenses": 0, "generalAndAdministrativeExpenses": 11820000, "sellingAndMarketingExpenses": 0, "sellingGeneralAndAdministrativeExpenses": 11820000, "otherExpenses": 193132000, "operatingExpenses": 204952000, "costAndExpenses": 204952000, "interestIncome": 0, "interestExpense": 94497000, "depreciationAndAmortization": 74616000, "ebitda": 228013000, "ebitdaratio": 0.6371285026, "operatingIncome": 152924000, "operatingIncomeRatio": 0.427310018, "totalOtherIncomeExpensesNet": -58427000, "incomeBeforeTax": 94497000, "incomeBeforeTaxRatio": 0.2640495591, "incomeTaxExpense": -94497000, "netIncome": 94497000, "netIncomeRatio": 0.2640495591, "eps": 1.6, "epsdiluted": 1.59, "weightedAverageShsOut": 47379000, "weightedAverageShsOutDil": 48619000, "link": "https://www.sec.gov/Archives/edgar/data/34903/000095013304000888/0000950133-04-000888-index.htm", "finalLink": "https://www.sec.gov/Archives/edgar/data/34903/000095013304000888/w94595e10vk.htm", "calculatedOtherExpenses": 75089000, "calculatedOperatingExpenses": 86909000, "calculatedNetInterest": -94497000, "calculatedOtherIncome": 36070000, "calculatedIncomeNonControlling": 94497000, "calculatedEbitda": 227540000}, {"date": "2002-12-31", "symbol": "FRT", "reportedCurrency": "USD", "cik": "0000034903", "fillingDate": "2003-03-26", "acceptedDate": "2003-03-26 17:10:41", "calendarYear": "2002", "period": "FY", "revenue": 318834000, "costOfRevenue": 0, "grossProfit": 318834000, "grossProfitRatio": 1, "researchAndDevelopmentExpenses": 0, "generalAndAdministrativeExpenses": 13790000, "sellingAndMarketingExpenses": 0, "sellingGeneralAndAdministrativeExpenses": 13790000, "otherExpenses": 299136000, "operatingExpenses": 312926000, "costAndExpenses": 312926000, "interestIncome": 0, "interestExpense": 55287000, "depreciationAndAmortization": 64529000, "ebitda": 92706000, "ebitdaratio": 0.2907657276, "operatingIncome": -16361000, "operatingIncomeRatio": -0.0513151044, "totalOtherIncomeExpensesNet": -22269000, "incomeBeforeTax": 55287000, "incomeBeforeTaxRatio": 0.1734037148, "incomeTaxExpense": -55287000, "netIncome": 55287000, "netIncomeRatio": 0.1734037148, "eps": 0.86, "epsdiluted": 0.85, "weightedAverageShsOut": 41624000, "weightedAverageShsOutDil": 42882000, "link": "https://www.sec.gov/Archives/edgar/data/34903/000092838503000860/0000928385-03-000860-index.htm", "finalLink": "https://www.sec.gov/Archives/edgar/data/34903/000092838503000860/d10k.txt", "calculatedOtherExpenses": 321405000, "calculatedOperatingExpenses": 335195000, "calculatedNetInterest": -55287000, "calculatedOtherIncome": 126935000, "calculatedIncomeNonControlling": 55287000, "calculatedEbitda": 48168000}, {"date": "2001-12-31", "symbol": "FRT", "reportedCurrency": "USD", "cik": "0000034903", "fillingDate": "2002-03-22", "acceptedDate": "2002-03-22 00:00:00", "calendarYear": "2001", "period": "FY", "revenue": 300502000, "costOfRevenue": 0, "grossProfit": 300502000, "grossProfitRatio": 1, "researchAndDevelopmentExpenses": 0, "generalAndAdministrativeExpenses": 14281000, "sellingAndMarketingExpenses": 0, "sellingGeneralAndAdministrativeExpenses": 14281000, "otherExpenses": 152167000, "operatingExpenses": 166448000, "costAndExpenses": 166448000, "interestIncome": 0, "interestExpense": 68756000, "depreciationAndAmortization": 59914000, "ebitda": 175598000, "ebitdaratio": 0.5843488562, "operatingIncome": 134054000, "operatingIncomeRatio": 0.4461001923, "totalOtherIncomeExpensesNet": 18370000, "incomeBeforeTax": 68756000, "incomeBeforeTaxRatio": 0.2288038016, "incomeTaxExpense": -68756000, "netIncome": 68756000, "netIncomeRatio": 0.2288038016, "eps": 1.09, "epsdiluted": 1.09, "weightedAverageShsOut": 39164000, "weightedAverageShsOutDil": 40266000, "link": "https://www.sec.gov/Archives/edgar/data/34903/000092838502000915/0000928385-02-000915-index.htm", "finalLink": "https://www.sec.gov/Archives/edgar/data/34903/000092838502000915/d10k405.txt", "calculatedOtherExpenses": 152167000, "calculatedOperatingExpenses": 166448000, "calculatedNetInterest": -68756000, "calculatedOtherIncome": 3458000, "calculatedIncomeNonControlling": 68756000, "calculatedEbitda": 193968000}, {"date": "2000-12-31", "symbol": "FRT", "reportedCurrency": "USD", "cik": "0000034903", "fillingDate": "2001-03-15", "acceptedDate": "2001-03-15 00:00:00", "calendarYear": "2000", "period": "FY", "revenue": 279281000, "costOfRevenue": 0, "grossProfit": 279281000, "grossProfitRatio": 1, "researchAndDevelopmentExpenses": 0, "generalAndAdministrativeExpenses": 13318000, "sellingAndMarketingExpenses": 0, "sellingGeneralAndAdministrativeExpenses": 13318000, "otherExpenses": 136159000, "operatingExpenses": 149477000, "costAndExpenses": 149477000, "interestIncome": 0, "interestExpense": 60523000, "depreciationAndAmortization": 53259000, "ebitda": 175701000, "ebitdaratio": 0.6291190593, "operatingIncome": 129804000, "operatingIncomeRatio": 0.4647792009, "totalOtherIncomeExpensesNet": 7362000, "incomeBeforeTax": 60523000, "incomeBeforeTaxRatio": 0.2167100519, "incomeTaxExpense": -60523000, "netIncome": 60523000, "netIncomeRatio": 0.2167100519, "eps": 1.36, "epsdiluted": 1.35, "weightedAverageShsOut": 38796000, "weightedAverageShsOutDil": 39910000, "link": "https://www.sec.gov/Archives/edgar/data/34903/000092838501500026/0000928385-01-500026-index.htm", "finalLink": "https://www.sec.gov/Archives/edgar/data/34903/000092838501500026/d10k405.txt", "calculatedOtherExpenses": 136159000, "calculatedOperatingExpenses": 149477000, "calculatedNetInterest": -60523000, "calculatedOtherIncome": -8758000, "calculatedIncomeNonControlling": 60523000, "calculatedEbitda": 183063000}, {"date": "1999-12-31", "symbol": "FRT", "reportedCurrency": "USD", "cik": "0000034903", "fillingDate": "2000-03-21", "acceptedDate": "2000-03-21 00:00:00", "calendarYear": "1999", "period": "FY", "revenue": 264713000, "costOfRevenue": 0, "grossProfit": 264713000, "grossProfitRatio": 1, "researchAndDevelopmentExpenses": 0, "generalAndAdministrativeExpenses": 15120000, "sellingAndMarketingExpenses": 0, "sellingGeneralAndAdministrativeExpenses": 15120000, "otherExpenses": 128709000, "operatingExpenses": 143829000, "costAndExpenses": 143829000, "interestIncome": 0, "interestExpense": 48443000, "depreciationAndAmortization": 50011000, "ebitda": 177995000, "ebitdaratio": 0.6724074753, "operatingIncome": 120884000, "operatingIncomeRatio": 0.4566606098, "totalOtherIncomeExpensesNet": -7100000, "incomeBeforeTax": 48443000, "incomeBeforeTaxRatio": 0.1830019682, "incomeTaxExpense": -48443000, "netIncome": 48443000, "netIncomeRatio": 0.1830019682, "eps": 1.02, "epsdiluted": 1.02, "weightedAverageShsOut": 39574000, "weightedAverageShsOutDil": 40638000, "link": "https://www.sec.gov/Archives/edgar/data/34903/000095010900001048/0000950109-00-001048-index.html", "finalLink": "https://www.sec.gov/Archives/edgar/data/34903/000095010900001048/", "calculatedOtherExpenses": 128709000, "calculatedOperatingExpenses": 143829000, "calculatedNetInterest": -48443000, "calculatedOtherIncome": -23998000, "calculatedIncomeNonControlling": 48443000, "calculatedEbitda": 170895000}, {"date": "1998-12-31", "symbol": "FRT", "reportedCurrency": "USD", "cik": "0000034903", "fillingDate": "1999-03-19", "acceptedDate": "1999-03-19 00:00:00", "calendarYear": "1998", "period": "FY", "revenue": 238478000, "costOfRevenue": 0, "grossProfit": 238478000, "grossProfitRatio": 1, "researchAndDevelopmentExpenses": 0, "generalAndAdministrativeExpenses": 11796000, "sellingAndMarketingExpenses": 0, "sellingGeneralAndAdministrativeExpenses": 11796000, "otherExpenses": 118808000, "operatingExpenses": 130604000, "costAndExpenses": 130604000, "interestIncome": 0, "interestExpense": 44960000, "depreciationAndAmortization": 46047000, "ebitda": 158586000, "ebitdaratio": 0.6649921586, "operatingIncome": 103209000, "operatingIncomeRatio": 0.4327820596, "totalOtherIncomeExpensesNet": -4665000, "incomeBeforeTax": 44960000, "incomeBeforeTaxRatio": 0.1885289209, "incomeTaxExpense": -44960000, "netIncome": 44960000, "netIncomeRatio": 0.1885289209, "eps": 0.94, "epsdiluted": 0.94, "weightedAverageShsOut": 39174000, "weightedAverageShsOutDil": 40080000, "link": "https://www.sec.gov/Archives/edgar/data/34903/000092838599000847/0000928385-99-000847-index.html", "finalLink": "https://www.sec.gov/Archives/edgar/data/34903/", "calculatedOtherExpenses": 123473000, "calculatedOperatingExpenses": 135269000, "calculatedNetInterest": -44960000, "calculatedOtherIncome": -13289000, "calculatedIncomeNonControlling": 44960000, "calculatedEbitda": 149256000}, {"date": "1997-12-31", "symbol": "FRT", "reportedCurrency": "USD", "cik": "0000034903", "fillingDate": "1998-03-11", "acceptedDate": "1998-03-11 00:00:00", "calendarYear": "1997", "period": "FY", "revenue": 204271000, "costOfRevenue": 0, "grossProfit": 204271000, "grossProfitRatio": 1, "researchAndDevelopmentExpenses": 0, "generalAndAdministrativeExpenses": 9793000, "sellingAndMarketingExpenses": 0, "sellingGeneralAndAdministrativeExpenses": 9793000, "otherExpenses": 105719000, "operatingExpenses": 115512000, "costAndExpenses": 115512000, "interestIncome": 0, "interestExpense": 46504000, "depreciationAndAmortization": 41399000, "ebitda": 117383000, "ebitdaratio": 0.5746434883, "operatingIncome": 88759000, "operatingIncomeRatio": 0.4345159127, "totalOtherIncomeExpensesNet": 12775000, "incomeBeforeTax": 46504000, "incomeBeforeTaxRatio": 0.2276583558, "incomeTaxExpense": -46504000, "netIncome": 46504000, "netIncomeRatio": 0.2276583558, "eps": 1.16, "epsdiluted": 1.14, "weightedAverageShsOut": 38448276, "weightedAverageShsOutDil": 39122807, "link": "https://www.sec.gov/Archives/edgar/data/34903/000092838598000440/0000928385-98-000440-index.html", "finalLink": "https://www.sec.gov/Archives/edgar/data/34903/", "calculatedOtherExpenses": 105719000, "calculatedOperatingExpenses": 115512000, "calculatedNetInterest": -46504000, "calculatedOtherIncome": 4249000, "calculatedIncomeNonControlling": 46504000, "calculatedEbitda": 130158000}, {"date": "1996-12-31", "symbol": "FRT", "reportedCurrency": "USD", "cik": "0000034903", "fillingDate": "1997-02-18", "acceptedDate": "1997-02-18 00:00:00", "calendarYear": "1996", "period": "FY", "revenue": 179055000, "costOfRevenue": 0, "grossProfit": 179055000, "grossProfitRatio": 1, "researchAndDevelopmentExpenses": 0, "generalAndAdministrativeExpenses": 9100000, "sellingAndMarketingExpenses": 0, "sellingGeneralAndAdministrativeExpenses": 9100000, "otherExpenses": 95252000, "operatingExpenses": 104352000, "costAndExpenses": 104352000, "interestIncome": 0, "interestExpense": 28742000, "depreciationAndAmortization": 38153000, "ebitda": 112857000, "ebitdaratio": 0.6302923683, "operatingIncome": 74703000, "operatingIncomeRatio": 0.4172070034, "totalOtherIncomeExpensesNet": -45961000, "incomeBeforeTax": 28742000, "incomeBeforeTaxRatio": 0.1605205105, "incomeTaxExpense": -28742000, "netIncome": 28742000, "netIncomeRatio": 0.1605205105, "eps": 0.86, "epsdiluted": 0.86, "weightedAverageShsOut": 33573000, "weightedAverageShsOutDil": 33573000, "link": "https://www.sec.gov/Archives/edgar/data/34903/000092838597000296/0000928385-97-000296-index.html", "finalLink": "https://www.sec.gov/Archives/edgar/data/34903/", "calculatedOtherExpenses": 95252000, "calculatedOperatingExpenses": 104352000, "calculatedNetInterest": -28742000, "calculatedOtherIncome": -17219000, "calculatedIncomeNonControlling": 28742000, "calculatedEbitda": 112856000}, {"date": "1995-12-31", "symbol": "FRT", "reportedCurrency": "USD", "cik": "0000034903", "fillingDate": "1996-03-15", "acceptedDate": "1996-03-15 00:00:00", "calendarYear": "1995", "period": "FY", "revenue": 154389000, "costOfRevenue": 0, "grossProfit": 154389000, "grossProfitRatio": 1, "researchAndDevelopmentExpenses": 0, "generalAndAdministrativeExpenses": 7305000, "sellingAndMarketingExpenses": 0, "sellingGeneralAndAdministrativeExpenses": 7305000, "otherExpenses": 84465000, "operatingExpenses": 91770000, "costAndExpenses": 91770000, "interestIncome": 0, "interestExpense": 23110000, "depreciationAndAmortization": 34900000, "ebitda": 97520000, "ebitdaratio": 0.6316512187, "operatingIncome": 62619000, "operatingIncomeRatio": 0.4055923673, "totalOtherIncomeExpensesNet": -39509000, "incomeBeforeTax": 23110000, "incomeBeforeTaxRatio": 0.14968683, "incomeTaxExpense": -23110000, "netIncome": 23110000, "netIncomeRatio": 0.14968683, "eps": 0.72, "epsdiluted": 0.72, "weightedAverageShsOut": 31860000, "weightedAverageShsOutDil": 31860000, "link": "https://www.sec.gov/Archives/edgar/data/34903/000092838596000186/0000928385-96-000186-index.html", "finalLink": "https://www.sec.gov/Archives/edgar/data/34903/", "calculatedOtherExpenses": 84465000, "calculatedOperatingExpenses": 91770000, "calculatedNetInterest": -23110000, "calculatedOtherIncome": -16399000, "calculatedIncomeNonControlling": 23110000, "calculatedEbitda": 97519000}, {"date": "1994-12-31", "symbol": "FRT", "reportedCurrency": "USD", "cik": "0000034903", "fillingDate": "1995-03-22", "acceptedDate": "1995-03-22 00:00:00", "calendarYear": "1994", "period": "FY", "revenue": 137764000, "costOfRevenue": 0, "grossProfit": 137764000, "grossProfitRatio": 1, "researchAndDevelopmentExpenses": 0, "generalAndAdministrativeExpenses": 6661000, "sellingAndMarketingExpenses": 0, "sellingGeneralAndAdministrativeExpenses": 6661000, "otherExpenses": 78783000, "operatingExpenses": 85444000, "costAndExpenses": 85444000, "interestIncome": 0, "interestExpense": 20466000, "depreciationAndAmortization": 29801000, "ebitda": 82121000, "ebitdaratio": 0.596099126, "operatingIncome": 52320000, "operatingIncomeRatio": 0.3797799135, "totalOtherIncomeExpensesNet": -31854000, "incomeBeforeTax": 20466000, "incomeBeforeTaxRatio": 0.1485584042, "incomeTaxExpense": -20466000, "netIncome": 20466000, "netIncomeRatio": 0.1485584042, "eps": 0.67, "epsdiluted": 0.67, "weightedAverageShsOut": 30679000, "weightedAverageShsOutDil": 30679000, "link": "https://www.sec.gov/Archives/edgar/data/34903/000089843295000073/0000898432-95-000073-index.html", "finalLink": "https://www.sec.gov/Archives/edgar/data/34903/", "calculatedOtherExpenses": 78783000, "calculatedOperatingExpenses": 85444000, "calculatedNetInterest": -20466000, "calculatedOtherIncome": -11388000, "calculatedIncomeNonControlling": 20466000, "calculatedEbitda": 82121000}, {"date": "1993-12-31", "symbol": "FRT", "reportedCurrency": "USD", "cik": "0000034903", "fillingDate": "1994-03-18", "acceptedDate": "1994-03-18 00:00:00", "calendarYear": "1993", "period": "FY", "revenue": 114500000, "costOfRevenue": 0, "grossProfit": 114500000, "grossProfitRatio": 1, "researchAndDevelopmentExpenses": 0, "generalAndAdministrativeExpenses": 4700000, "sellingAndMarketingExpenses": 0, "sellingGeneralAndAdministrativeExpenses": 4700000, "otherExpenses": -66900000, "operatingExpenses": -62200000, "costAndExpenses": -62200000, "interestIncome": 0, "interestExpense": 18100000, "depreciationAndAmortization": 26000000, "ebitda": 202700000, "ebitdaratio": 1.7703056769, "operatingIncome": 18100000, "operatingIncomeRatio": 0.1580786026, "totalOtherIncomeExpensesNet": 0, "incomeBeforeTax": 18100000, "incomeBeforeTaxRatio": 0.1580786026, "incomeTaxExpense": -18100000, "netIncome": 18100000, "netIncomeRatio": 0.1580786026, "eps": 0.75, "epsdiluted": 0.74, "weightedAverageShsOut": 24133333, "weightedAverageShsOutDil": 24459459, "link": "https://www.sec.gov/Archives/edgar/data/34903/000089843294000032/0000898432-94-000032-index.html", "finalLink": "https://www.sec.gov/Archives/edgar/data/34903/", "calculatedOtherExpenses": 91700000, "calculatedOperatingExpenses": 96400000, "calculatedNetInterest": -18100000, "calculatedOtherIncome": 18100000, "calculatedIncomeNonControlling": 18100000, "calculatedEbitda": 44100000}, {"date": "1992-12-31", "symbol": "FRT", "reportedCurrency": "USD", "cik": "0000034903", "fillingDate": "1992-12-31", "acceptedDate": "1992-12-31 00:00:00", "calendarYear": "1992", "period": "FY", "revenue": 102200000, "costOfRevenue": 0, "grossProfit": 102200000, "grossProfitRatio": 1, "researchAndDevelopmentExpenses": 0, "generalAndAdministrativeExpenses": 4100000, "sellingAndMarketingExpenses": 0, "sellingGeneralAndAdministrativeExpenses": 4100000, "otherExpenses": -57600000, "operatingExpenses": -53500000, "costAndExpenses": -53500000, "interestIncome": 0, "interestExpense": 9400000, "depreciationAndAmortization": 24000000, "ebitda": 179700000, "ebitdaratio": 1.7583170254, "operatingIncome": 9400000, "operatingIncomeRatio": 0.0919765166, "totalOtherIncomeExpensesNet": 0, "incomeBeforeTax": 9400000, "incomeBeforeTaxRatio": 0.0919765166, "incomeTaxExpense": -9400000, "netIncome": 9400000, "netIncomeRatio": 0.0919765166, "eps": 0.41, "epsdiluted": 0.41, "weightedAverageShsOut": 22926829, "weightedAverageShsOutDil": 22926829, "link": null, "finalLink": null, "calculatedOtherExpenses": 88700000, "calculatedOperatingExpenses": 92800000, "calculatedNetInterest": -9400000, "calculatedOtherIncome": 9400000, "calculatedIncomeNonControlling": 9400000, "calculatedEbitda": 33400000}, {"date": "1991-12-31", "symbol": "FRT", "reportedCurrency": "USD", "cik": "0000034903", "fillingDate": "1991-12-31", "acceptedDate": "1991-12-31 00:00:00", "calendarYear": "1991", "period": "FY", "revenue": 97700000, "costOfRevenue": 0, "grossProfit": 97700000, "grossProfitRatio": 1, "researchAndDevelopmentExpenses": 0, "generalAndAdministrativeExpenses": 3400000, "sellingAndMarketingExpenses": 0, "sellingGeneralAndAdministrativeExpenses": 3400000, "otherExpenses": -45700000, "operatingExpenses": -42300000, "costAndExpenses": -42300000, "interestIncome": 0, "interestExpense": 0, "depreciationAndAmortization": 21900000, "ebitda": 161800000, "ebitdaratio": 1.6560900716, "operatingIncome": 13700000, "operatingIncomeRatio": 0.1402251791, "totalOtherIncomeExpensesNet": 100000, "incomeBeforeTax": 13200000, "incomeBeforeTaxRatio": 0.1351074719, "incomeTaxExpense": 8900000, "netIncome": 4800000, "netIncomeRatio": 0.0491299898, "eps": 0.28, "epsdiluted": 0.28, "weightedAverageShsOut": 17142857, "weightedAverageShsOutDil": 17142857, "link": null, "finalLink": null, "calculatedOtherExpenses": 80600000, "calculatedOperatingExpenses": 84000000, "calculatedNetInterest": 0, "calculatedOtherIncome": -500000, "calculatedIncomeNonControlling": -500000, "calculatedEbitda": 35600000}, {"date": "1990-12-31", "symbol": "FRT", "reportedCurrency": "USD", "cik": "0000034903", "fillingDate": "1990-12-31", "acceptedDate": "1990-12-31 00:00:00", "calendarYear": "1990", "period": "FY", "revenue": 91900000, "costOfRevenue": 0, "grossProfit": 91900000, "grossProfitRatio": 1, "researchAndDevelopmentExpenses": 0, "generalAndAdministrativeExpenses": 3600000, "sellingAndMarketingExpenses": 0, "sellingGeneralAndAdministrativeExpenses": 3600000, "otherExpenses": -42900000, "operatingExpenses": -39300000, "costAndExpenses": -39300000, "interestIncome": 0, "interestExpense": 0, "depreciationAndAmortization": 19100000, "ebitda": 149400000, "ebitdaratio": 1.6256800871, "operatingIncome": 13800000, "operatingIncomeRatio": 0.1501632209, "totalOtherIncomeExpensesNet": 900000, "incomeBeforeTax": 13800000, "incomeBeforeTaxRatio": 0.1501632209, "incomeTaxExpense": 8000000, "netIncome": 5800000, "netIncomeRatio": 0.0631120783, "eps": 0.35, "epsdiluted": 0.35, "weightedAverageShsOut": 16571429, "weightedAverageShsOutDil": 16571429, "link": null, "finalLink": null, "calculatedOtherExpenses": 74500000, "calculatedOperatingExpenses": 78100000, "calculatedNetInterest": 0, "calculatedOtherIncome": 0, "calculatedIncomeNonControlling": 0, "calculatedEbitda": 32900000}, {"date": "1989-12-31", "symbol": "FRT", "reportedCurrency": "USD", "cik": "0000034903", "fillingDate": "1989-12-31", "acceptedDate": "1989-12-31 00:00:00", "calendarYear": "1989", "period": "FY", "revenue": 90100000, "costOfRevenue": 0, "grossProfit": 90100000, "grossProfitRatio": 1, "researchAndDevelopmentExpenses": 0, "generalAndAdministrativeExpenses": 3600000, "sellingAndMarketingExpenses": 0, "sellingGeneralAndAdministrativeExpenses": 3600000, "otherExpenses": -37600000, "operatingExpenses": -34000000, "costAndExpenses": -34000000, "interestIncome": 0, "interestExpense": 0, "depreciationAndAmortization": 16200000, "ebitda": 133100000, "ebitdaratio": 1.4772475028, "operatingIncome": 19000000, "operatingIncomeRatio": 0.2108768036, "totalOtherIncomeExpensesNet": 7200000, "incomeBeforeTax": 19000000, "incomeBeforeTaxRatio": 0.2108768036, "incomeTaxExpense": 7000000, "netIncome": 12000000, "netIncomeRatio": 0.1331853496, "eps": 0.82, "epsdiluted": 0.82, "weightedAverageShsOut": 14634146, "weightedAverageShsOutDil": 14634146, "link": null, "finalLink": null, "calculatedOtherExpenses": 67500000, "calculatedOperatingExpenses": 71100000, "calculatedNetInterest": 0, "calculatedOtherIncome": 0, "calculatedIncomeNonControlling": 0, "calculatedEbitda": 35200000}, {"date": "1988-12-31", "symbol": "FRT", "reportedCurrency": "USD", "cik": "0000034903", "fillingDate": "1988-12-31", "acceptedDate": "1988-12-31 00:00:00", "calendarYear": "1988", "period": "FY", "revenue": 68100000, "costOfRevenue": 0, "grossProfit": 68100000, "grossProfitRatio": 1, "researchAndDevelopmentExpenses": 0, "generalAndAdministrativeExpenses": 0, "sellingAndMarketingExpenses": 0, "sellingGeneralAndAdministrativeExpenses": 0, "otherExpenses": -36900000, "operatingExpenses": -36900000, "costAndExpenses": -36900000, "interestIncome": 0, "interestExpense": 36900000, "depreciationAndAmortization": -31500000, "ebitda": 105000000, "ebitdaratio": 1.5418502203, "operatingIncome": 36900000, "operatingIncomeRatio": 0.5418502203, "totalOtherIncomeExpensesNet": -31500000, "incomeBeforeTax": 5400000, "incomeBeforeTaxRatio": 0.0792951542, "incomeTaxExpense": -5400000, "netIncome": 5400000, "netIncomeRatio": 0.0792951542, "eps": 0.39, "epsdiluted": 0.39, "weightedAverageShsOut": 13846154, "weightedAverageShsOutDil": 13846154, "link": null, "finalLink": null, "calculatedOtherExpenses": 31200000, "calculatedOperatingExpenses": 31200000, "calculatedNetInterest": -36900000, "calculatedOtherIncome": 5400000, "calculatedIncomeNonControlling": 5400000, "calculatedEbitda": 5400000}, {"date": "1987-12-31", "symbol": "FRT", "reportedCurrency": "USD", "cik": "0000034903", "fillingDate": "1987-12-31", "acceptedDate": "1987-12-31 00:00:00", "calendarYear": "1987", "period": "FY", "revenue": 60100000, "costOfRevenue": 0, "grossProfit": 60100000, "grossProfitRatio": 1, "researchAndDevelopmentExpenses": 0, "generalAndAdministrativeExpenses": 0, "sellingAndMarketingExpenses": 0, "sellingGeneralAndAdministrativeExpenses": 0, "otherExpenses": -30400000, "operatingExpenses": -30400000, "costAndExpenses": -30400000, "interestIncome": 0, "interestExpense": 30400000, "depreciationAndAmortization": -24400000, "ebitda": 90500000, "ebitdaratio": 1.5058236273, "operatingIncome": 30400000, "operatingIncomeRatio": 0.5058236273, "totalOtherIncomeExpensesNet": -24400000, "incomeBeforeTax": 6000000, "incomeBeforeTaxRatio": 0.0998336106, "incomeTaxExpense": -6000000, "netIncome": 6000000, "netIncomeRatio": 0.0998336106, "eps": 0.47, "epsdiluted": 0.47, "weightedAverageShsOut": 12765957, "weightedAverageShsOutDil": 12765957, "link": null, "finalLink": null, "calculatedOtherExpenses": 29700000, "calculatedOperatingExpenses": 29700000, "calculatedNetInterest": -30400000, "calculatedOtherIncome": 6000000, "calculatedIncomeNonControlling": 6000000, "calculatedEbitda": 6000000}, {"date": "1986-12-31", "symbol": "FRT", "reportedCurrency": "USD", "cik": "0000034903", "fillingDate": "1986-12-31", "acceptedDate": "1986-12-31 00:00:00", "calendarYear": "1986", "period": "FY", "revenue": 44800000, "costOfRevenue": 0, "grossProfit": 44800000, "grossProfitRatio": 1, "researchAndDevelopmentExpenses": 0, "generalAndAdministrativeExpenses": 0, "sellingAndMarketingExpenses": 0, "sellingGeneralAndAdministrativeExpenses": 0, "otherExpenses": -22500000, "operatingExpenses": -22500000, "costAndExpenses": -22500000, "interestIncome": 0, "interestExpense": 22500000, "depreciationAndAmortization": -15100000, "ebitda": 67300000, "ebitdaratio": 1.5022321429, "operatingIncome": 22500000, "operatingIncomeRatio": 0.5022321429, "totalOtherIncomeExpensesNet": -15100000, "incomeBeforeTax": 7400000, "incomeBeforeTaxRatio": 0.1651785714, "incomeTaxExpense": -7400000, "netIncome": 7400000, "netIncomeRatio": 0.1651785714, "eps": 0.65, "epsdiluted": 0.65, "weightedAverageShsOut": 11384615, "weightedAverageShsOutDil": 11384615, "link": null, "finalLink": null, "calculatedOtherExpenses": 22300000, "calculatedOperatingExpenses": 22300000, "calculatedNetInterest": -22500000, "calculatedOtherIncome": 7400000, "calculatedIncomeNonControlling": 7400000, "calculatedEbitda": 7400000}, {"date": "1985-12-31", "symbol": "FRT", "reportedCurrency": "USD", "cik": "0000034903", "fillingDate": "1985-12-31", "acceptedDate": "1985-12-31 00:00:00", "calendarYear": "1985", "period": "FY", "revenue": 34200000, "costOfRevenue": 0, "grossProfit": 34200000, "grossProfitRatio": 1, "researchAndDevelopmentExpenses": 0, "generalAndAdministrativeExpenses": 0, "sellingAndMarketingExpenses": 0, "sellingGeneralAndAdministrativeExpenses": 0, "otherExpenses": -17400000, "operatingExpenses": -17400000, "costAndExpenses": -17400000, "interestIncome": 0, "interestExpense": 17400000, "depreciationAndAmortization": -8900000, "ebitda": 51600000, "ebitdaratio": 1.5087719298, "operatingIncome": 17400000, "operatingIncomeRatio": 0.5087719298, "totalOtherIncomeExpensesNet": -8900000, "incomeBeforeTax": 8500000, "incomeBeforeTaxRatio": 0.2485380117, "incomeTaxExpense": -8500000, "netIncome": 8500000, "netIncomeRatio": 0.2485380117, "eps": 0.75, "epsdiluted": 0.75, "weightedAverageShsOut": 11333333, "weightedAverageShsOutDil": 11333333, "link": null, "finalLink": null, "calculatedOtherExpenses": 16800000, "calculatedOperatingExpenses": 16800000, "calculatedNetInterest": -17400000, "calculatedOtherIncome": 8500000, "calculatedIncomeNonControlling": 8500000, "calculatedEbitda": 8500000}]}