{"originalCurrency": "USD", "convertedCurrency": "USD", "report": [{"date": "2023-12-31", "symbol": "FSK", "reportedCurrency": "USD", "cik": "0001422183", "fillingDate": "2024-02-26", "acceptedDate": "2024-02-26 16:45:43", "calendarYear": "2023", "period": "FY", "revenue": 1495000000, "costOfRevenue": 423000000, "grossProfit": 1072000000, "grossProfitRatio": 0.7170568562, "researchAndDevelopmentExpenses": 0, "generalAndAdministrativeExpenses": 42000000, "sellingAndMarketingExpenses": 0, "sellingGeneralAndAdministrativeExpenses": 42000000, "otherExpenses": 103000000, "operatingExpenses": -103000000, "costAndExpenses": 320000000, "interestIncome": 1487000000, "interestExpense": 467000000, "depreciationAndAmortization": -1381000000, "ebitda": 1175000000, "ebitdaratio": 0.7859531773, "operatingIncome": 1175000000, "operatingIncomeRatio": 0.7859531773, "totalOtherIncomeExpensesNet": -476000000, "incomeBeforeTax": 699000000, "incomeBeforeTaxRatio": 0.4675585284, "incomeTaxExpense": 3000000, "netIncome": 696000000, "netIncomeRatio": 0.4655518395, "eps": 2.48, "epsdiluted": 2.48, "weightedAverageShsOut": 280276768, "weightedAverageShsOutDil": 280276768, "link": "https://www.sec.gov/Archives/edgar/data/1422183/000162828024006912/0001628280-24-006912-index.htm", "finalLink": "https://www.sec.gov/Archives/edgar/data/1422183/000162828024006912/fsk-20231231.htm", "calculatedOtherExpenses": -145000000, "calculatedOperatingExpenses": -103000000, "calculatedNetInterest": 1020000000, "calculatedOtherIncome": -1496000000, "calculatedIncomeNonControlling": 0, "calculatedEbitda": -206000000}, {"date": "2022-12-31", "symbol": "FSK", "reportedCurrency": "USD", "cik": "0001422183", "fillingDate": "2023-02-27", "acceptedDate": "2023-02-27 16:40:03", "calendarYear": "2022", "period": "FY", "revenue": 1635000000, "costOfRevenue": 364000000, "grossProfit": 1271000000, "grossProfitRatio": 0.7773700306, "researchAndDevelopmentExpenses": 0, "generalAndAdministrativeExpenses": 42000000, "sellingAndMarketingExpenses": 0, "sellingGeneralAndAdministrativeExpenses": 42000000, "otherExpenses": -60000000, "operatingExpenses": -18000000, "costAndExpenses": -4000000, "interestIncome": 1269000000, "interestExpense": 365000000, "depreciationAndAmortization": -14000000, "ebitda": 467000000, "ebitdaratio": 0.2856269113, "operatingIncome": 481000000, "operatingIncomeRatio": 0.2941896024, "totalOtherIncomeExpensesNet": -365000000, "incomeBeforeTax": 116000000, "incomeBeforeTaxRatio": 0.0709480122, "incomeTaxExpense": 24000000, "netIncome": 92000000, "netIncomeRatio": 0.0562691131, "eps": 0.32, "epsdiluted": 0.32, "weightedAverageShsOut": 283508494, "weightedAverageShsOutDil": 283508494, "link": "https://www.sec.gov/Archives/edgar/data/1422183/000162828023005258/0001628280-23-005258-index.htm", "finalLink": "https://www.sec.gov/Archives/edgar/data/1422183/000162828023005258/fsk-20221231.htm", "calculatedOtherExpenses": 748000000, "calculatedOperatingExpenses": 790000000, "calculatedNetInterest": 904000000, "calculatedOtherIncome": -1269000000, "calculatedIncomeNonControlling": 0, "calculatedEbitda": 467000000}, {"date": "2021-12-31", "symbol": "FSK", "reportedCurrency": "USD", "cik": "0001422183", "fillingDate": "2022-02-28", "acceptedDate": "2022-02-28 17:09:21", "calendarYear": "2021", "period": "FY", "revenue": 1081000000, "costOfRevenue": 235000000, "grossProfit": 846000000, "grossProfitRatio": 0.7826086957, "researchAndDevelopmentExpenses": 0, "generalAndAdministrativeExpenses": 34000000, "sellingAndMarketingExpenses": 0, "sellingGeneralAndAdministrativeExpenses": 34000000, "otherExpenses": -27000000, "operatingExpenses": 7000000, "costAndExpenses": 7000000, "interestIncome": 794000000, "interestExpense": 231000000, "depreciationAndAmortization": -827000000, "ebitda": 1527000000, "ebitdaratio": 1.4125809436, "operatingIncome": 1527000000, "operatingIncomeRatio": 1.4125809436, "totalOtherIncomeExpensesNet": -211000000, "incomeBeforeTax": 1527000000, "incomeBeforeTaxRatio": 1.4125809436, "incomeTaxExpense": 12000000, "netIncome": 1515000000, "netIncomeRatio": 1.401480111, "eps": 7.16, "epsdiluted": 7.16, "weightedAverageShsOut": 211670361, "weightedAverageShsOutDil": 211670361, "link": "https://www.sec.gov/Archives/edgar/data/1422183/000119312522058218/0001193125-22-058218-index.htm", "finalLink": "https://www.sec.gov/Archives/edgar/data/1422183/000119312522058218/d316725d10k.htm", "calculatedOtherExpenses": -715000000, "calculatedOperatingExpenses": -681000000, "calculatedNetInterest": 563000000, "calculatedOtherIncome": -563000000, "calculatedIncomeNonControlling": 0, "calculatedEbitda": 700000000}, {"date": "2020-12-31", "symbol": "FSK", "reportedCurrency": "USD", "cik": "0001422183", "fillingDate": "2021-03-01", "acceptedDate": "2021-03-01 17:01:07", "calendarYear": "2020", "period": "FY", "revenue": 639000000, "costOfRevenue": 115000000, "grossProfit": 524000000, "grossProfitRatio": 0.8200312989, "researchAndDevelopmentExpenses": 0, "generalAndAdministrativeExpenses": 22000000, "sellingAndMarketingExpenses": 0, "sellingGeneralAndAdministrativeExpenses": 22000000, "otherExpenses": -247000000, "operatingExpenses": 22000000, "costAndExpenses": 22000000, "interestIncome": 510000000, "interestExpense": 170000000, "depreciationAndAmortization": -511000000, "ebitda": -395000000, "ebitdaratio": -0.6181533646, "operatingIncome": -395000000, "operatingIncomeRatio": -0.6181533646, "totalOtherIncomeExpensesNet": -192000000, "incomeBeforeTax": -395000000, "incomeBeforeTaxRatio": -0.6181533646, "incomeTaxExpense": 10000000, "netIncome": -405000000, "netIncomeRatio": -0.6338028169, "eps": -3.26, "epsdiluted": -3.26, "weightedAverageShsOut": 124290607, "weightedAverageShsOutDil": 124290607, "link": "https://www.sec.gov/Archives/edgar/data/1422183/000119312521063747/0001193125-21-063747-index.htm", "finalLink": "https://www.sec.gov/Archives/edgar/data/1422183/000119312521063747/d141731d10k.htm", "calculatedOtherExpenses": 897000000, "calculatedOperatingExpenses": 919000000, "calculatedNetInterest": 340000000, "calculatedOtherIncome": -340000000, "calculatedIncomeNonControlling": 0, "calculatedEbitda": -906000000}, {"date": "2019-12-31", "symbol": "FSK", "reportedCurrency": "USD", "cik": "0001422183", "fillingDate": "2020-02-27", "acceptedDate": "2020-02-27 16:38:10", "calendarYear": "2019", "period": "FY", "revenue": 779000000, "costOfRevenue": 183000000, "grossProfit": 596000000, "grossProfitRatio": 0.7650834403, "researchAndDevelopmentExpenses": 0, "generalAndAdministrativeExpenses": 20000000, "sellingAndMarketingExpenses": 0, "sellingGeneralAndAdministrativeExpenses": 20000000, "otherExpenses": 6000000, "operatingExpenses": 26000000, "costAndExpenses": 26000000, "interestIncome": 670000000, "interestExpense": 164000000, "depreciationAndAmortization": -587000000, "ebitda": 253000000, "ebitdaratio": 0.324775353, "operatingIncome": 253000000, "operatingIncomeRatio": 0.324775353, "totalOtherIncomeExpensesNet": -185000000, "incomeBeforeTax": 253000000, "incomeBeforeTaxRatio": 0.324775353, "incomeTaxExpense": 7000000, "netIncome": 246000000, "netIncomeRatio": 0.3157894737, "eps": 1.9, "epsdiluted": 1.9, "weightedAverageShsOut": 129736685, "weightedAverageShsOutDil": 129736685, "link": "https://www.sec.gov/Archives/edgar/data/1422183/000119312520052835/0001193125-20-052835-index.htm", "finalLink": "https://www.sec.gov/Archives/edgar/data/1422183/000119312520052835/d816082d10k.htm", "calculatedOtherExpenses": 323000000, "calculatedOperatingExpenses": 343000000, "calculatedNetInterest": 506000000, "calculatedOtherIncome": -506000000, "calculatedIncomeNonControlling": 0, "calculatedEbitda": -334000000}, {"date": "2018-12-31", "symbol": "FSK", "reportedCurrency": "USD", "cik": "0001422183", "fillingDate": "2019-02-28", "acceptedDate": "2019-02-27 18:34:43", "calendarYear": "2018", "period": "FY", "revenue": 394000000, "costOfRevenue": 0, "grossProfit": 394000000, "grossProfitRatio": 1, "researchAndDevelopmentExpenses": 0, "generalAndAdministrativeExpenses": 12000000, "sellingAndMarketingExpenses": 0, "sellingGeneralAndAdministrativeExpenses": 12000000, "otherExpenses": 717000000, "operatingExpenses": 9000000, "costAndExpenses": 16000000, "interestIncome": 372000000, "interestExpense": 84000000, "depreciationAndAmortization": 0, "ebitda": 653000000, "ebitdaratio": 1.6573604061, "operatingIncome": 653000000, "operatingIncomeRatio": 1.6573604061, "totalOtherIncomeExpensesNet": -84000000, "incomeBeforeTax": 576000000, "incomeBeforeTaxRatio": 1.461928934, "incomeTaxExpense": 7000000, "netIncome": 569000000, "netIncomeRatio": 1.4441624365, "eps": 9.05, "epsdiluted": 9.05, "weightedAverageShsOut": 62844356, "weightedAverageShsOutDil": 62844356, "link": "https://www.sec.gov/Archives/edgar/data/1422183/000119312519054647/0001193125-19-054647-index.htm", "finalLink": "https://www.sec.gov/Archives/edgar/data/1422183/000119312519054647/d679678d10k.htm", "calculatedOtherExpenses": -271000000, "calculatedOperatingExpenses": -259000000, "calculatedNetInterest": 288000000, "calculatedOtherIncome": -365000000, "calculatedIncomeNonControlling": 0, "calculatedEbitda": 653000000}, {"date": "2017-12-31", "symbol": "FSK", "reportedCurrency": "USD", "cik": "0001422183", "fillingDate": "2018-03-01", "acceptedDate": "2018-03-01 16:25:08", "calendarYear": "2017", "period": "FY", "revenue": 419000000, "costOfRevenue": 0, "grossProfit": 419000000, "grossProfitRatio": 1, "researchAndDevelopmentExpenses": 0, "generalAndAdministrativeExpenses": 10629000, "sellingAndMarketingExpenses": 0, "sellingGeneralAndAdministrativeExpenses": 10629000, "otherExpenses": -27031000, "operatingExpenses": 13232000, "costAndExpenses": 13232000, "interestIncome": 375274000, "interestExpense": 73967000, "depreciationAndAmortization": 0, "ebitda": 261132000, "ebitdaratio": 1.3025469129, "operatingIncome": 261132000, "operatingIncomeRatio": 1.3025469129, "totalOtherIncomeExpensesNet": -73886000, "incomeBeforeTax": 187246000, "incomeBeforeTaxRatio": 0.9339977454, "incomeTaxExpense": 5259000, "netIncome": 181987000, "netIncomeRatio": 0.9077654406, "eps": 2.96, "epsdiluted": 2.96, "weightedAverageShsOut": 61317742, "weightedAverageShsOutDil": 61317742, "link": "https://www.sec.gov/Archives/edgar/data/1422183/000119312518067264/0001193125-18-067264-index.htm", "finalLink": "https://www.sec.gov/Archives/edgar/data/1422183/000119312518067264/d542189d10k.htm", "calculatedOtherExpenses": 147239000, "calculatedOperatingExpenses": 157868000, "calculatedNetInterest": 301307000, "calculatedOtherIncome": -375193000, "calculatedIncomeNonControlling": 0, "calculatedEbitda": 261132000}, {"date": "2016-12-31", "symbol": "FSK", "reportedCurrency": "USD", "cik": "0001422183", "fillingDate": "2017-03-01", "acceptedDate": "2017-03-01 16:27:09", "calendarYear": "2016", "period": "FY", "revenue": 423000000, "costOfRevenue": 0, "grossProfit": 423000000, "grossProfitRatio": 1, "researchAndDevelopmentExpenses": 0, "generalAndAdministrativeExpenses": 12764000, "sellingAndMarketingExpenses": 0, "sellingGeneralAndAdministrativeExpenses": 12764000, "otherExpenses": 81414000, "operatingExpenses": 12764000, "costAndExpenses": 12764000, "interestIncome": 383565000, "interestExpense": 74058000, "depreciationAndAmortization": 155472000, "ebitda": 368349000, "ebitdaratio": 1.1783058069, "operatingIncome": 212877000, "operatingIncomeRatio": 0.6809688781, "totalOtherIncomeExpensesNet": 81414000, "incomeBeforeTax": 299845000, "incomeBeforeTaxRatio": 0.9591694417, "incomeTaxExpense": 5554000, "netIncome": 294291000, "netIncomeRatio": 0.9414028387, "eps": 4.84, "epsdiluted": 4.84, "weightedAverageShsOut": 60862152, "weightedAverageShsOutDil": 60862152, "link": "https://www.sec.gov/Archives/edgar/data/1422183/000119312517065800/0001193125-17-065800-index.htm", "finalLink": "https://www.sec.gov/Archives/edgar/data/1422183/000119312517065800/d353742d10k.htm", "calculatedOtherExpenses": 197359000, "calculatedOperatingExpenses": 210123000, "calculatedNetInterest": 309507000, "calculatedOtherIncome": -222539000, "calculatedIncomeNonControlling": 0, "calculatedEbitda": 368349000}, {"date": "2015-12-31", "symbol": "FSK", "reportedCurrency": "USD", "cik": "0001422183", "fillingDate": "2016-02-29", "acceptedDate": "2016-02-29 16:22:17", "calendarYear": "2015", "period": "FY", "revenue": 474797000, "costOfRevenue": 0, "grossProfit": 474797000, "grossProfitRatio": 1, "researchAndDevelopmentExpenses": 0, "generalAndAdministrativeExpenses": 13028000, "sellingAndMarketingExpenses": 0, "sellingGeneralAndAdministrativeExpenses": 13028000, "otherExpenses": -232761000, "operatingExpenses": 13162000, "costAndExpenses": 13162000, "interestIncome": 423817000, "interestExpense": 75127000, "depreciationAndAmortization": -157634000, "ebitda": 113512000, "ebitdaratio": 1.9705918095, "operatingIncome": 271146000, "operatingIncomeRatio": 4.7071506692, "totalOtherIncomeExpensesNet": -232761000, "incomeBeforeTax": 44441000, "incomeBeforeTaxRatio": 0.7715049563, "incomeTaxExpense": 6056000, "netIncome": 38385000, "netIncomeRatio": 0.6663715431, "eps": 0.64, "epsdiluted": 0.64, "weightedAverageShsOut": 60486712, "weightedAverageShsOutDil": 60486712, "link": "https://www.sec.gov/Archives/edgar/data/1422183/000119312516485431/0001193125-16-485431-index.htm", "finalLink": "https://www.sec.gov/Archives/edgar/data/1422183/000119312516485431/d145682d10k.htm", "calculatedOtherExpenses": 190623000, "calculatedOperatingExpenses": 203651000, "calculatedNetInterest": 348690000, "calculatedOtherIncome": -575395000, "calculatedIncomeNonControlling": 0, "calculatedEbitda": 113512000}, {"date": "2014-12-31", "symbol": "FSK", "reportedCurrency": "USD", "cik": "0001422183", "fillingDate": "2015-03-02", "acceptedDate": "2015-03-02 16:12:41", "calendarYear": "2014", "period": "FY", "revenue": 464819000, "costOfRevenue": 0, "grossProfit": 464819000, "grossProfitRatio": 1, "researchAndDevelopmentExpenses": 0, "generalAndAdministrativeExpenses": 21136000, "sellingAndMarketingExpenses": 0, "sellingGeneralAndAdministrativeExpenses": 21136000, "otherExpenses": -52627000, "operatingExpenses": 19336000, "costAndExpenses": 19336000, "interestIncome": 418749000, "interestExpense": 64804000, "depreciationAndAmortization": 12177000, "ebitda": 259585000, "ebitdaratio": 1.1825280047, "operatingIncome": 247408000, "operatingIncomeRatio": 1.1270562189, "totalOtherIncomeExpensesNet": -52627000, "incomeBeforeTax": 200181000, "incomeBeforeTaxRatio": 0.9119157058, "incomeTaxExpense": 5400000, "netIncome": 194781000, "netIncomeRatio": 0.8873162443, "eps": 3.12, "epsdiluted": 3.12, "weightedAverageShsOut": 62199881, "weightedAverageShsOutDil": 62199881, "link": "https://www.sec.gov/Archives/edgar/data/1422183/000119312515073274/0001193125-15-073274-index.htm", "finalLink": "https://www.sec.gov/Archives/edgar/data/1422183/000119312515073274/d878293d10k.htm", "calculatedOtherExpenses": 196275000, "calculatedOperatingExpenses": 217411000, "calculatedNetInterest": 353945000, "calculatedOtherIncome": -401172000, "calculatedIncomeNonControlling": 0, "calculatedEbitda": 259585000}, {"date": "2013-12-31", "symbol": "FSK", "reportedCurrency": "USD", "cik": "0001422183", "fillingDate": "2014-02-28", "acceptedDate": "2014-02-28 17:07:12", "calendarYear": "2013", "period": "FY", "revenue": 474566000, "costOfRevenue": 0, "grossProfit": 474566000, "grossProfitRatio": 1, "researchAndDevelopmentExpenses": 0, "generalAndAdministrativeExpenses": 13592000, "sellingAndMarketingExpenses": 0, "sellingGeneralAndAdministrativeExpenses": 13592000, "otherExpenses": 20864000, "operatingExpenses": 16412000, "costAndExpenses": 16412000, "interestIncome": 427510000, "interestExpense": 50763000, "depreciationAndAmortization": 71627000, "ebitda": 316603000, "ebitdaratio": 1.0993388751, "operatingIncome": 244976000, "operatingIncomeRatio": 0.8506288325, "totalOtherIncomeExpensesNet": 20864000, "incomeBeforeTax": 271582000, "incomeBeforeTaxRatio": 0.9430127017, "incomeTaxExpense": 5742000, "netIncome": 265840000, "netIncomeRatio": 0.9230747863, "eps": 4.08, "epsdiluted": 4.08, "weightedAverageShsOut": 63828892, "weightedAverageShsOutDil": 65087766, "link": "https://www.sec.gov/Archives/edgar/data/1422183/000119312514077728/0001193125-14-077728-index.htm", "finalLink": "https://www.sec.gov/Archives/edgar/data/1422183/000119312514077728/d682611d10k.htm", "calculatedOtherExpenses": 215998000, "calculatedOperatingExpenses": 229590000, "calculatedNetInterest": 376747000, "calculatedOtherIncome": -350141000, "calculatedIncomeNonControlling": 0, "calculatedEbitda": 316603000}, {"date": "2012-12-31", "symbol": "FSK", "reportedCurrency": "USD", "cik": "0001422183", "fillingDate": "2013-03-28", "acceptedDate": "2013-03-28 17:27:03", "calendarYear": "2012", "period": "FY", "revenue": 303222000, "costOfRevenue": 0, "grossProfit": 303222000, "grossProfitRatio": 1, "researchAndDevelopmentExpenses": 0, "generalAndAdministrativeExpenses": 14244000, "sellingAndMarketingExpenses": 0, "sellingGeneralAndAdministrativeExpenses": 14244000, "otherExpenses": 196292000, "operatingExpenses": 17885000, "costAndExpenses": 17885000, "interestIncome": 287875000, "interestExpense": 30227000, "depreciationAndAmortization": 226519000, "ebitda": 360426000, "ebitdaratio": 1.0354569587, "operatingIncome": 133907000, "operatingIncomeRatio": 0.3846973719, "totalOtherIncomeExpensesNet": 196292000, "incomeBeforeTax": 330199000, "incomeBeforeTaxRatio": 0.9486187242, "incomeTaxExpense": 0, "netIncome": 330199000, "netIncomeRatio": 0.9486187242, "eps": 5.07, "epsdiluted": 5.07, "weightedAverageShsOut": 65087766, "weightedAverageShsOutDil": 65087766, "link": "https://www.sec.gov/Archives/edgar/data/1422183/000119312513132691/0001193125-13-132691-index.htm", "finalLink": "https://www.sec.gov/Archives/edgar/data/1422183/000119312513132691/d452193d10k.htm", "calculatedOtherExpenses": 155071000, "calculatedOperatingExpenses": 169315000, "calculatedNetInterest": 257648000, "calculatedOtherIncome": -61356000, "calculatedIncomeNonControlling": 0, "calculatedEbitda": 360426000}, {"date": "2011-12-31", "symbol": "FSK", "reportedCurrency": "USD", "cik": "0001422183", "fillingDate": "2012-03-30", "acceptedDate": "2012-03-30 16:55:55", "calendarYear": "2011", "period": "FY", "revenue": 104150000, "costOfRevenue": 44120000, "grossProfit": 60030000, "grossProfitRatio": 0.5763802208, "researchAndDevelopmentExpenses": 0, "generalAndAdministrativeExpenses": 31908000, "sellingAndMarketingExpenses": 0, "sellingGeneralAndAdministrativeExpenses": 31908000, "otherExpenses": -17894000, "operatingExpenses": 44120000, "costAndExpenses": 88240000, "interestIncome": 115484000, "interestExpense": 11334000, "depreciationAndAmortization": 153044000, "ebitda": 64804000, "ebitdaratio": 0.6222179549, "operatingIncome": -88240000, "operatingIncomeRatio": -0.8472395583, "totalOtherIncomeExpensesNet": 141710000, "incomeBeforeTax": 53470000, "incomeBeforeTaxRatio": 0.5133941431, "incomeTaxExpense": 0, "netIncome": 53470000, "netIncomeRatio": 0.5133941431, "eps": 0.82, "epsdiluted": 0.82, "weightedAverageShsOut": 65087766, "weightedAverageShsOutDil": 65087766, "link": "https://www.sec.gov/Archives/edgar/data/1422183/000119312512143873/0001193125-12-143873-index.htm", "finalLink": "https://www.sec.gov/Archives/edgar/data/1422183/000119312512143873/d321128d10k.htm", "calculatedOtherExpenses": 116362000, "calculatedOperatingExpenses": 148270000, "calculatedNetInterest": 104150000, "calculatedOtherIncome": 37560000, "calculatedIncomeNonControlling": 0, "calculatedEbitda": 64804000}, {"date": "2010-12-31", "symbol": "FSK", "reportedCurrency": "USD", "cik": "0001422183", "fillingDate": "2011-03-24", "acceptedDate": "2011-03-24 13:26:23", "calendarYear": "2010", "period": "FY", "revenue": 32302000, "costOfRevenue": 0, "grossProfit": 32302000, "grossProfitRatio": 1, "researchAndDevelopmentExpenses": 0, "generalAndAdministrativeExpenses": 3148000, "sellingAndMarketingExpenses": 0, "sellingGeneralAndAdministrativeExpenses": 3148000, "otherExpenses": 18872000, "operatingExpenses": 4038000, "costAndExpenses": 4038000, "interestIncome": 29087000, "interestExpense": 3881000, "depreciationAndAmortization": 22753000, "ebitda": 32145000, "ebitdaratio": 0.9951396198, "operatingIncome": 9392000, "operatingIncomeRatio": 0.2907559903, "totalOtherIncomeExpensesNet": 18872000, "incomeBeforeTax": 28264000, "incomeBeforeTaxRatio": 0.8749922605, "incomeTaxExpense": 0, "netIncome": 28264000, "netIncomeRatio": 0.8749922605, "eps": 0.43, "epsdiluted": 0.43, "weightedAverageShsOut": 65087766, "weightedAverageShsOutDil": 65087766, "link": "https://www.sec.gov/Archives/edgar/data/1422183/000119312511076255/0001193125-11-076255-index.htm", "finalLink": "https://www.sec.gov/Archives/edgar/data/1422183/000119312511076255/d10k.htm", "calculatedOtherExpenses": 19762000, "calculatedOperatingExpenses": 22910000, "calculatedNetInterest": 25206000, "calculatedOtherIncome": -6334000, "calculatedIncomeNonControlling": 0, "calculatedEbitda": 32145000}, {"date": "2009-12-31", "symbol": "FSK", "reportedCurrency": "USD", "cik": "0001422183", "fillingDate": "2010-03-19", "acceptedDate": "2010-03-19 17:13:49", "calendarYear": "2009", "period": "FY", "revenue": 4420000, "costOfRevenue": 0, "grossProfit": 4420000, "grossProfitRatio": 1, "researchAndDevelopmentExpenses": 0, "generalAndAdministrativeExpenses": 2183000, "sellingAndMarketingExpenses": 0, "sellingGeneralAndAdministrativeExpenses": 2183000, "otherExpenses": 9305000, "operatingExpenses": 1246000, "costAndExpenses": 1246000, "interestIncome": 4420000, "interestExpense": 0, "depreciationAndAmortization": 9305000, "ebitda": 11456000, "ebitdaratio": 2.5918552036, "operatingIncome": 2151000, "operatingIncomeRatio": 0.4866515837, "totalOtherIncomeExpensesNet": 9305000, "incomeBeforeTax": 11456000, "incomeBeforeTaxRatio": 2.5918552036, "incomeTaxExpense": 0, "netIncome": 11456000, "netIncomeRatio": 2.5918552036, "eps": 0.18, "epsdiluted": 0.18, "weightedAverageShsOut": 65087766, "weightedAverageShsOutDil": 65087766, "link": "https://www.sec.gov/Archives/edgar/data/1422183/000119312510061944/0001193125-10-061944-index.htm", "finalLink": "https://www.sec.gov/Archives/edgar/data/1422183/000119312510061944/d10k.htm", "calculatedOtherExpenses": 86000, "calculatedOperatingExpenses": 2269000, "calculatedNetInterest": 4420000, "calculatedOtherIncome": 4885000, "calculatedIncomeNonControlling": 0, "calculatedEbitda": 11456000}, {"date": "2008-12-31", "symbol": "FSK", "reportedCurrency": "USD", "cik": "0001422183", "fillingDate": "2009-03-31", "acceptedDate": "2009-03-31 16:04:10", "calendarYear": "2008", "period": "FY", "revenue": 0, "costOfRevenue": 0, "grossProfit": 0, "grossProfitRatio": 0, "researchAndDevelopmentExpenses": 0, "generalAndAdministrativeExpenses": 0, "sellingAndMarketingExpenses": 0, "sellingGeneralAndAdministrativeExpenses": 0, "otherExpenses": -580000, "operatingExpenses": -580000, "costAndExpenses": -580000, "interestIncome": 25000, "interestExpense": 0, "depreciationAndAmortization": 0, "ebitda": -580000, "ebitdaratio": 0, "operatingIncome": -580000, "operatingIncomeRatio": 0, "totalOtherIncomeExpensesNet": 0, "incomeBeforeTax": -580000, "incomeBeforeTaxRatio": 0, "incomeTaxExpense": 0, "netIncome": -580000, "netIncomeRatio": 0, "eps": -0.0058, "epsdiluted": -0.0058, "weightedAverageShsOut": 100183000, "weightedAverageShsOutDil": 100183000, "link": "https://www.sec.gov/Archives/edgar/data/1422183/000119312509069344/0001193125-09-069344-index.htm", "finalLink": "https://www.sec.gov/Archives/edgar/data/1422183/000119312509069344/d10k.htm", "calculatedOtherExpenses": 580000, "calculatedOperatingExpenses": 580000, "calculatedNetInterest": 25000, "calculatedOtherIncome": -25000, "calculatedIncomeNonControlling": 0, "calculatedEbitda": -580000}]}