{"originalCurrency": "USD", "convertedCurrency": "USD", "report": [{"date": "2023-12-31", "symbol": "FSLR", "reportedCurrency": "USD", "cik": "0001274494", "fillingDate": "2024-02-27", "acceptedDate": "2024-02-27 16:18:51", "calendarYear": "2023", "period": "FY", "revenue": 3318602000, "costOfRevenue": 2017923000, "grossProfit": 1300679000, "grossProfitRatio": 0.3919358212, "researchAndDevelopmentExpenses": 152307000, "generalAndAdministrativeExpenses": 0, "sellingAndMarketingExpenses": 0, "sellingGeneralAndAdministrativeExpenses": 197622000, "otherExpenses": -29145000, "operatingExpenses": 414706000, "costAndExpenses": 2432629000, "interestIncome": 97667000, "interestExpense": 12965000, "depreciationAndAmortization": 307994000, "ebitda": 1262489000, "ebitdaratio": 0.3804279633, "operatingIncome": 857266000, "operatingIncomeRatio": 0.2583214257, "totalOtherIncomeExpensesNet": -79385000, "incomeBeforeTax": 891290000, "incomeBeforeTaxRatio": 0.2685739357, "incomeTaxExpense": 60513000, "netIncome": 830777000, "netIncomeRatio": 0.2503394502, "eps": 7.78, "epsdiluted": 7.74, "weightedAverageShsOut": 106795000, "weightedAverageShsOutDil": 107372000, "link": "https://www.sec.gov/Archives/edgar/data/1274494/000127449424000004/0001274494-24-000004-index.htm", "finalLink": "https://www.sec.gov/Archives/edgar/data/1274494/000127449424000004/fslr-20231231.htm", "calculatedOtherExpenses": 93484000, "calculatedOperatingExpenses": 443413000, "calculatedNetInterest": 84702000, "calculatedOtherIncome": -50678000, "calculatedIncomeNonControlling": 0, "calculatedEbitda": 1165260000}, {"date": "2022-12-31", "symbol": "FSLR", "reportedCurrency": "USD", "cik": "0001274494", "fillingDate": "2023-02-28", "acceptedDate": "2023-02-28 16:13:52", "calendarYear": "2022", "period": "FY", "revenue": 2619319000, "costOfRevenue": 2549461000, "grossProfit": 69858000, "grossProfitRatio": 0.026670291, "researchAndDevelopmentExpenses": 112804000, "generalAndAdministrativeExpenses": 0, "sellingAndMarketingExpenses": 0, "sellingGeneralAndAdministrativeExpenses": 164724000, "otherExpenses": 73077000, "operatingExpenses": 350605000, "costAndExpenses": 2900066000, "interestIncome": 33284000, "interestExpense": 12225000, "depreciationAndAmortization": 269724000, "ebitda": 53450000, "ebitdaratio": 0.0204060674, "operatingIncome": -216274000, "operatingIncomeRatio": -0.0825687898, "totalOtherIncomeExpensesNet": 224872000, "incomeBeforeTax": 8598000, "incomeBeforeTaxRatio": 0.0032825326, "incomeTaxExpense": 52764000, "netIncome": -44166000, "netIncomeRatio": -0.0168616346, "eps": -0.41, "epsdiluted": -0.41, "weightedAverageShsOut": 106551000, "weightedAverageShsOutDil": 106551000, "link": "https://www.sec.gov/Archives/edgar/data/1274494/000127449423000002/0001274494-23-000002-index.htm", "finalLink": "https://www.sec.gov/Archives/edgar/data/1274494/000127449423000002/fslr-20221231.htm", "calculatedOtherExpenses": 8604000, "calculatedOperatingExpenses": 286132000, "calculatedNetInterest": 21059000, "calculatedOtherIncome": 203813000, "calculatedIncomeNonControlling": 0, "calculatedEbitda": 53450000}, {"date": "2021-12-31", "symbol": "FSLR", "reportedCurrency": "USD", "cik": "0001274494", "fillingDate": "2022-03-01", "acceptedDate": "2022-03-01 16:27:15", "calendarYear": "2021", "period": "FY", "revenue": 2923377000, "costOfRevenue": 2193423000, "grossProfit": 729954000, "grossProfitRatio": 0.2496954721, "researchAndDevelopmentExpenses": 99115000, "generalAndAdministrativeExpenses": 0, "sellingAndMarketingExpenses": 0, "sellingGeneralAndAdministrativeExpenses": 170320000, "otherExpenses": 21052000, "operatingExpenses": 290487000, "costAndExpenses": 2483910000, "interestIncome": 6179000, "interestExpense": 13107000, "depreciationAndAmortization": 259900000, "ebitda": 445960000, "ebitdaratio": 0.1525496027, "operatingIncome": 186060000, "operatingIncomeRatio": 0.0636455715, "totalOtherIncomeExpensesNet": 386102000, "incomeBeforeTax": 572162000, "incomeBeforeTaxRatio": 0.1957195394, "incomeTaxExpense": 103469000, "netIncome": 468693000, "netIncomeRatio": 0.1603258834, "eps": 4.41, "epsdiluted": 4.38, "weightedAverageShsOut": 106263000, "weightedAverageShsOutDil": 106924000, "link": "https://www.sec.gov/Archives/edgar/data/1274494/000127449422000009/0001274494-22-000009-index.htm", "finalLink": "https://www.sec.gov/Archives/edgar/data/1274494/000127449422000009/fslr-20211231.htm", "calculatedOtherExpenses": 274459000, "calculatedOperatingExpenses": 543894000, "calculatedNetInterest": -6928000, "calculatedOtherIncome": 393030000, "calculatedIncomeNonControlling": 0, "calculatedEbitda": 445960000}, {"date": "2020-12-31", "symbol": "FSLR", "reportedCurrency": "USD", "cik": "0001274494", "fillingDate": "2021-02-26", "acceptedDate": "2021-02-25 18:14:50", "calendarYear": "2020", "period": "FY", "revenue": 2711332000, "costOfRevenue": 2030659000, "grossProfit": 680673000, "grossProfitRatio": 0.2510474556, "researchAndDevelopmentExpenses": 93738000, "generalAndAdministrativeExpenses": 0, "sellingAndMarketingExpenses": 0, "sellingGeneralAndAdministrativeExpenses": 222918000, "otherExpenses": 40528000, "operatingExpenses": 357184000, "costAndExpenses": 2387843000, "interestIncome": 16559000, "interestExpense": 24036000, "depreciationAndAmortization": 232925000, "ebitda": 328116000, "ebitdaratio": 0.1210165336, "operatingIncome": 95191000, "operatingIncomeRatio": 0.0351085739, "totalOtherIncomeExpensesNet": 197999000, "incomeBeforeTax": 293190000, "incomeBeforeTaxRatio": 0.1081350421, "incomeTaxExpense": -107294000, "netIncome": 398355000, "netIncomeRatio": 0.1469222508, "eps": 3.76, "epsdiluted": 3.73, "weightedAverageShsOut": 105867000, "weightedAverageShsOutDil": 106686000, "link": "https://www.sec.gov/Archives/edgar/data/1274494/000162828021003343/0001628280-21-003343-index.htm", "finalLink": "https://www.sec.gov/Archives/edgar/data/1274494/000162828021003343/fslr-20201231.htm", "calculatedOtherExpenses": 268826000, "calculatedOperatingExpenses": 585482000, "calculatedNetInterest": -7477000, "calculatedOtherIncome": 205476000, "calculatedIncomeNonControlling": 2129000, "calculatedEbitda": 328116000}, {"date": "2019-12-31", "symbol": "FSLR", "reportedCurrency": "USD", "cik": "0001274494", "fillingDate": "2020-02-21", "acceptedDate": "2020-02-20 20:34:28", "calendarYear": "2019", "period": "FY", "revenue": 3063117000, "costOfRevenue": 2513905000, "grossProfit": 549212000, "grossProfitRatio": 0.1792984075, "researchAndDevelopmentExpenses": 96611000, "generalAndAdministrativeExpenses": 0, "sellingAndMarketingExpenses": 0, "sellingGeneralAndAdministrativeExpenses": 205471000, "otherExpenses": 45915000, "operatingExpenses": 347997000, "costAndExpenses": 2861902000, "interestIncome": 48886000, "interestExpense": 27066000, "depreciationAndAmortization": 205475000, "ebitda": 267646000, "ebitdaratio": 0.0873770085, "operatingIncome": 62171000, "operatingIncomeRatio": 0.0202966455, "totalOtherIncomeExpensesNet": -182300000, "incomeBeforeTax": -120129000, "incomeBeforeTaxRatio": -0.0392178947, "incomeTaxExpense": -5480000, "netIncome": -114649000, "netIncomeRatio": -0.0374288674, "eps": -1.09, "epsdiluted": -1.09, "weightedAverageShsOut": 105310000, "weightedAverageShsOutDil": 105310000, "link": "https://www.sec.gov/Archives/edgar/data/1274494/000127449420000011/0001274494-20-000011-index.htm", "finalLink": "https://www.sec.gov/Archives/edgar/data/1274494/000127449420000011/fslr10-k12x31x2019.htm", "calculatedOtherExpenses": 184959000, "calculatedOperatingExpenses": 487041000, "calculatedNetInterest": 21820000, "calculatedOtherIncome": -204120000, "calculatedIncomeNonControlling": 0, "calculatedEbitda": 267646000}, {"date": "2018-12-31", "symbol": "FSLR", "reportedCurrency": "USD", "cik": "0001274494", "fillingDate": "2019-02-22", "acceptedDate": "2019-02-21 19:54:11", "calendarYear": "2018", "period": "FY", "revenue": 2244044000, "costOfRevenue": 1851867000, "grossProfit": 392177000, "grossProfitRatio": 0.1747635073, "researchAndDevelopmentExpenses": 84472000, "generalAndAdministrativeExpenses": 0, "sellingAndMarketingExpenses": 0, "sellingGeneralAndAdministrativeExpenses": 176857000, "otherExpenses": 39737000, "operatingExpenses": 352064000, "costAndExpenses": 2203931000, "interestIncome": 59788000, "interestExpense": 25921000, "depreciationAndAmortization": 130736000, "ebitda": 139638000, "ebitdaratio": 0.0622260526, "operatingIncome": 40113000, "operatingIncomeRatio": 0.017875318, "totalOtherIncomeExpensesNet": 39167000, "incomeBeforeTax": 113147000, "incomeBeforeTaxRatio": 0.0504210256, "incomeTaxExpense": 3441000, "netIncome": 144326000, "netIncomeRatio": 0.0643151382, "eps": 1.38, "epsdiluted": 1.36, "weightedAverageShsOut": 104745000, "weightedAverageShsOutDil": 106113000, "link": "https://www.sec.gov/Archives/edgar/data/1274494/000127449419000004/0001274494-19-000004-index.htm", "finalLink": "https://www.sec.gov/Archives/edgar/data/1274494/000127449419000004/fslr10-k12x31x2018.htm", "calculatedOtherExpenses": 90735000, "calculatedOperatingExpenses": 352064000, "calculatedNetInterest": 33867000, "calculatedOtherIncome": 39167000, "calculatedIncomeNonControlling": -34620000, "calculatedEbitda": 170849000}, {"date": "2017-12-31", "symbol": "FSLR", "reportedCurrency": "USD", "cik": "0001274494", "fillingDate": "2018-02-23", "acceptedDate": "2018-02-22 21:45:51", "calendarYear": "2017", "period": "FY", "revenue": 2941324000, "costOfRevenue": 2392377000, "grossProfit": 548947000, "grossProfitRatio": 0.1866326185, "researchAndDevelopmentExpenses": 88573000, "generalAndAdministrativeExpenses": 0, "sellingAndMarketingExpenses": 0, "sellingGeneralAndAdministrativeExpenses": 202699000, "otherExpenses": 23965000, "operatingExpenses": 333915000, "costAndExpenses": 2726292000, "interestIncome": 35704000, "interestExpense": 25765000, "depreciationAndAmortization": 115313000, "ebitda": 274701000, "ebitdaratio": 0.0933936554, "operatingIncome": 177851000, "operatingIncomeRatio": 0.060466307, "totalOtherIncomeExpensesNet": -22856000, "incomeBeforeTax": 202115000, "incomeBeforeTaxRatio": 0.0687156532, "incomeTaxExpense": 371996000, "netIncome": -165615000, "netIncomeRatio": -0.0563062757, "eps": -1.59, "epsdiluted": -1.59, "weightedAverageShsOut": 104160377, "weightedAverageShsOutDil": 104328000, "link": "https://www.sec.gov/Archives/edgar/data/1274494/000127449418000011/0001274494-18-000011-index.htm", "finalLink": "https://www.sec.gov/Archives/edgar/data/1274494/000127449418000011/fslr10-k12x31x2017.htm", "calculatedOtherExpenses": 79824000, "calculatedOperatingExpenses": 371096000, "calculatedNetInterest": 9939000, "calculatedOtherIncome": 14325000, "calculatedIncomeNonControlling": -4266000, "calculatedEbitda": 293164000}, {"date": "2016-12-31", "symbol": "FSLR", "reportedCurrency": "USD", "cik": "0001274494", "fillingDate": "2017-02-22", "acceptedDate": "2017-02-22 10:15:31", "calendarYear": "2016", "period": "FY", "revenue": 2951328000, "costOfRevenue": 2247349000, "grossProfit": 703979000, "grossProfitRatio": 0.2385295704, "researchAndDevelopmentExpenses": 124762000, "generalAndAdministrativeExpenses": 0, "sellingAndMarketingExpenses": 0, "sellingGeneralAndAdministrativeExpenses": 261994000, "otherExpenses": 40252000, "operatingExpenses": 387777000, "costAndExpenses": 2635126000, "interestIncome": 25193000, "interestExpense": 20538000, "depreciationAndAmortization": 230940000, "ebitda": 381647000, "ebitdaratio": 0.1293136513, "operatingIncome": -502590000, "operatingIncomeRatio": -0.1702928309, "totalOtherIncomeExpensesNet": -792547000, "incomeBeforeTax": -471690000, "incomeBeforeTaxRatio": -0.1598229678, "incomeTaxExpense": 58219000, "netIncome": -357964000, "netIncomeRatio": -0.1212891281, "eps": -3.48, "epsdiluted": -3.48, "weightedAverageShsOut": 102743703, "weightedAverageShsOutDil": 102866000, "link": "https://www.sec.gov/Archives/edgar/data/1274494/000127449417000006/0001274494-17-000006-index.htm", "finalLink": "https://www.sec.gov/Archives/edgar/data/1274494/000127449417000006/fslr10-k12x31x2016.htm", "calculatedOtherExpenses": 819813000, "calculatedOperatingExpenses": 1206569000, "calculatedNetInterest": 4655000, "calculatedOtherIncome": 26245000, "calculatedIncomeNonControlling": -171945000, "calculatedEbitda": -271650000}, {"date": "2015-12-31", "symbol": "FSLR", "reportedCurrency": "USD", "cik": "0001274494", "fillingDate": "2016-02-24", "acceptedDate": "2016-02-24 08:28:26", "calendarYear": "2015", "period": "FY", "revenue": 3578995000, "costOfRevenue": 2659728000, "grossProfit": 919267000, "grossProfitRatio": 0.2568505963, "researchAndDevelopmentExpenses": 130593000, "generalAndAdministrativeExpenses": 0, "sellingAndMarketingExpenses": 0, "sellingGeneralAndAdministrativeExpenses": 255192000, "otherExpenses": -5502000, "operatingExpenses": 402603000, "costAndExpenses": 3062331000, "interestIncome": 22516000, "interestExpense": 6975000, "depreciationAndAmortization": 257825000, "ebitda": 533678000, "ebitdaratio": 0.1491139272, "operatingIncome": 516664000, "operatingIncomeRatio": 0.1443600787, "totalOtherIncomeExpensesNet": -12370000, "incomeBeforeTax": 519835000, "incomeBeforeTaxRatio": 0.1452460817, "incomeTaxExpense": -6156000, "netIncome": 546421000, "netIncomeRatio": 0.152674424, "eps": 5.42, "epsdiluted": 5.37, "weightedAverageShsOut": 100886000, "weightedAverageShsOutDil": 101815000, "link": "https://www.sec.gov/Archives/edgar/data/1274494/000127449416000067/0001274494-16-000067-index.htm", "finalLink": "https://www.sec.gov/Archives/edgar/data/1274494/000127449416000067/fslr10-k12x31x2015.htm", "calculatedOtherExpenses": 16818000, "calculatedOperatingExpenses": 402603000, "calculatedNetInterest": 15541000, "calculatedOtherIncome": -12370000, "calculatedIncomeNonControlling": -20430000, "calculatedEbitda": 774489000}, {"date": "2014-12-31", "symbol": "FSLR", "reportedCurrency": "USD", "cik": "0001274494", "fillingDate": "2015-02-25", "acceptedDate": "2015-02-24 20:34:49", "calendarYear": "2014", "period": "FY", "revenue": 3391814000, "costOfRevenue": 2564709000, "grossProfit": 827105000, "grossProfitRatio": 0.2438532891, "researchAndDevelopmentExpenses": 143969000, "generalAndAdministrativeExpenses": 0, "sellingAndMarketingExpenses": 0, "sellingGeneralAndAdministrativeExpenses": 253827000, "otherExpenses": -5203000, "operatingExpenses": 402942000, "costAndExpenses": 2967651000, "interestIncome": 16048000, "interestExpense": 16048000, "depreciationAndAmortization": 245798000, "ebitda": 427180000, "ebitdaratio": 0.1259444061, "operatingIncome": 424163000, "operatingIncomeRatio": 0.1250549116, "totalOtherIncomeExpensesNet": -8220000, "incomeBeforeTax": 431991000, "incomeBeforeTaxRatio": 0.1273628212, "incomeTaxExpense": 30124000, "netIncome": 396918000, "netIncomeRatio": 0.1170223367, "eps": 3.97, "epsdiluted": 3.91, "weightedAverageShsOut": 100048000, "weightedAverageShsOutDil": 101643000, "link": "https://www.sec.gov/Archives/edgar/data/1274494/000127449415000006/0001274494-15-000006-index.htm", "finalLink": "https://www.sec.gov/Archives/edgar/data/1274494/000127449415000006/fslrdec1410-k.htm", "calculatedOtherExpenses": 5146000, "calculatedOperatingExpenses": 402942000, "calculatedNetInterest": 0, "calculatedOtherIncome": 7828000, "calculatedIncomeNonControlling": 4949000, "calculatedEbitda": 669961000}, {"date": "2013-12-31", "symbol": "FSLR", "reportedCurrency": "USD", "cik": "0001274494", "fillingDate": "2014-02-26", "acceptedDate": "2014-02-25 18:06:45", "calendarYear": "2013", "period": "FY", "revenue": 3308989000, "costOfRevenue": 2446235000, "grossProfit": 862754000, "grossProfitRatio": 0.2607303923, "researchAndDevelopmentExpenses": 134300000, "generalAndAdministrativeExpenses": 0, "sellingAndMarketingExpenses": 0, "sellingGeneralAndAdministrativeExpenses": 270261000, "otherExpenses": -4921000, "operatingExpenses": 407329000, "costAndExpenses": 2853564000, "interestIncome": 16752000, "interestExpense": 1884000, "depreciationAndAmortization": 234370000, "ebitda": 467256000, "ebitdaratio": 0.141208085, "operatingIncome": 368529000, "operatingIncomeRatio": 0.1113720837, "totalOtherIncomeExpensesNet": -92076000, "incomeBeforeTax": 378217000, "incomeBeforeTaxRatio": 0.1142998662, "incomeTaxExpense": 25179000, "netIncome": 353038000, "netIncomeRatio": 0.1066905934, "eps": 3.77, "epsdiluted": 3.7, "weightedAverageShsOut": 93697000, "weightedAverageShsOutDil": 95468000, "link": "https://www.sec.gov/Archives/edgar/data/1274494/000127449414000011/0001274494-14-000011-index.htm", "finalLink": "https://www.sec.gov/Archives/edgar/data/1274494/000127449414000011/fslrdec1310k.htm", "calculatedOtherExpenses": 89664000, "calculatedOperatingExpenses": 494225000, "calculatedNetInterest": 14868000, "calculatedOtherIncome": -5180000, "calculatedIncomeNonControlling": 0, "calculatedEbitda": 602899000}, {"date": "2012-12-31", "symbol": "FSLR", "reportedCurrency": "USD", "cik": "0001274494", "fillingDate": "2013-02-27", "acceptedDate": "2013-02-26 21:27:11", "calendarYear": "2012", "period": "FY", "revenue": 3368545000, "costOfRevenue": 2515796000, "grossProfit": 852749000, "grossProfitRatio": 0.2531505442, "researchAndDevelopmentExpenses": 132460000, "generalAndAdministrativeExpenses": 0, "sellingAndMarketingExpenses": 0, "sellingGeneralAndAdministrativeExpenses": 280928000, "otherExpenses": 945000, "operatingExpenses": 421211000, "costAndExpenses": 2937007000, "interestIncome": 12824000, "interestExpense": 13888000, "depreciationAndAmortization": 262716000, "ebitda": 445307000, "ebitdaratio": 0.1321956512, "operatingIncome": -37563000, "operatingIncomeRatio": -0.0111511053, "totalOtherIncomeExpensesNet": -470278000, "incomeBeforeTax": -39804000, "incomeBeforeTaxRatio": -0.0118163777, "incomeTaxExpense": 56534000, "netIncome": -96338000, "netIncomeRatio": -0.0285992914, "eps": -1.11, "epsdiluted": -1.11, "weightedAverageShsOut": 86790990, "weightedAverageShsOutDil": 86860000, "link": "https://www.sec.gov/Archives/edgar/data/1274494/000127449413000006/0001274494-13-000006-index.htm", "finalLink": "https://www.sec.gov/Archives/edgar/data/1274494/000127449413000006/fslrdec1210k.htm", "calculatedOtherExpenses": 476924000, "calculatedOperatingExpenses": 890312000, "calculatedNetInterest": -1064000, "calculatedOtherIncome": -1177000, "calculatedIncomeNonControlling": 0, "calculatedEbitda": 225153000}, {"date": "2011-12-31", "symbol": "FSLR", "reportedCurrency": "USD", "cik": "0001274494", "fillingDate": "2012-02-29", "acceptedDate": "2012-02-29 17:24:52", "calendarYear": "2011", "period": "FY", "revenue": 2766207000, "costOfRevenue": 1794456000, "grossProfit": 971751000, "grossProfitRatio": 0.3512936667, "researchAndDevelopmentExpenses": 140523000, "generalAndAdministrativeExpenses": 0, "sellingAndMarketingExpenses": 0, "sellingGeneralAndAdministrativeExpenses": 446161000, "otherExpenses": 487351000, "operatingExpenses": 586684000, "costAndExpenses": 2381140000, "interestIncome": 13391000, "interestExpense": 100000, "depreciationAndAmortization": 235231000, "ebitda": 398458000, "ebitdaratio": 0.1440448961, "operatingIncome": -68664000, "operatingIncomeRatio": -0.0248224374, "totalOtherIncomeExpensesNet": -452071000, "incomeBeforeTax": -53713000, "incomeBeforeTaxRatio": -0.0194175635, "incomeTaxExpense": -14220000, "netIncome": -39493000, "netIncomeRatio": -0.0142769504, "eps": -0.46, "epsdiluted": -0.46, "weightedAverageShsOut": 86067000, "weightedAverageShsOutDil": 86067000, "link": "https://www.sec.gov/Archives/edgar/data/1274494/000127449412000015/0001274494-12-000015-index.htm", "finalLink": "https://www.sec.gov/Archives/edgar/data/1274494/000127449412000015/fslrdec1110k.htm", "calculatedOtherExpenses": 453731000, "calculatedOperatingExpenses": 1040415000, "calculatedNetInterest": 13291000, "calculatedOtherIncome": 1660000, "calculatedIncomeNonControlling": 0, "calculatedEbitda": 166567000}, {"date": "2010-12-31", "symbol": "FSLR", "reportedCurrency": "USD", "cik": "0001274494", "fillingDate": "2011-02-28", "acceptedDate": "2011-02-25 20:13:25", "calendarYear": "2010", "period": "FY", "revenue": 2563515000, "costOfRevenue": 1378669000, "grossProfit": 1184846000, "grossProfitRatio": 0.4621958522, "researchAndDevelopmentExpenses": 94797000, "generalAndAdministrativeExpenses": 0, "sellingAndMarketingExpenses": 0, "sellingGeneralAndAdministrativeExpenses": 341146000, "otherExpenses": 19442000, "operatingExpenses": 435943000, "costAndExpenses": 1814612000, "interestIncome": 14375000, "interestExpense": 6000, "depreciationAndAmortization": 156093000, "ebitda": 763278000, "ebitdaratio": 0.2977466486, "operatingIncome": 748903000, "operatingIncomeRatio": 0.2921391137, "totalOtherIncomeExpensesNet": -1195000, "incomeBeforeTax": 762077000, "incomeBeforeTaxRatio": 0.2972781513, "incomeTaxExpense": 97876000, "netIncome": 664201000, "netIncomeRatio": 0.2590977623, "eps": 7.82, "epsdiluted": 7.68, "weightedAverageShsOut": 84891000, "weightedAverageShsOutDil": 86491000, "link": "https://www.sec.gov/Archives/edgar/data/1274494/000127449411000007/0001274494-11-000007-index.htm", "finalLink": "https://www.sec.gov/Archives/edgar/data/1274494/000127449411000007/fslrdec1010k.htm", "calculatedOtherExpenses": 0, "calculatedOperatingExpenses": 435943000, "calculatedNetInterest": 14369000, "calculatedOtherIncome": -1195000, "calculatedIncomeNonControlling": 0, "calculatedEbitda": 904996000}, {"date": "2009-12-26", "symbol": "FSLR", "reportedCurrency": "USD", "cik": "0001274494", "fillingDate": "2010-02-22", "acceptedDate": "2010-02-22 11:01:20", "calendarYear": "2009", "period": "FY", "revenue": 2066200000, "costOfRevenue": 1021618000, "grossProfit": 1044582000, "grossProfitRatio": 0.5055570613, "researchAndDevelopmentExpenses": 78161000, "generalAndAdministrativeExpenses": 0, "sellingAndMarketingExpenses": 0, "sellingGeneralAndAdministrativeExpenses": 272898000, "otherExpenses": 13908000, "operatingExpenses": 364967000, "costAndExpenses": 1386585000, "interestIncome": 9735000, "interestExpense": 5258000, "depreciationAndAmortization": 129628000, "ebitda": 689350000, "ebitdaratio": 0.3336317878, "operatingIncome": 679615000, "operatingIncomeRatio": 0.3289202401, "totalOtherIncomeExpensesNet": 2222000, "incomeBeforeTax": 686314000, "incomeBeforeTaxRatio": 0.3321624238, "incomeTaxExpense": 46176000, "netIncome": 640138000, "netIncomeRatio": 0.3098141516, "eps": 7.67, "epsdiluted": 7.53, "weightedAverageShsOut": 83500000, "weightedAverageShsOutDil": 85044000, "link": "https://www.sec.gov/Archives/edgar/data/1274494/000127449410000007/0001274494-10-000007-index.htm", "finalLink": "https://www.sec.gov/Archives/edgar/data/1274494/000127449410000007/form10-k.htm", "calculatedOtherExpenses": 13908000, "calculatedOperatingExpenses": 364967000, "calculatedNetInterest": 4477000, "calculatedOtherIncome": 2222000, "calculatedIncomeNonControlling": 0, "calculatedEbitda": 809243000}, {"date": "2008-12-27", "symbol": "FSLR", "reportedCurrency": "USD", "cik": "0001274494", "fillingDate": "2009-02-25", "acceptedDate": "2009-02-25 06:01:45", "calendarYear": "2008", "period": "FY", "revenue": 1246301000, "costOfRevenue": 567908000, "grossProfit": 678393000, "grossProfitRatio": 0.544325167, "researchAndDevelopmentExpenses": 33517000, "generalAndAdministrativeExpenses": 0, "sellingAndMarketingExpenses": 0, "sellingGeneralAndAdministrativeExpenses": 206537000, "otherExpenses": 32498000, "operatingExpenses": 240054000, "costAndExpenses": 807962000, "interestIncome": 21158000, "interestExpense": -509000, "depreciationAndAmortization": 60853000, "ebitda": 494404000, "ebitdaratio": 0.3966971061, "operatingIncome": 438339000, "operatingIncomeRatio": 0.3517119861, "totalOtherIncomeExpensesNet": 4788000, "incomeBeforeTax": 463776000, "incomeBeforeTaxRatio": 0.3721219834, "incomeTaxExpense": 115446000, "netIncome": 348330000, "netIncomeRatio": 0.27949107, "eps": 4.34, "epsdiluted": 4.24, "weightedAverageShsOut": 80178000, "weightedAverageShsOutDil": 82124000, "link": "https://www.sec.gov/Archives/edgar/data/1274494/000095013409003635/0000950134-09-003635-index.htm", "finalLink": "https://www.sec.gov/Archives/edgar/data/1274494/000095013409003635/p14089e10vk.htm", "calculatedOtherExpenses": 0, "calculatedOperatingExpenses": 240054000, "calculatedNetInterest": 21667000, "calculatedOtherIncome": 3770000, "calculatedIncomeNonControlling": 0, "calculatedEbitda": 499192000}, {"date": "2007-12-29", "symbol": "FSLR", "reportedCurrency": "USD", "cik": "0001274494", "fillingDate": "2008-02-21", "acceptedDate": "2008-02-21 17:32:07", "calendarYear": "2007", "period": "FY", "revenue": 503976000, "costOfRevenue": 252573000, "grossProfit": 251403000, "grossProfitRatio": 0.4988392304, "researchAndDevelopmentExpenses": 15107000, "generalAndAdministrativeExpenses": 0, "sellingAndMarketingExpenses": 0, "sellingGeneralAndAdministrativeExpenses": 99115000, "otherExpenses": 0, "operatingExpenses": 114222000, "costAndExpenses": 366795000, "interestIncome": 0, "interestExpense": 0, "depreciationAndAmortization": 24481000, "ebitda": 161000000, "ebitdaratio": 0.3194596568, "operatingIncome": 137181000, "operatingIncomeRatio": 0.2721974856, "totalOtherIncomeExpensesNet": 662000, "incomeBeforeTax": 155962000, "incomeBeforeTaxRatio": 0.309463149, "incomeTaxExpense": -2392000, "netIncome": 158354000, "netIncomeRatio": 0.3142094068, "eps": 2.12, "epsdiluted": 2.03, "weightedAverageShsOut": 74701000, "weightedAverageShsOutDil": 77971000, "link": "https://www.sec.gov/Archives/edgar/data/1274494/000095015308000367/0000950153-08-000367-index.htm", "finalLink": "https://www.sec.gov/Archives/edgar/data/1274494/000095015308000367/p75017e10vk.htm", "calculatedOtherExpenses": 0, "calculatedOperatingExpenses": 114222000, "calculatedNetInterest": 0, "calculatedOtherIncome": 18781000, "calculatedIncomeNonControlling": 0, "calculatedEbitda": 161662000}, {"date": "2006-12-30", "symbol": "FSLR", "reportedCurrency": "USD", "cik": "0001274494", "fillingDate": "2007-03-16", "acceptedDate": "2007-03-16 06:02:11", "calendarYear": "2006", "period": "FY", "revenue": 134974000, "costOfRevenue": 80730000, "grossProfit": 54244000, "grossProfitRatio": 0.4018848074, "researchAndDevelopmentExpenses": 6361000, "generalAndAdministrativeExpenses": 0, "sellingAndMarketingExpenses": 0, "sellingGeneralAndAdministrativeExpenses": 45073000, "otherExpenses": 0, "operatingExpenses": 51434000, "costAndExpenses": 132164000, "interestIncome": 0, "interestExpense": 0, "depreciationAndAmortization": 10210000, "ebitda": 5627000, "ebitdaratio": 0.0416895106, "operatingIncome": 2810000, "operatingIncomeRatio": 0.0208188244, "totalOtherIncomeExpensesNet": 7393000, "incomeBeforeTax": 9180000, "incomeBeforeTaxRatio": 0.0680130988, "incomeTaxExpense": 5206000, "netIncome": 3974000, "netIncomeRatio": 0.0294427075, "eps": 0.07, "epsdiluted": 0.07, "weightedAverageShsOut": 56310000, "weightedAverageShsOutDil": 58255000, "link": "https://www.sec.gov/Archives/edgar/data/1274494/000095015307000576/0000950153-07-000576-index.htm", "finalLink": "https://www.sec.gov/Archives/edgar/data/1274494/000095015307000576/p73572e10vk.htm", "calculatedOtherExpenses": 0, "calculatedOperatingExpenses": 51434000, "calculatedNetInterest": 0, "calculatedOtherIncome": 6370000, "calculatedIncomeNonControlling": 0, "calculatedEbitda": 13020000}, {"date": "2005-12-31", "symbol": "FSLR", "reportedCurrency": "USD", "cik": "0001274494", "fillingDate": "2005-12-31", "acceptedDate": "2005-12-31 00:00:00", "calendarYear": "2005", "period": "FY", "revenue": 48063000, "costOfRevenue": 31483000, "grossProfit": 16580000, "grossProfitRatio": 0.3449639015, "researchAndDevelopmentExpenses": 2372000, "generalAndAdministrativeExpenses": 0, "sellingAndMarketingExpenses": 0, "sellingGeneralAndAdministrativeExpenses": 18998000, "otherExpenses": 0, "operatingExpenses": 21370000, "costAndExpenses": 52853000, "interestIncome": 0, "interestExpense": 0, "depreciationAndAmortization": 3376000, "ebitda": -71000, "ebitdaratio": -0.0014772278, "operatingIncome": -4790000, "operatingIncomeRatio": -0.0996608618, "totalOtherIncomeExpensesNet": -1343000, "incomeBeforeTax": -6551000, "incomeBeforeTaxRatio": -0.1363002726, "incomeTaxExpense": -89000, "netIncome": -6462000, "netIncomeRatio": -0.1344485363, "eps": -0.13, "epsdiluted": -0.13, "weightedAverageShsOut": 48846000, "weightedAverageShsOutDil": 48846000, "link": null, "finalLink": null, "calculatedOtherExpenses": 0, "calculatedOperatingExpenses": 21370000, "calculatedNetInterest": 0, "calculatedOtherIncome": -1761000, "calculatedIncomeNonControlling": 0, "calculatedEbitda": -1414000}, {"date": "2004-12-31", "symbol": "FSLR", "reportedCurrency": "USD", "cik": "0001274494", "fillingDate": "2004-12-31", "acceptedDate": "2004-12-31 00:00:00", "calendarYear": "2004", "period": "FY", "revenue": 13522000, "costOfRevenue": 18851000, "grossProfit": -5329000, "grossProfitRatio": -0.3940985061, "researchAndDevelopmentExpenses": 1240000, "generalAndAdministrativeExpenses": 0, "sellingAndMarketingExpenses": 0, "sellingGeneralAndAdministrativeExpenses": 10212000, "otherExpenses": 0, "operatingExpenses": 11452000, "costAndExpenses": 30303000, "interestIncome": 0, "interestExpense": 0, "depreciationAndAmortization": 1944000, "ebitda": -14947000, "ebitdaratio": -1.105383819, "operatingIncome": -16781000, "operatingIncomeRatio": -1.2410146428, "totalOtherIncomeExpensesNet": 110000, "incomeBeforeTax": -16771000, "incomeBeforeTaxRatio": -1.2402751072, "incomeTaxExpense": -10000, "netIncome": -16771000, "netIncomeRatio": -1.2402751072, "eps": -0.39, "epsdiluted": -0.38, "weightedAverageShsOut": 43198000, "weightedAverageShsOutDil": 43918000, "link": null, "finalLink": null, "calculatedOtherExpenses": 0, "calculatedOperatingExpenses": 11452000, "calculatedNetInterest": 0, "calculatedOtherIncome": 10000, "calculatedIncomeNonControlling": 10000, "calculatedEbitda": -14837000}, {"date": "2003-12-31", "symbol": "FSLR", "reportedCurrency": "USD", "cik": "0001274494", "fillingDate": "2003-12-31", "acceptedDate": "2003-12-31 00:00:00", "calendarYear": "2003", "period": "FY", "revenue": 3210000, "costOfRevenue": 0, "grossProfit": 3210000, "grossProfitRatio": 1, "researchAndDevelopmentExpenses": 0, "generalAndAdministrativeExpenses": 0, "sellingAndMarketingExpenses": 0, "sellingGeneralAndAdministrativeExpenses": 0, "otherExpenses": 0, "operatingExpenses": 0, "costAndExpenses": 0, "interestIncome": 0, "interestExpense": 0, "depreciationAndAmortization": 0, "ebitda": 3210000, "ebitdaratio": 1, "operatingIncome": 3210000, "operatingIncomeRatio": 1, "totalOtherIncomeExpensesNet": -31253000, "incomeBeforeTax": -28043000, "incomeBeforeTaxRatio": -8.7361370717, "incomeTaxExpense": 28043000, "netIncome": -28043000, "netIncomeRatio": -8.7361370717, "eps": -0.78, "epsdiluted": -0.78, "weightedAverageShsOut": 36028000, "weightedAverageShsOutDil": 36028000, "link": null, "finalLink": null, "calculatedOtherExpenses": 0, "calculatedOperatingExpenses": 0, "calculatedNetInterest": 0, "calculatedOtherIncome": -31253000, "calculatedIncomeNonControlling": -28043000, "calculatedEbitda": 3210000}, {"date": "2002-12-31", "symbol": "FSLR", "reportedCurrency": "USD", "cik": "0001274494", "fillingDate": "2002-12-31", "acceptedDate": "2002-12-31 00:00:00", "calendarYear": "2002", "period": "FY", "revenue": 490000, "costOfRevenue": 7007000, "grossProfit": -6517000, "grossProfitRatio": -13.3, "researchAndDevelopmentExpenses": 6029000, "generalAndAdministrativeExpenses": 0, "sellingAndMarketingExpenses": 0, "sellingGeneralAndAdministrativeExpenses": 9588000, "otherExpenses": 0, "operatingExpenses": 15617000, "costAndExpenses": 22624000, "interestIncome": 0, "interestExpense": 0, "depreciationAndAmortization": -68000, "ebitda": -22202000, "ebitdaratio": -45.3102040816, "operatingIncome": -22134000, "operatingIncomeRatio": -45.1714285714, "totalOtherIncomeExpensesNet": 68000, "incomeBeforeTax": -26224000, "incomeBeforeTaxRatio": -53.5183673469, "incomeTaxExpense": 4158000, "netIncome": -26224000, "netIncomeRatio": -53.5183673469, "eps": -0.49, "epsdiluted": -0.49, "weightedAverageShsOut": 53757000, "weightedAverageShsOutDil": 53757000, "link": null, "finalLink": null, "calculatedOtherExpenses": 0, "calculatedOperatingExpenses": 15617000, "calculatedNetInterest": 0, "calculatedOtherIncome": -4090000, "calculatedIncomeNonControlling": -4158000, "calculatedEbitda": -22202000}, {"date": "2001-12-31", "symbol": "FSLR", "reportedCurrency": "USD", "cik": "0001274494", "fillingDate": "2001-12-31", "acceptedDate": "2001-12-31 00:00:00", "calendarYear": "2001", "period": "FY", "revenue": 0, "costOfRevenue": 14271000, "grossProfit": -14271000, "grossProfitRatio": 0, "researchAndDevelopmentExpenses": 3766000, "generalAndAdministrativeExpenses": 0, "sellingAndMarketingExpenses": 0, "sellingGeneralAndAdministrativeExpenses": 7570000, "otherExpenses": 119000, "operatingExpenses": 11455000, "costAndExpenses": 25726000, "interestIncome": 0, "interestExpense": 0, "depreciationAndAmortization": 0, "ebitda": -25726000, "ebitdaratio": 0, "operatingIncome": -25726000, "operatingIncomeRatio": 0, "totalOtherIncomeExpensesNet": 25726000, "incomeBeforeTax": -27134000, "incomeBeforeTaxRatio": 0, "incomeTaxExpense": 27134000, "netIncome": -27134000, "netIncomeRatio": 0, "eps": -0.5, "epsdiluted": -0.5, "weightedAverageShsOut": 53757000, "weightedAverageShsOutDil": 53757000, "link": null, "finalLink": null, "calculatedOtherExpenses": 119000, "calculatedOperatingExpenses": 11455000, "calculatedNetInterest": 0, "calculatedOtherIncome": -1408000, "calculatedIncomeNonControlling": -27134000, "calculatedEbitda": -25726000}]}