{"originalCurrency": "USD", "convertedCurrency": "USD", "report": [{"date": "2023-12-31", "symbol": "FSS", "reportedCurrency": "USD", "cik": "0000277509", "fillingDate": "2024-02-27", "acceptedDate": "2024-02-27 14:58:28", "calendarYear": "2023", "period": "FY", "revenue": 1722700000, "costOfRevenue": 1279800000, "grossProfit": 442900000, "grossProfitRatio": 0.2570964184, "researchAndDevelopmentExpenses": 12400000, "generalAndAdministrativeExpenses": 210100000, "sellingAndMarketingExpenses": -12400000, "sellingGeneralAndAdministrativeExpenses": 197700000, "otherExpenses": -7900000, "operatingExpenses": 218000000, "costAndExpenses": 1497800000, "interestIncome": 0, "interestExpense": 22900000, "depreciationAndAmortization": 60400000, "ebitda": 285300000, "ebitdaratio": 0.1656121205, "operatingIncome": 224900000, "operatingIncomeRatio": 0.1305508794, "totalOtherIncomeExpensesNet": -21900000, "incomeBeforeTax": 203000000, "incomeBeforeTaxRatio": 0.1178382771, "incomeTaxExpense": 45600000, "netIncome": 157400000, "netIncomeRatio": 0.0913682011, "eps": 2.59, "epsdiluted": 2.56, "weightedAverageShsOut": 60700000, "weightedAverageShsOutDil": 61500000, "link": "https://www.sec.gov/Archives/edgar/data/277509/000027750924000005/0000277509-24-000005-index.htm", "finalLink": "https://www.sec.gov/Archives/edgar/data/277509/000027750924000005/fss-20231231.htm", "calculatedOtherExpenses": 7900000, "calculatedOperatingExpenses": 218000000, "calculatedNetInterest": -22900000, "calculatedOtherIncome": 1000000, "calculatedIncomeNonControlling": 0, "calculatedEbitda": 285300000}, {"date": "2022-12-31", "symbol": "FSS", "reportedCurrency": "USD", "cik": "0000277509", "fillingDate": "2023-03-01", "acceptedDate": "2023-03-01 14:19:23", "calendarYear": "2022", "period": "FY", "revenue": 1434800000, "costOfRevenue": 1089900000, "grossProfit": 344900000, "grossProfitRatio": 0.2403819348, "researchAndDevelopmentExpenses": 11500000, "generalAndAdministrativeExpenses": 171700000, "sellingAndMarketingExpenses": 0, "sellingGeneralAndAdministrativeExpenses": 171700000, "otherExpenses": 12900000, "operatingExpenses": 184600000, "costAndExpenses": 1274500000, "interestIncome": 10300000, "interestExpense": 10300000, "depreciationAndAmortization": 54600000, "ebitda": 215400000, "ebitdaratio": 0.150125453, "operatingIncome": 160800000, "operatingIncomeRatio": 0.1120713688, "totalOtherIncomeExpensesNet": -9900000, "incomeBeforeTax": 150900000, "incomeBeforeTaxRatio": 0.1051714525, "incomeTaxExpense": 30500000, "netIncome": 120400000, "netIncomeRatio": 0.0839141344, "eps": 1.99, "epsdiluted": 1.97, "weightedAverageShsOut": 60500000, "weightedAverageShsOutDil": 61200000, "link": "https://www.sec.gov/Archives/edgar/data/277509/000027750923000004/0000277509-23-000004-index.htm", "finalLink": "https://www.sec.gov/Archives/edgar/data/277509/000027750923000004/fss-20221231.htm", "calculatedOtherExpenses": 900000, "calculatedOperatingExpenses": 184100000, "calculatedNetInterest": 0, "calculatedOtherIncome": -9900000, "calculatedIncomeNonControlling": 0, "calculatedEbitda": 215400000}, {"date": "2021-12-31", "symbol": "FSS", "reportedCurrency": "USD", "cik": "0000277509", "fillingDate": "2022-03-01", "acceptedDate": "2022-03-01 16:41:32", "calendarYear": "2021", "period": "FY", "revenue": 1213200000, "costOfRevenue": 924500000, "grossProfit": 288700000, "grossProfitRatio": 0.2379657105, "researchAndDevelopmentExpenses": 11400000, "generalAndAdministrativeExpenses": 159500000, "sellingAndMarketingExpenses": 0, "sellingGeneralAndAdministrativeExpenses": 159500000, "otherExpenses": 10900000, "operatingExpenses": 170400000, "costAndExpenses": 1094900000, "interestIncome": 4500000, "interestExpense": 4500000, "depreciationAndAmortization": 39700000, "ebitda": 170400000, "ebitdaratio": 0.1404549951, "operatingIncome": 130700000, "operatingIncomeRatio": 0.1077316189, "totalOtherIncomeExpensesNet": -13100000, "incomeBeforeTax": 117600000, "incomeBeforeTaxRatio": 0.096933729, "incomeTaxExpense": 17000000, "netIncome": 100600000, "netIncomeRatio": 0.0829212001, "eps": 1.65, "epsdiluted": 1.63, "weightedAverageShsOut": 60800000, "weightedAverageShsOutDil": 61900000, "link": "https://www.sec.gov/Archives/edgar/data/277509/000027750922000006/0000277509-22-000006-index.htm", "finalLink": "https://www.sec.gov/Archives/edgar/data/277509/000027750922000006/fss-20211231.htm", "calculatedOtherExpenses": -12900000, "calculatedOperatingExpenses": 158000000, "calculatedNetInterest": 0, "calculatedOtherIncome": -13100000, "calculatedIncomeNonControlling": 0, "calculatedEbitda": 170400000}, {"date": "2020-12-31", "symbol": "FSS", "reportedCurrency": "USD", "cik": "0000277509", "fillingDate": "2021-02-25", "acceptedDate": "2021-02-25 13:15:54", "calendarYear": "2020", "period": "FY", "revenue": 1130800000, "costOfRevenue": 837200000, "grossProfit": 293600000, "grossProfitRatio": 0.2596391935, "researchAndDevelopmentExpenses": 12200000, "generalAndAdministrativeExpenses": 149200000, "sellingAndMarketingExpenses": 9600000, "sellingGeneralAndAdministrativeExpenses": 158800000, "otherExpenses": -1100000, "operatingExpenses": 158800000, "costAndExpenses": 996000000, "interestIncome": 5700000, "interestExpense": 5700000, "depreciationAndAmortization": 47100000, "ebitda": 178500000, "ebitdaratio": 0.1578528475, "operatingIncome": 131400000, "operatingIncomeRatio": 0.1162009197, "totalOtherIncomeExpensesNet": -6800000, "incomeBeforeTax": 124600000, "incomeBeforeTaxRatio": 0.1101874779, "incomeTaxExpense": 28500000, "netIncome": 96200000, "netIncomeRatio": 0.085072515, "eps": 1.6, "epsdiluted": 1.56, "weightedAverageShsOut": 60300000, "weightedAverageShsOutDil": 61700000, "link": "https://www.sec.gov/Archives/edgar/data/277509/000027750921000005/0000277509-21-000005-index.htm", "finalLink": "https://www.sec.gov/Archives/edgar/data/277509/000027750921000005/fss-20201231.htm", "calculatedOtherExpenses": -8800000, "calculatedOperatingExpenses": 162200000, "calculatedNetInterest": 0, "calculatedOtherIncome": -6800000, "calculatedIncomeNonControlling": -100000, "calculatedEbitda": 178500000}, {"date": "2019-12-31", "symbol": "FSS", "reportedCurrency": "USD", "cik": "0000277509", "fillingDate": "2020-02-27", "acceptedDate": "2020-02-27 14:47:33", "calendarYear": "2019", "period": "FY", "revenue": 1221300000, "costOfRevenue": 898500000, "grossProfit": 322800000, "grossProfitRatio": 0.2643085237, "researchAndDevelopmentExpenses": 13600000, "generalAndAdministrativeExpenses": 173200000, "sellingAndMarketingExpenses": 0, "sellingGeneralAndAdministrativeExpenses": 173200000, "otherExpenses": -600000, "operatingExpenses": 173200000, "costAndExpenses": 1071700000, "interestIncome": 7900000, "interestExpense": 7900000, "depreciationAndAmortization": 43400000, "ebitda": 190500000, "ebitdaratio": 0.1559813314, "operatingIncome": 147100000, "operatingIncomeRatio": 0.120445427, "totalOtherIncomeExpensesNet": -8500000, "incomeBeforeTax": 138600000, "incomeBeforeTaxRatio": 0.1134856301, "incomeTaxExpense": 30200000, "netIncome": 108500000, "netIncomeRatio": 0.0888397609, "eps": 1.8, "epsdiluted": 1.76, "weightedAverageShsOut": 60200000, "weightedAverageShsOutDil": 61600000, "link": "https://www.sec.gov/Archives/edgar/data/277509/000027750920000006/0000277509-20-000006-index.htm", "finalLink": "https://www.sec.gov/Archives/edgar/data/277509/000027750920000006/fss10k20191231.htm", "calculatedOtherExpenses": -11100000, "calculatedOperatingExpenses": 175700000, "calculatedNetInterest": 0, "calculatedOtherIncome": -8500000, "calculatedIncomeNonControlling": -100000, "calculatedEbitda": 190500000}, {"date": "2018-12-31", "symbol": "FSS", "reportedCurrency": "USD", "cik": "0000277509", "fillingDate": "2019-02-28", "acceptedDate": "2019-02-28 15:01:21", "calendarYear": "2018", "period": "FY", "revenue": 1089500000, "costOfRevenue": 807400000, "grossProfit": 282100000, "grossProfitRatio": 0.2589261129, "researchAndDevelopmentExpenses": 13000000, "generalAndAdministrativeExpenses": 159100000, "sellingAndMarketingExpenses": 0, "sellingGeneralAndAdministrativeExpenses": 159100000, "otherExpenses": -600000, "operatingExpenses": 159100000, "costAndExpenses": 966500000, "interestIncome": 0, "interestExpense": 9300000, "depreciationAndAmortization": 36400000, "ebitda": 158800000, "ebitdaratio": 0.1457549335, "operatingIncome": 121500000, "operatingIncomeRatio": 0.1115190454, "totalOtherIncomeExpensesNet": -2100000, "incomeBeforeTax": 111600000, "incomeBeforeTaxRatio": 0.1024323084, "incomeTaxExpense": 17900000, "netIncome": 94000000, "netIncomeRatio": 0.0862781092, "eps": 1.57, "epsdiluted": 1.54, "weightedAverageShsOut": 59900000, "weightedAverageShsOutDil": 61200000, "link": "https://www.sec.gov/Archives/edgar/data/277509/000027750919000008/0000277509-19-000008-index.htm", "finalLink": "https://www.sec.gov/Archives/edgar/data/277509/000027750919000008/fss10k20181231.htm", "calculatedOtherExpenses": -11500000, "calculatedOperatingExpenses": 160600000, "calculatedNetInterest": -9300000, "calculatedOtherIncome": -600000, "calculatedIncomeNonControlling": -300000, "calculatedEbitda": 157900000}, {"date": "2017-12-31", "symbol": "FSS", "reportedCurrency": "USD", "cik": "0000277509", "fillingDate": "2018-02-28", "acceptedDate": "2018-02-28 16:45:38", "calendarYear": "2017", "period": "FY", "revenue": 898500000, "costOfRevenue": 677300000, "grossProfit": 221200000, "grossProfitRatio": 0.2461880913, "researchAndDevelopmentExpenses": 13000000, "generalAndAdministrativeExpenses": 150800000, "sellingAndMarketingExpenses": 0, "sellingGeneralAndAdministrativeExpenses": 150800000, "otherExpenses": 1200000, "operatingExpenses": 150800000, "costAndExpenses": 828100000, "interestIncome": 0, "interestExpense": 7300000, "depreciationAndAmortization": 30000000, "ebitda": 101600000, "ebitdaratio": 0.1130773511, "operatingIncome": 67100000, "operatingIncomeRatio": 0.0746800223, "totalOtherIncomeExpensesNet": -2100000, "incomeBeforeTax": 61000000, "incomeBeforeTaxRatio": 0.0678909293, "incomeTaxExpense": 500000, "netIncome": 61600000, "netIncomeRatio": 0.068558709, "eps": 1.03, "epsdiluted": 1.02, "weightedAverageShsOut": 59700000, "weightedAverageShsOutDil": 60400000, "link": "https://www.sec.gov/Archives/edgar/data/277509/000027750918000006/0000277509-18-000006-index.htm", "finalLink": "https://www.sec.gov/Archives/edgar/data/277509/000027750918000006/fss10k20171231.htm", "calculatedOtherExpenses": -9700000, "calculatedOperatingExpenses": 154100000, "calculatedNetInterest": -7300000, "calculatedOtherIncome": 1200000, "calculatedIncomeNonControlling": -1100000, "calculatedEbitda": 97100000}, {"date": "2016-12-31", "symbol": "FSS", "reportedCurrency": "USD", "cik": "0000277509", "fillingDate": "2017-02-28", "acceptedDate": "2017-02-28 15:48:58", "calendarYear": "2016", "period": "FY", "revenue": 707900000, "costOfRevenue": 524800000, "grossProfit": 183100000, "grossProfitRatio": 0.258652352, "researchAndDevelopmentExpenses": 13400000, "generalAndAdministrativeExpenses": 0, "sellingAndMarketingExpenses": 0, "sellingGeneralAndAdministrativeExpenses": 122300000, "otherExpenses": 1300000, "operatingExpenses": 122300000, "costAndExpenses": 647100000, "interestIncome": 0, "interestExpense": 1900000, "depreciationAndAmortization": 19100000, "ebitda": 80900000, "ebitdaratio": 0.1142816782, "operatingIncome": 57700000, "operatingIncomeRatio": 0.0815086877, "totalOtherIncomeExpensesNet": -1800000, "incomeBeforeTax": 56800000, "incomeBeforeTaxRatio": 0.0802373217, "incomeTaxExpense": 17400000, "netIncome": 43800000, "netIncomeRatio": 0.0618731459, "eps": 0.72, "epsdiluted": 0.71, "weightedAverageShsOut": 60400000, "weightedAverageShsOutDil": 61200000, "link": "https://www.sec.gov/Archives/edgar/data/277509/000027750917000008/0000277509-17-000008-index.htm", "finalLink": "https://www.sec.gov/Archives/edgar/data/277509/000027750917000008/fss10k20161231.htm", "calculatedOtherExpenses": -10300000, "calculatedOperatingExpenses": 125400000, "calculatedNetInterest": -1900000, "calculatedOtherIncome": 1000000, "calculatedIncomeNonControlling": -4400000, "calculatedEbitda": 76800000}, {"date": "2015-12-31", "symbol": "FSS", "reportedCurrency": "USD", "cik": "0000277509", "fillingDate": "2016-02-29", "acceptedDate": "2016-02-29 14:47:32", "calendarYear": "2015", "period": "FY", "revenue": 768000000, "costOfRevenue": 542400000, "grossProfit": 225600000, "grossProfitRatio": 0.29375, "researchAndDevelopmentExpenses": 14000000, "generalAndAdministrativeExpenses": 0, "sellingAndMarketingExpenses": 0, "sellingGeneralAndAdministrativeExpenses": 122000000, "otherExpenses": -1000000, "operatingExpenses": 122000000, "costAndExpenses": 664400000, "interestIncome": 0, "interestExpense": 2300000, "depreciationAndAmortization": 12300000, "ebitda": 114900000, "ebitdaratio": 0.149609375, "operatingIncome": 103200000, "operatingIncomeRatio": 0.134375, "totalOtherIncomeExpensesNet": -1400000, "incomeBeforeTax": 99900000, "incomeBeforeTaxRatio": 0.130078125, "incomeTaxExpense": 34100000, "netIncome": 63500000, "netIncomeRatio": 0.0826822917, "eps": 1.02, "epsdiluted": 1, "weightedAverageShsOut": 62200000, "weightedAverageShsOutDil": 63400000, "link": "https://www.sec.gov/Archives/edgar/data/277509/000027750916000096/0000277509-16-000096-index.htm", "finalLink": "https://www.sec.gov/Archives/edgar/data/277509/000027750916000096/fss10k20151231.htm", "calculatedOtherExpenses": -13600000, "calculatedOperatingExpenses": 122400000, "calculatedNetInterest": -2300000, "calculatedOtherIncome": -1000000, "calculatedIncomeNonControlling": 2300000, "calculatedEbitda": 115500000}, {"date": "2014-12-31", "symbol": "FSS", "reportedCurrency": "USD", "cik": "0000277509", "fillingDate": "2015-03-02", "acceptedDate": "2015-03-02 15:16:49", "calendarYear": "2014", "period": "FY", "revenue": 918500000, "costOfRevenue": 685200000, "grossProfit": 233300000, "grossProfitRatio": 0.2540010887, "researchAndDevelopmentExpenses": 13100000, "generalAndAdministrativeExpenses": 0, "sellingAndMarketingExpenses": 0, "sellingGeneralAndAdministrativeExpenses": 140700000, "otherExpenses": -1500000, "operatingExpenses": 140700000, "costAndExpenses": 825900000, "interestIncome": 0, "interestExpense": 3800000, "depreciationAndAmortization": 15000000, "ebitda": 106100000, "ebitdaratio": 0.1155144257, "operatingIncome": 92600000, "operatingIncomeRatio": 0.1008165487, "totalOtherIncomeExpensesNet": -1500000, "incomeBeforeTax": 87300000, "incomeBeforeTaxRatio": 0.0950462711, "incomeTaxExpense": 24300000, "netIncome": 63700000, "netIncomeRatio": 0.0693522047, "eps": 1.01, "epsdiluted": 1, "weightedAverageShsOut": 62700000, "weightedAverageShsOutDil": 63600000, "link": "https://www.sec.gov/Archives/edgar/data/277509/000027750915000008/0000277509-15-000008-index.htm", "finalLink": "https://www.sec.gov/Archives/edgar/data/277509/000027750915000008/fss10k20141231.htm", "calculatedOtherExpenses": -13100000, "calculatedOperatingExpenses": 140700000, "calculatedNetInterest": -3800000, "calculatedOtherIncome": -1500000, "calculatedIncomeNonControlling": -700000, "calculatedEbitda": 107600000}, {"date": "2013-12-31", "symbol": "FSS", "reportedCurrency": "USD", "cik": "0000277509", "fillingDate": "2014-03-05", "acceptedDate": "2014-03-05 17:11:10", "calendarYear": "2013", "period": "FY", "revenue": 851300000, "costOfRevenue": 646200000, "grossProfit": 205100000, "grossProfitRatio": 0.2409256431, "researchAndDevelopmentExpenses": 11000000, "generalAndAdministrativeExpenses": 0, "sellingAndMarketingExpenses": 0, "sellingGeneralAndAdministrativeExpenses": 133800000, "otherExpenses": -100000, "operatingExpenses": 133800000, "costAndExpenses": 780000000, "interestIncome": 0, "interestExpense": 8800000, "depreciationAndAmortization": 14200000, "ebitda": 76700000, "ebitdaratio": 0.0900974979, "operatingIncome": 70600000, "operatingIncomeRatio": 0.0829319864, "totalOtherIncomeExpensesNet": -800000, "incomeBeforeTax": 53000000, "incomeBeforeTaxRatio": 0.0622577235, "incomeTaxExpense": -107200000, "netIncome": 160000000, "netIncomeRatio": 0.1879478445, "eps": 2.56, "epsdiluted": 2.53, "weightedAverageShsOut": 62600000, "weightedAverageShsOutDil": 63200000, "link": "https://www.sec.gov/Archives/edgar/data/277509/000027750914000007/0000277509-14-000007-index.htm", "finalLink": "https://www.sec.gov/Archives/edgar/data/277509/000027750914000007/fss10k20131231.htm", "calculatedOtherExpenses": -10300000, "calculatedOperatingExpenses": 134500000, "calculatedNetInterest": -8800000, "calculatedOtherIncome": -8800000, "calculatedIncomeNonControlling": 200000, "calculatedEbitda": 84800000}, {"date": "2012-12-31", "symbol": "FSS", "reportedCurrency": "USD", "cik": "0000277509", "fillingDate": "2013-03-15", "acceptedDate": "2013-03-15 12:13:29", "calendarYear": "2012", "period": "FY", "revenue": 803200000, "costOfRevenue": 613400000, "grossProfit": 189800000, "grossProfitRatio": 0.2363047809, "researchAndDevelopmentExpenses": 10000000, "generalAndAdministrativeExpenses": 0, "sellingAndMarketingExpenses": 0, "sellingGeneralAndAdministrativeExpenses": 136900000, "otherExpenses": -700000, "operatingExpenses": 136900000, "costAndExpenses": 750300000, "interestIncome": 0, "interestExpense": 21400000, "depreciationAndAmortization": 13200000, "ebitda": 61900000, "ebitdaratio": 0.0770667331, "operatingIncome": 51500000, "operatingIncomeRatio": 0.0641185259, "totalOtherIncomeExpensesNet": -2100000, "incomeBeforeTax": 25900000, "incomeBeforeTaxRatio": 0.0322460159, "incomeTaxExpense": 3900000, "netIncome": -27500000, "netIncomeRatio": -0.0342380478, "eps": -0.44, "epsdiluted": -0.44, "weightedAverageShsOut": 62300000, "weightedAverageShsOutDil": 62700000, "link": "https://www.sec.gov/Archives/edgar/data/277509/000119312513109337/0001193125-13-109337-index.htm", "finalLink": "https://www.sec.gov/Archives/edgar/data/277509/000119312513109337/d451748d10k.htm", "calculatedOtherExpenses": -8600000, "calculatedOperatingExpenses": 138300000, "calculatedNetInterest": -21400000, "calculatedOtherIncome": -4200000, "calculatedIncomeNonControlling": 49500000, "calculatedEbitda": 64700000}, {"date": "2011-12-31", "symbol": "FSS", "reportedCurrency": "USD", "cik": "0000277509", "fillingDate": "2012-03-14", "acceptedDate": "2012-03-14 16:53:40", "calendarYear": "2011", "period": "FY", "revenue": 795600000, "costOfRevenue": 600600000, "grossProfit": 195000000, "grossProfitRatio": 0.2450980392, "researchAndDevelopmentExpenses": 0, "generalAndAdministrativeExpenses": 0, "sellingAndMarketingExpenses": 0, "sellingGeneralAndAdministrativeExpenses": 171100000, "otherExpenses": 20600000, "operatingExpenses": 191700000, "costAndExpenses": 792300000, "interestIncome": 0, "interestExpense": 16400000, "depreciationAndAmortization": 22500000, "ebitda": 25800000, "ebitdaratio": 0.032428356, "operatingIncome": 3300000, "operatingIncomeRatio": 0.004147813, "totalOtherIncomeExpensesNet": -200000, "incomeBeforeTax": -13300000, "incomeBeforeTaxRatio": -0.0167169432, "incomeTaxExpense": 1100000, "netIncome": -14200000, "netIncomeRatio": -0.0178481649, "eps": -0.23, "epsdiluted": -0.23, "weightedAverageShsOut": 62200000, "weightedAverageShsOutDil": 62200000, "link": "https://www.sec.gov/Archives/edgar/data/277509/000119312512115045/0001193125-12-115045-index.htm", "finalLink": "https://www.sec.gov/Archives/edgar/data/277509/000119312512115045/d281202d10k.htm", "calculatedOtherExpenses": 20600000, "calculatedOperatingExpenses": 191700000, "calculatedNetInterest": -16400000, "calculatedOtherIncome": -200000, "calculatedIncomeNonControlling": -200000, "calculatedEbitda": 25800000}, {"date": "2010-12-31", "symbol": "FSS", "reportedCurrency": "USD", "cik": "0000277509", "fillingDate": "2011-03-16", "acceptedDate": "2011-03-16 14:59:51", "calendarYear": "2010", "period": "FY", "revenue": 726500000, "costOfRevenue": 542300000, "grossProfit": 184200000, "grossProfitRatio": 0.2535443909, "researchAndDevelopmentExpenses": 0, "generalAndAdministrativeExpenses": 0, "sellingAndMarketingExpenses": 0, "sellingGeneralAndAdministrativeExpenses": 173300000, "otherExpenses": 0, "operatingExpenses": 173300000, "costAndExpenses": 715600000, "interestIncome": 0, "interestExpense": 10300000, "depreciationAndAmortization": 19200000, "ebitda": 30100000, "ebitdaratio": 0.041431521, "operatingIncome": -76900000, "operatingIncomeRatio": -0.1058499656, "totalOtherIncomeExpensesNet": -89000000, "incomeBeforeTax": -88400000, "incomeBeforeTaxRatio": -0.1216792842, "incomeTaxExpense": 72300000, "netIncome": -175700000, "netIncomeRatio": -0.2418444597, "eps": -3.05, "epsdiluted": -3.05, "weightedAverageShsOut": 57600000, "weightedAverageShsOutDil": 57600000, "link": "https://www.sec.gov/Archives/edgar/data/277509/000095012311025900/0000950123-11-025900-index.htm", "finalLink": "https://www.sec.gov/Archives/edgar/data/277509/000095012311025900/c62191e10vk.htm", "calculatedOtherExpenses": 87800000, "calculatedOperatingExpenses": 261100000, "calculatedNetInterest": -10300000, "calculatedOtherIncome": -1200000, "calculatedIncomeNonControlling": 15000000, "calculatedEbitda": -57700000}, {"date": "2009-12-31", "symbol": "FSS", "reportedCurrency": "USD", "cik": "0000277509", "fillingDate": "2010-02-26", "acceptedDate": "2010-02-26 10:56:46", "calendarYear": "2009", "period": "FY", "revenue": 752500000, "costOfRevenue": 558900000, "grossProfit": 193600000, "grossProfitRatio": 0.2572757475, "researchAndDevelopmentExpenses": 0, "generalAndAdministrativeExpenses": 0, "sellingAndMarketingExpenses": 0, "sellingGeneralAndAdministrativeExpenses": 159100000, "otherExpenses": 0, "operatingExpenses": 159100000, "costAndExpenses": 718000000, "interestIncome": 0, "interestExpense": 11400000, "depreciationAndAmortization": 15300000, "ebitda": 49800000, "ebitdaratio": 0.066179402, "operatingIncome": 33000000, "operatingIncomeRatio": 0.0438538206, "totalOtherIncomeExpensesNet": -800000, "incomeBeforeTax": 22300000, "incomeBeforeTaxRatio": 0.0296345515, "incomeTaxExpense": 4600000, "netIncome": 23100000, "netIncomeRatio": 0.0306976744, "eps": 0.47, "epsdiluted": 0.47, "weightedAverageShsOut": 48600000, "weightedAverageShsOutDil": 48600000, "link": "https://www.sec.gov/Archives/edgar/data/277509/000095012310017679/0000950123-10-017679-index.htm", "finalLink": "https://www.sec.gov/Archives/edgar/data/277509/000095012310017679/c55494e10vk.htm", "calculatedOtherExpenses": 1500000, "calculatedOperatingExpenses": 160600000, "calculatedNetInterest": -11400000, "calculatedOtherIncome": 700000, "calculatedIncomeNonControlling": -5400000, "calculatedEbitda": 48300000}, {"date": "2008-12-31", "symbol": "FSS", "reportedCurrency": "USD", "cik": "0000277509", "fillingDate": "2009-02-27", "acceptedDate": "2009-02-27 16:22:53", "calendarYear": "2008", "period": "FY", "revenue": 958800000, "costOfRevenue": 706900000, "grossProfit": 251900000, "grossProfitRatio": 0.2627242386, "researchAndDevelopmentExpenses": 0, "generalAndAdministrativeExpenses": 0, "sellingAndMarketingExpenses": 0, "sellingGeneralAndAdministrativeExpenses": 193700000, "otherExpenses": 0, "operatingExpenses": 193700000, "costAndExpenses": 900600000, "interestIncome": 0, "interestExpense": 15300000, "depreciationAndAmortization": 15500000, "ebitda": 90300000, "ebitdaratio": 0.0941802253, "operatingIncome": 55500000, "operatingIncomeRatio": 0.0578848561, "totalOtherIncomeExpensesNet": -16600000, "incomeBeforeTax": 26300000, "incomeBeforeTaxRatio": 0.027430121, "incomeTaxExpense": -5000000, "netIncome": -95600000, "netIncomeRatio": -0.0997079683, "eps": -2, "epsdiluted": -2, "weightedAverageShsOut": 47700000, "weightedAverageShsOutDil": 47700000, "link": "https://www.sec.gov/Archives/edgar/data/277509/000095013709001359/0000950137-09-001359-index.htm", "finalLink": "https://www.sec.gov/Archives/edgar/data/277509/000095013709001359/c48958e10vk.htm", "calculatedOtherExpenses": 2700000, "calculatedOperatingExpenses": 196400000, "calculatedNetInterest": -15300000, "calculatedOtherIncome": -13900000, "calculatedIncomeNonControlling": 126900000, "calculatedEbitda": 71000000}, {"date": "2007-12-31", "symbol": "FSS", "reportedCurrency": "USD", "cik": "0000277509", "fillingDate": "2008-02-27", "acceptedDate": "2008-02-27 14:39:57", "calendarYear": "2007", "period": "FY", "revenue": 1268100000, "costOfRevenue": 971200000, "grossProfit": 296900000, "grossProfitRatio": 0.2341298005, "researchAndDevelopmentExpenses": 0, "generalAndAdministrativeExpenses": 0, "sellingAndMarketingExpenses": 0, "sellingGeneralAndAdministrativeExpenses": 232800000, "otherExpenses": 0, "operatingExpenses": 232800000, "costAndExpenses": 1204000000, "interestIncome": 0, "interestExpense": 25900000, "depreciationAndAmortization": 21200000, "ebitda": 89500000, "ebitdaratio": 0.0705780301, "operatingIncome": 64100000, "operatingIncomeRatio": 0.050548064, "totalOtherIncomeExpensesNet": -4200000, "incomeBeforeTax": 34000000, "incomeBeforeTaxRatio": 0.0268117656, "incomeTaxExpense": 4200000, "netIncome": 54900000, "netIncomeRatio": 0.0432931157, "eps": 1.15, "epsdiluted": 1.15, "weightedAverageShsOut": 47739130, "weightedAverageShsOutDil": 47739130, "link": "https://www.sec.gov/Archives/edgar/data/277509/000095013708002837/0000950137-08-002837-index.htm", "finalLink": "https://www.sec.gov/Archives/edgar/data/277509/000095013708002837/c24027e10vk.htm", "calculatedOtherExpenses": 0, "calculatedOperatingExpenses": 232800000, "calculatedNetInterest": -25900000, "calculatedOtherIncome": -4200000, "calculatedIncomeNonControlling": -25100000, "calculatedEbitda": 85300000}, {"date": "2006-12-31", "symbol": "FSS", "reportedCurrency": "USD", "cik": "0000277509", "fillingDate": "2007-02-22", "acceptedDate": "2007-02-22 13:06:49", "calendarYear": "2006", "period": "FY", "revenue": 1211600000, "costOfRevenue": 927200000, "grossProfit": 284400000, "grossProfitRatio": 0.2347309343, "researchAndDevelopmentExpenses": 0, "generalAndAdministrativeExpenses": 0, "sellingAndMarketingExpenses": 0, "sellingGeneralAndAdministrativeExpenses": 214500000, "otherExpenses": 0, "operatingExpenses": 214500000, "costAndExpenses": 1141700000, "interestIncome": 0, "interestExpense": 25000000, "depreciationAndAmortization": 17900000, "ebitda": 90000000, "ebitdaratio": 0.0742819412, "operatingIncome": 69900000, "operatingIncomeRatio": 0.0576923077, "totalOtherIncomeExpensesNet": -2200000, "incomeBeforeTax": 42700000, "incomeBeforeTaxRatio": 0.0352426543, "incomeTaxExpense": 8300000, "netIncome": 22700000, "netIncomeRatio": 0.0187355563, "eps": 0.47, "epsdiluted": 0.47, "weightedAverageShsOut": 48297872, "weightedAverageShsOutDil": 48297872, "link": "https://www.sec.gov/Archives/edgar/data/277509/000095013707002610/0000950137-07-002610-index.htm", "finalLink": "https://www.sec.gov/Archives/edgar/data/277509/000095013707002610/c12538e10vk.htm", "calculatedOtherExpenses": 0, "calculatedOperatingExpenses": 214500000, "calculatedNetInterest": -25000000, "calculatedOtherIncome": -2200000, "calculatedIncomeNonControlling": 11700000, "calculatedEbitda": 87800000}, {"date": "2005-12-31", "symbol": "FSS", "reportedCurrency": "USD", "cik": "0000277509", "fillingDate": "2006-02-23", "acceptedDate": "2006-02-23 12:21:49", "calendarYear": "2005", "period": "FY", "revenue": 1156900000, "costOfRevenue": 865400000, "grossProfit": 291500000, "grossProfitRatio": 0.2519664621, "researchAndDevelopmentExpenses": 0, "generalAndAdministrativeExpenses": 0, "sellingAndMarketingExpenses": 0, "sellingGeneralAndAdministrativeExpenses": 228300000, "otherExpenses": -6700000, "operatingExpenses": 221600000, "costAndExpenses": 1087000000, "interestIncome": 0, "interestExpense": 23100000, "depreciationAndAmortization": 21500000, "ebitda": 85200000, "ebitdaratio": 0.073645086, "operatingIncome": 69200000, "operatingIncomeRatio": 0.0598150229, "totalOtherIncomeExpensesNet": 6200000, "incomeBeforeTax": 46300000, "incomeBeforeTaxRatio": 0.0400207451, "incomeTaxExpense": -1000000, "netIncome": -4600000, "netIncomeRatio": -0.0039761431, "eps": -0.1, "epsdiluted": -0.1, "weightedAverageShsOut": 46000000, "weightedAverageShsOutDil": 46000000, "link": "https://www.sec.gov/Archives/edgar/data/277509/000095013706002144/0000950137-06-002144-index.htm", "finalLink": "https://www.sec.gov/Archives/edgar/data/277509/000095013706002144/c02635e10vk.htm", "calculatedOtherExpenses": -6000000, "calculatedOperatingExpenses": 222300000, "calculatedNetInterest": -23100000, "calculatedOtherIncome": 200000, "calculatedIncomeNonControlling": 51900000, "calculatedEbitda": 90700000}, {"date": "2004-12-31", "symbol": "FSS", "reportedCurrency": "USD", "cik": "0000277509", "fillingDate": "2005-03-16", "acceptedDate": "2005-03-16 17:16:35", "calendarYear": "2004", "period": "FY", "revenue": 1139000000, "costOfRevenue": 895700000, "grossProfit": 243300000, "grossProfitRatio": 0.2136084284, "researchAndDevelopmentExpenses": 0, "generalAndAdministrativeExpenses": 0, "sellingAndMarketingExpenses": 0, "sellingGeneralAndAdministrativeExpenses": 228400000, "otherExpenses": 0, "operatingExpenses": 228400000, "costAndExpenses": 1124100000, "interestIncome": 0, "interestExpense": 20800000, "depreciationAndAmortization": 22400000, "ebitda": 56700000, "ebitdaratio": 0.0497805092, "operatingIncome": -500000, "operatingIncomeRatio": -0.0004389816, "totalOtherIncomeExpensesNet": -19400000, "incomeBeforeTax": -25300000, "incomeBeforeTaxRatio": -0.0222124671, "incomeTaxExpense": -12600000, "netIncome": -2300000, "netIncomeRatio": -0.0020193152, "eps": -0.0478, "epsdiluted": -0.0478, "weightedAverageShsOut": 48100000, "weightedAverageShsOutDil": 48100000, "link": "https://www.sec.gov/Archives/edgar/data/277509/000095013705003146/0000950137-05-003146-index.htm", "finalLink": "https://www.sec.gov/Archives/edgar/data/277509/000095013705003146/c93140e10vk.htm", "calculatedOtherExpenses": 15400000, "calculatedOperatingExpenses": 243800000, "calculatedNetInterest": -20800000, "calculatedOtherIncome": -4000000, "calculatedIncomeNonControlling": -10400000, "calculatedEbitda": 21900000}, {"date": "2003-12-31", "symbol": "FSS", "reportedCurrency": "USD", "cik": "0000277509", "fillingDate": "2004-03-12", "acceptedDate": "2004-03-12 15:11:39", "calendarYear": "2003", "period": "FY", "revenue": 1206798000, "costOfRevenue": 891723000, "grossProfit": 315075000, "grossProfitRatio": 0.2610834622, "researchAndDevelopmentExpenses": 0, "generalAndAdministrativeExpenses": 0, "sellingAndMarketingExpenses": 0, "sellingGeneralAndAdministrativeExpenses": 249097000, "otherExpenses": 0, "operatingExpenses": 249097000, "costAndExpenses": 1140820000, "interestIncome": 0, "interestExpense": 19750000, "depreciationAndAmortization": 24435000, "ebitda": 90827000, "ebitdaratio": 0.0752628029, "operatingIncome": 65978000, "operatingIncomeRatio": 0.0546719501, "totalOtherIncomeExpensesNet": -414000, "incomeBeforeTax": 46017000, "incomeBeforeTaxRatio": 0.0381314851, "incomeTaxExpense": 8345000, "netIncome": 37303000, "netIncomeRatio": 0.0309107241, "eps": 0.78, "epsdiluted": 0.78, "weightedAverageShsOut": 48000000, "weightedAverageShsOutDil": 48000000, "link": "https://www.sec.gov/Archives/edgar/data/277509/000095013704001793/0000950137-04-001793-index.htm", "finalLink": "https://www.sec.gov/Archives/edgar/data/277509/000095013704001793/c83037e10vk.txt", "calculatedOtherExpenses": 0, "calculatedOperatingExpenses": 249097000, "calculatedNetInterest": -19750000, "calculatedOtherIncome": -211000, "calculatedIncomeNonControlling": 369000, "calculatedEbitda": 90413000}, {"date": "2002-12-31", "symbol": "FSS", "reportedCurrency": "USD", "cik": "0000277509", "fillingDate": "2003-03-27", "acceptedDate": "2003-03-27 16:45:50", "calendarYear": "2002", "period": "FY", "revenue": 1057201000, "costOfRevenue": 758205000, "grossProfit": 298996000, "grossProfitRatio": 0.282818499, "researchAndDevelopmentExpenses": 0, "generalAndAdministrativeExpenses": 0, "sellingAndMarketingExpenses": 0, "sellingGeneralAndAdministrativeExpenses": 217053000, "otherExpenses": 0, "operatingExpenses": 217053000, "costAndExpenses": 975258000, "interestIncome": 0, "interestExpense": 20075000, "depreciationAndAmortization": 23995000, "ebitda": 106833000, "ebitdaratio": 0.1010526853, "operatingIncome": 81943000, "operatingIncomeRatio": 0.0775093856, "totalOtherIncomeExpensesNet": -895000, "incomeBeforeTax": 61102000, "incomeBeforeTaxRatio": 0.0577960104, "incomeTaxExpense": 14923000, "netIncome": 38195000, "netIncomeRatio": 0.0361284183, "eps": 0.8, "epsdiluted": 0.8, "weightedAverageShsOut": 45223000, "weightedAverageShsOutDil": 45223000, "link": "https://www.sec.gov/Archives/edgar/data/277509/000027750903000002/0000277509-03-000002-index.htm", "finalLink": "https://www.sec.gov/Archives/edgar/data/277509/000027750903000002/fs200210k.txt", "calculatedOtherExpenses": 0, "calculatedOperatingExpenses": 217053000, "calculatedNetInterest": -20075000, "calculatedOtherIncome": -766000, "calculatedIncomeNonControlling": 7984000, "calculatedEbitda": 105938000}, {"date": "2001-12-31", "symbol": "FSS", "reportedCurrency": "USD", "cik": "0000277509", "fillingDate": "2002-03-19", "acceptedDate": "2002-03-19 00:00:00", "calendarYear": "2001", "period": "FY", "revenue": 1072175000, "costOfRevenue": 759914000, "grossProfit": 312261000, "grossProfitRatio": 0.2912407023, "researchAndDevelopmentExpenses": 0, "generalAndAdministrativeExpenses": 220257000, "sellingAndMarketingExpenses": 0, "sellingGeneralAndAdministrativeExpenses": 220257000, "otherExpenses": 0, "operatingExpenses": 220257000, "costAndExpenses": 980171000, "interestIncome": 0, "interestExpense": 26368000, "depreciationAndAmortization": 30258000, "ebitda": 123444000, "ebitdaratio": 0.1151341898, "operatingIncome": 92004000, "operatingIncomeRatio": 0.0858106186, "totalOtherIncomeExpensesNet": -1182000, "incomeBeforeTax": 64454000, "incomeBeforeTaxRatio": 0.0601151864, "incomeTaxExpense": 17864000, "netIncome": 47573000, "netIncomeRatio": 0.0443705552, "eps": 0.97, "epsdiluted": 0.97, "weightedAverageShsOut": 49044330, "weightedAverageShsOutDil": 49044330, "link": "https://www.sec.gov/Archives/edgar/data/277509/000027750902000002/0000277509-02-000002-index.htm", "finalLink": "https://www.sec.gov/Archives/edgar/data/277509/000027750902000002/fss10k01.txt", "calculatedOtherExpenses": 0, "calculatedOperatingExpenses": 220257000, "calculatedNetInterest": -26368000, "calculatedOtherIncome": -1182000, "calculatedIncomeNonControlling": -983000, "calculatedEbitda": 122262000}, {"date": "2000-12-31", "symbol": "FSS", "reportedCurrency": "USD", "cik": "0000277509", "fillingDate": "2001-03-30", "acceptedDate": "2001-03-30 00:00:00", "calendarYear": "2000", "period": "FY", "revenue": 1106127000, "costOfRevenue": 739726000, "grossProfit": 366401000, "grossProfitRatio": 0.3312467737, "researchAndDevelopmentExpenses": 0, "generalAndAdministrativeExpenses": 220690000, "sellingAndMarketingExpenses": 0, "sellingGeneralAndAdministrativeExpenses": 220690000, "otherExpenses": 29057000, "operatingExpenses": 249747000, "costAndExpenses": 989473000, "interestIncome": 0, "interestExpense": 31401000, "depreciationAndAmortization": 29057000, "ebitda": 146550000, "ebitdaratio": 0.1324893073, "operatingIncome": 116654000, "operatingIncomeRatio": 0.1054616694, "totalOtherIncomeExpensesNet": -839000, "incomeBeforeTax": 84414000, "incomeBeforeTaxRatio": 0.0763149259, "incomeTaxExpense": 26759000, "netIncome": 57537000, "netIncomeRatio": 0.052016631, "eps": 1.2, "epsdiluted": 1.2, "weightedAverageShsOut": 47947500, "weightedAverageShsOutDil": 47947500, "link": "https://www.sec.gov/Archives/edgar/data/277509/000027750901000006/0000277509-01-000006-index.htm", "finalLink": "https://www.sec.gov/Archives/edgar/data/277509/000027750901000006/0000277509-01-000006-0001.txt", "calculatedOtherExpenses": 29057000, "calculatedOperatingExpenses": 249747000, "calculatedNetInterest": -31401000, "calculatedOtherIncome": -839000, "calculatedIncomeNonControlling": 118000, "calculatedEbitda": 145711000}, {"date": "1999-12-31", "symbol": "FSS", "reportedCurrency": "USD", "cik": "0000277509", "fillingDate": "2000-03-30", "acceptedDate": "2000-03-30 00:00:00", "calendarYear": "1999", "period": "FY", "revenue": 1061900000, "costOfRevenue": 713300000, "grossProfit": 348600000, "grossProfitRatio": 0.328279499, "researchAndDevelopmentExpenses": 0, "generalAndAdministrativeExpenses": 214900000, "sellingAndMarketingExpenses": 0, "sellingGeneralAndAdministrativeExpenses": 214900000, "otherExpenses": 27200000, "operatingExpenses": 242100000, "costAndExpenses": 955400000, "interestIncome": 0, "interestExpense": 0, "depreciationAndAmortization": 27200000, "ebitda": 132500000, "ebitdaratio": 0.1247763443, "operatingIncome": 106500000, "operatingIncomeRatio": 0.1002919296, "totalOtherIncomeExpensesNet": 1200000, "incomeBeforeTax": 84400000, "incomeBeforeTaxRatio": 0.079480177, "incomeTaxExpense": 26900000, "netIncome": 57500000, "netIncomeRatio": 0.0541482249, "eps": 1.1, "epsdiluted": 1.1, "weightedAverageShsOut": 52363636, "weightedAverageShsOutDil": 52363636, "link": "https://www.sec.gov/Archives/edgar/data/277509/000027750900000005/0000277509-00-000005-index.html", "finalLink": "https://www.sec.gov/Archives/edgar/data/277509/000027750900000005/", "calculatedOtherExpenses": 27200000, "calculatedOperatingExpenses": 242100000, "calculatedNetInterest": 0, "calculatedOtherIncome": -22100000, "calculatedIncomeNonControlling": 0, "calculatedEbitda": 133700000}, {"date": "1998-12-31", "symbol": "FSS", "reportedCurrency": "USD", "cik": "0000277509", "fillingDate": "1999-03-31", "acceptedDate": "1999-03-31 00:00:00", "calendarYear": "1998", "period": "FY", "revenue": 1002800000, "costOfRevenue": 671100000, "grossProfit": 331700000, "grossProfitRatio": 0.3307738333, "researchAndDevelopmentExpenses": 0, "generalAndAdministrativeExpenses": 206400000, "sellingAndMarketingExpenses": 0, "sellingGeneralAndAdministrativeExpenses": 206400000, "otherExpenses": 23600000, "operatingExpenses": 230000000, "costAndExpenses": 901100000, "interestIncome": 0, "interestExpense": 19300000, "depreciationAndAmortization": 23600000, "ebitda": 121500000, "ebitdaratio": 0.1211607499, "operatingIncome": 101700000, "operatingIncomeRatio": 0.1014160351, "totalOtherIncomeExpensesNet": 3800000, "incomeBeforeTax": 86200000, "incomeBeforeTaxRatio": 0.0859593139, "incomeTaxExpense": 26800000, "netIncome": 59400000, "netIncomeRatio": 0.0592341444, "eps": 1.11, "epsdiluted": 1.11, "weightedAverageShsOut": 53513514, "weightedAverageShsOutDil": 53513514, "link": "https://www.sec.gov/Archives/edgar/data/277509/000027750999000005/0000277509-99-000005-index.html", "finalLink": "https://www.sec.gov/Archives/edgar/data/277509/", "calculatedOtherExpenses": 23600000, "calculatedOperatingExpenses": 230000000, "calculatedNetInterest": -19300000, "calculatedOtherIncome": 3800000, "calculatedIncomeNonControlling": 0, "calculatedEbitda": 125300000}, {"date": "1997-12-31", "symbol": "FSS", "reportedCurrency": "USD", "cik": "0000277509", "fillingDate": "1998-03-30", "acceptedDate": "1998-03-30 00:00:00", "calendarYear": "1997", "period": "FY", "revenue": 924900000, "costOfRevenue": 613500000, "grossProfit": 311400000, "grossProfitRatio": 0.336685047, "researchAndDevelopmentExpenses": 0, "generalAndAdministrativeExpenses": 191200000, "sellingAndMarketingExpenses": 0, "sellingGeneralAndAdministrativeExpenses": 191200000, "otherExpenses": 20600000, "operatingExpenses": 211800000, "costAndExpenses": 825300000, "interestIncome": 0, "interestExpense": 0, "depreciationAndAmortization": 20600000, "ebitda": 117900000, "ebitdaratio": 0.1274732404, "operatingIncome": 99600000, "operatingIncomeRatio": 0.1076873175, "totalOtherIncomeExpensesNet": 2300000, "incomeBeforeTax": 84900000, "incomeBeforeTaxRatio": 0.0917937074, "incomeTaxExpense": 25900000, "netIncome": 59000000, "netIncomeRatio": 0.0637906801, "eps": 1.3, "epsdiluted": 1.29, "weightedAverageShsOut": 45384615, "weightedAverageShsOutDil": 45736434, "link": "https://www.sec.gov/Archives/edgar/data/277509/000095013798001302/0000950137-98-001302-index.html", "finalLink": "https://www.sec.gov/Archives/edgar/data/277509/", "calculatedOtherExpenses": 20600000, "calculatedOperatingExpenses": 211800000, "calculatedNetInterest": 0, "calculatedOtherIncome": -14700000, "calculatedIncomeNonControlling": 0, "calculatedEbitda": 120200000}, {"date": "1996-12-31", "symbol": "FSS", "reportedCurrency": "USD", "cik": "0000277509", "fillingDate": "1997-03-24", "acceptedDate": "1997-03-24 00:00:00", "calendarYear": "1996", "period": "FY", "revenue": 896400000, "costOfRevenue": 601600000, "grossProfit": 294800000, "grossProfitRatio": 0.3288710397, "researchAndDevelopmentExpenses": 0, "generalAndAdministrativeExpenses": 173500000, "sellingAndMarketingExpenses": 0, "sellingGeneralAndAdministrativeExpenses": 173500000, "otherExpenses": 18400000, "operatingExpenses": 191900000, "costAndExpenses": 793500000, "interestIncome": 0, "interestExpense": 15400000, "depreciationAndAmortization": 18400000, "ebitda": 115400000, "ebitdaratio": 0.1287371709, "operatingIncome": 102900000, "operatingIncomeRatio": 0.1147925033, "totalOtherIncomeExpensesNet": 5900000, "incomeBeforeTax": 93400000, "incomeBeforeTaxRatio": 0.104194556, "incomeTaxExpense": 31400000, "netIncome": 62000000, "netIncomeRatio": 0.0691655511, "eps": 1.35, "epsdiluted": 1.35, "weightedAverageShsOut": 45952000, "weightedAverageShsOutDil": 45952000, "link": "https://www.sec.gov/Archives/edgar/data/277509/000027750997000004/0000277509-97-000004-index.html", "finalLink": "https://www.sec.gov/Archives/edgar/data/277509/", "calculatedOtherExpenses": 18400000, "calculatedOperatingExpenses": 191900000, "calculatedNetInterest": -15400000, "calculatedOtherIncome": 5900000, "calculatedIncomeNonControlling": 0, "calculatedEbitda": 121300000}, {"date": "1995-12-31", "symbol": "FSS", "reportedCurrency": "USD", "cik": "0000277509", "fillingDate": "1996-03-27", "acceptedDate": "1996-03-27 00:00:00", "calendarYear": "1995", "period": "FY", "revenue": 816100000, "costOfRevenue": 551900000, "grossProfit": 264200000, "grossProfitRatio": 0.3237348364, "researchAndDevelopmentExpenses": 0, "generalAndAdministrativeExpenses": 152500000, "sellingAndMarketingExpenses": 0, "sellingGeneralAndAdministrativeExpenses": 152500000, "otherExpenses": 15900000, "operatingExpenses": 168400000, "costAndExpenses": 720300000, "interestIncome": 0, "interestExpense": 13400000, "depreciationAndAmortization": 15900000, "ebitda": 117000000, "ebitdaratio": 0.1433647837, "operatingIncome": 95800000, "operatingIncomeRatio": 0.1173875751, "totalOtherIncomeExpensesNet": -5300000, "incomeBeforeTax": 77300000, "incomeBeforeTaxRatio": 0.0947187845, "incomeTaxExpense": 25700000, "netIncome": 51600000, "netIncomeRatio": 0.0632275456, "eps": 1.13, "epsdiluted": 1.13, "weightedAverageShsOut": 45859000, "weightedAverageShsOutDil": 45862069, "link": "https://www.sec.gov/Archives/edgar/data/277509/000027750996000004/0000277509-96-000004-index.html", "finalLink": "https://www.sec.gov/Archives/edgar/data/277509/", "calculatedOtherExpenses": 15900000, "calculatedOperatingExpenses": 168400000, "calculatedNetInterest": -13400000, "calculatedOtherIncome": -5100000, "calculatedIncomeNonControlling": 0, "calculatedEbitda": 111700000}, {"date": "1994-12-31", "symbol": "FSS", "reportedCurrency": "USD", "cik": "0000277509", "fillingDate": "1995-03-20", "acceptedDate": "1995-03-20 00:00:00", "calendarYear": "1994", "period": "FY", "revenue": 677200000, "costOfRevenue": 457200000, "grossProfit": 220000000, "grossProfitRatio": 0.3248670998, "researchAndDevelopmentExpenses": 0, "generalAndAdministrativeExpenses": 131500000, "sellingAndMarketingExpenses": 0, "sellingGeneralAndAdministrativeExpenses": 131500000, "otherExpenses": 10300000, "operatingExpenses": 141800000, "costAndExpenses": 599000000, "interestIncome": 0, "interestExpense": 8500000, "depreciationAndAmortization": 10300000, "ebitda": 88100000, "ebitdaratio": 0.1300945068, "operatingIncome": 78200000, "operatingIncomeRatio": 0.1154754873, "totalOtherIncomeExpensesNet": 400000, "incomeBeforeTax": 70200000, "incomeBeforeTaxRatio": 0.1036621382, "incomeTaxExpense": 23400000, "netIncome": 46800000, "netIncomeRatio": 0.0691080921, "eps": 1.02, "epsdiluted": 1.02, "weightedAverageShsOut": 45957000, "weightedAverageShsOutDil": 45957000, "link": "https://www.sec.gov/Archives/edgar/data/277509/000027750995000002/0000277509-95-000002-index.html", "finalLink": "https://www.sec.gov/Archives/edgar/data/277509/", "calculatedOtherExpenses": 10300000, "calculatedOperatingExpenses": 141800000, "calculatedNetInterest": -8500000, "calculatedOtherIncome": 500000, "calculatedIncomeNonControlling": 0, "calculatedEbitda": 88500000}, {"date": "1993-12-31", "symbol": "FSS", "reportedCurrency": "USD", "cik": "0000277509", "fillingDate": "1994-03-28", "acceptedDate": "1994-03-28 00:00:00", "calendarYear": "1993", "period": "FY", "revenue": 565200000, "costOfRevenue": 373900000, "grossProfit": 191300000, "grossProfitRatio": 0.3384642604, "researchAndDevelopmentExpenses": 0, "generalAndAdministrativeExpenses": 0, "sellingAndMarketingExpenses": 0, "sellingGeneralAndAdministrativeExpenses": 118200000, "otherExpenses": 9200000, "operatingExpenses": 127400000, "costAndExpenses": 501300000, "interestIncome": 0, "interestExpense": 6100000, "depreciationAndAmortization": 9200000, "ebitda": 72100000, "ebitdaratio": 0.1275654636, "operatingIncome": 63900000, "operatingIncomeRatio": 0.1130573248, "totalOtherIncomeExpensesNet": 1000000, "incomeBeforeTax": 58800000, "incomeBeforeTaxRatio": 0.1040339703, "incomeTaxExpense": 19000000, "netIncome": 39800000, "netIncomeRatio": 0.0704175513, "eps": 0.86, "epsdiluted": 0.86, "weightedAverageShsOut": 46279070, "weightedAverageShsOutDil": 46279070, "link": "https://www.sec.gov/Archives/edgar/data/277509/000027750994000002/0000277509-94-000002-index.html", "finalLink": "https://www.sec.gov/Archives/edgar/data/277509/", "calculatedOtherExpenses": 9200000, "calculatedOperatingExpenses": 127400000, "calculatedNetInterest": -6100000, "calculatedOtherIncome": 1000000, "calculatedIncomeNonControlling": 0, "calculatedEbitda": 73100000}, {"date": "1992-12-31", "symbol": "FSS", "reportedCurrency": "USD", "cik": "0000277509", "fillingDate": "1992-12-31", "acceptedDate": "1992-12-30 19:00:00", "calendarYear": "1992", "period": "FY", "revenue": 518200000, "costOfRevenue": 344500000, "grossProfit": 173700000, "grossProfitRatio": 0.335198765, "researchAndDevelopmentExpenses": 0, "generalAndAdministrativeExpenses": 0, "sellingAndMarketingExpenses": 0, "sellingGeneralAndAdministrativeExpenses": 109800000, "otherExpenses": 8700000, "operatingExpenses": 118500000, "costAndExpenses": 463000000, "interestIncome": 0, "interestExpense": 6500000, "depreciationAndAmortization": 8700000, "ebitda": 62700000, "ebitdaratio": 0.1209957545, "operatingIncome": 55200000, "operatingIncomeRatio": 0.1065225782, "totalOtherIncomeExpensesNet": 1200000, "incomeBeforeTax": 49900000, "incomeBeforeTaxRatio": 0.0962948668, "incomeTaxExpense": 15500000, "netIncome": 34400000, "netIncomeRatio": 0.0663836357, "eps": 0.75, "epsdiluted": 0.75, "weightedAverageShsOut": 45866667, "weightedAverageShsOutDil": 45866667, "link": "", "finalLink": "", "calculatedOtherExpenses": 8700000, "calculatedOperatingExpenses": 118500000, "calculatedNetInterest": -6500000, "calculatedOtherIncome": 1200000, "calculatedIncomeNonControlling": 0, "calculatedEbitda": 63900000}, {"date": "1991-12-31", "symbol": "FSS", "reportedCurrency": "USD", "cik": "0000277509", "fillingDate": "1991-12-31", "acceptedDate": "1991-12-30 19:00:00", "calendarYear": "1991", "period": "FY", "revenue": 466900000, "costOfRevenue": 308900000, "grossProfit": 158000000, "grossProfitRatio": 0.3384022275, "researchAndDevelopmentExpenses": 0, "generalAndAdministrativeExpenses": 0, "sellingAndMarketingExpenses": 0, "sellingGeneralAndAdministrativeExpenses": 99300000, "otherExpenses": 8200000, "operatingExpenses": 107500000, "costAndExpenses": 416400000, "interestIncome": 0, "interestExpense": 5600000, "depreciationAndAmortization": 8200000, "ebitda": 58000000, "ebitdaratio": 0.1242236025, "operatingIncome": 50500000, "operatingIncomeRatio": 0.1081602056, "totalOtherIncomeExpensesNet": 700000, "incomeBeforeTax": 45500000, "incomeBeforeTaxRatio": 0.0974512744, "incomeTaxExpense": 14500000, "netIncome": 31000000, "netIncomeRatio": 0.0663953737, "eps": 0.67, "epsdiluted": 0.67, "weightedAverageShsOut": 46268657, "weightedAverageShsOutDil": 46268657, "link": "", "finalLink": "", "calculatedOtherExpenses": 8200000, "calculatedOperatingExpenses": 107500000, "calculatedNetInterest": -5600000, "calculatedOtherIncome": 600000, "calculatedIncomeNonControlling": 0, "calculatedEbitda": 58700000}, {"date": "1990-12-31", "symbol": "FSS", "reportedCurrency": "USD", "cik": "0000277509", "fillingDate": "1990-12-31", "acceptedDate": "1990-12-30 19:00:00", "calendarYear": "1990", "period": "FY", "revenue": 439400000, "costOfRevenue": 285600000, "grossProfit": 153800000, "grossProfitRatio": 0.3500227583, "researchAndDevelopmentExpenses": 0, "generalAndAdministrativeExpenses": 0, "sellingAndMarketingExpenses": 0, "sellingGeneralAndAdministrativeExpenses": 98500000, "otherExpenses": 7800000, "operatingExpenses": 106300000, "costAndExpenses": 391900000, "interestIncome": 0, "interestExpense": 5500000, "depreciationAndAmortization": 7800000, "ebitda": 54800000, "ebitdaratio": 0.1247155212, "operatingIncome": 47500000, "operatingIncomeRatio": 0.1081019572, "totalOtherIncomeExpensesNet": 500000, "incomeBeforeTax": 42500000, "incomeBeforeTaxRatio": 0.0967228038, "incomeTaxExpense": 14400000, "netIncome": 28200000, "netIncomeRatio": 0.0641784251, "eps": 0.61, "epsdiluted": 0.61, "weightedAverageShsOut": 46229508, "weightedAverageShsOutDil": 46229508, "link": "", "finalLink": "", "calculatedOtherExpenses": 7800000, "calculatedOperatingExpenses": 106300000, "calculatedNetInterest": -5500000, "calculatedOtherIncome": 500000, "calculatedIncomeNonControlling": -100000, "calculatedEbitda": 55300000}, {"date": "1989-12-31", "symbol": "FSS", "reportedCurrency": "USD", "cik": "0000277509", "fillingDate": "1989-12-31", "acceptedDate": "1989-12-30 19:00:00", "calendarYear": "1989", "period": "FY", "revenue": 414200000, "costOfRevenue": 362500000, "grossProfit": 51700000, "grossProfitRatio": 0.1248189281, "researchAndDevelopmentExpenses": 0, "generalAndAdministrativeExpenses": 0, "sellingAndMarketingExpenses": 0, "sellingGeneralAndAdministrativeExpenses": 0, "otherExpenses": 8100000, "operatingExpenses": 8100000, "costAndExpenses": 370600000, "interestIncome": 0, "interestExpense": 7300000, "depreciationAndAmortization": 8100000, "ebitda": 52100000, "ebitdaratio": 0.1257846451, "operatingIncome": 43600000, "operatingIncomeRatio": 0.1052631579, "totalOtherIncomeExpensesNet": -400000, "incomeBeforeTax": 36000000, "incomeBeforeTaxRatio": 0.086914534, "incomeTaxExpense": 13000000, "netIncome": 23000000, "netIncomeRatio": 0.0555287301, "eps": 0.48, "epsdiluted": 0.48, "weightedAverageShsOut": 47916667, "weightedAverageShsOutDil": 47916667, "link": "", "finalLink": "", "calculatedOtherExpenses": 8100000, "calculatedOperatingExpenses": 8100000, "calculatedNetInterest": -7300000, "calculatedOtherIncome": -300000, "calculatedIncomeNonControlling": 0, "calculatedEbitda": 51700000}, {"date": "1988-12-31", "symbol": "FSS", "reportedCurrency": "USD", "cik": "0000277509", "fillingDate": "1988-12-31", "acceptedDate": "1988-12-30 19:00:00", "calendarYear": "1988", "period": "FY", "revenue": 375400000, "costOfRevenue": 332800000, "grossProfit": 42600000, "grossProfitRatio": 0.1134789558, "researchAndDevelopmentExpenses": 0, "generalAndAdministrativeExpenses": 0, "sellingAndMarketingExpenses": 0, "sellingGeneralAndAdministrativeExpenses": 0, "otherExpenses": 7300000, "operatingExpenses": 7300000, "costAndExpenses": 340100000, "interestIncome": 0, "interestExpense": 6500000, "depreciationAndAmortization": 7300000, "ebitda": 42500000, "ebitdaratio": 0.1132125733, "operatingIncome": 35300000, "operatingIncomeRatio": 0.0940330314, "totalOtherIncomeExpensesNet": 100000, "incomeBeforeTax": 29000000, "incomeBeforeTaxRatio": 0.0772509323, "incomeTaxExpense": 10400000, "netIncome": 18600000, "netIncomeRatio": 0.0495471497, "eps": 0.4, "epsdiluted": 0.4, "weightedAverageShsOut": 46500000, "weightedAverageShsOutDil": 46500000, "link": "", "finalLink": "", "calculatedOtherExpenses": 7300000, "calculatedOperatingExpenses": 7300000, "calculatedNetInterest": -6500000, "calculatedOtherIncome": 200000, "calculatedIncomeNonControlling": 0, "calculatedEbitda": 42600000}, {"date": "1987-12-31", "symbol": "FSS", "reportedCurrency": "USD", "cik": "0000277509", "fillingDate": "1987-12-31", "acceptedDate": "1987-12-30 19:00:00", "calendarYear": "1987", "period": "FY", "revenue": 318200000, "costOfRevenue": 203500000, "grossProfit": 114700000, "grossProfitRatio": 0.3604651163, "researchAndDevelopmentExpenses": 0, "generalAndAdministrativeExpenses": 0, "sellingAndMarketingExpenses": 0, "sellingGeneralAndAdministrativeExpenses": 82900000, "otherExpenses": 5700000, "operatingExpenses": 88600000, "costAndExpenses": 292100000, "interestIncome": 0, "interestExpense": 0, "depreciationAndAmortization": 5700000, "ebitda": 30500000, "ebitdaratio": 0.0958516656, "operatingIncome": 26100000, "operatingIncomeRatio": 0.0820238843, "totalOtherIncomeExpensesNet": 1300000, "incomeBeforeTax": 24900000, "incomeBeforeTaxRatio": 0.0782526713, "incomeTaxExpense": 10000000, "netIncome": 14900000, "netIncomeRatio": 0.0468258957, "eps": 0.32, "epsdiluted": 0.32, "weightedAverageShsOut": 46562500, "weightedAverageShsOutDil": 46562500, "link": "", "finalLink": "", "calculatedOtherExpenses": 5700000, "calculatedOperatingExpenses": 88600000, "calculatedNetInterest": 0, "calculatedOtherIncome": -1200000, "calculatedIncomeNonControlling": 0, "calculatedEbitda": 31800000}, {"date": "1986-12-31", "symbol": "FSS", "reportedCurrency": "USD", "cik": "0000277509", "fillingDate": "1986-12-31", "acceptedDate": "1986-12-30 19:00:00", "calendarYear": "1986", "period": "FY", "revenue": 283500000, "costOfRevenue": 178500000, "grossProfit": 105000000, "grossProfitRatio": 0.3703703704, "researchAndDevelopmentExpenses": 0, "generalAndAdministrativeExpenses": 0, "sellingAndMarketingExpenses": 0, "sellingGeneralAndAdministrativeExpenses": 77100000, "otherExpenses": 5400000, "operatingExpenses": 82500000, "costAndExpenses": 261000000, "interestIncome": 0, "interestExpense": 3200000, "depreciationAndAmortization": 5400000, "ebitda": 26700000, "ebitdaratio": 0.0941798942, "operatingIncome": 22500000, "operatingIncomeRatio": 0.0793650794, "totalOtherIncomeExpensesNet": 1200000, "incomeBeforeTax": 20500000, "incomeBeforeTaxRatio": 0.0723104056, "incomeTaxExpense": 8700000, "netIncome": 11800000, "netIncomeRatio": 0.041622575, "eps": 0.26, "epsdiluted": 0.26, "weightedAverageShsOut": 45384615, "weightedAverageShsOutDil": 45384615, "link": "", "finalLink": "", "calculatedOtherExpenses": 5400000, "calculatedOperatingExpenses": 82500000, "calculatedNetInterest": -3200000, "calculatedOtherIncome": 1200000, "calculatedIncomeNonControlling": 0, "calculatedEbitda": 27900000}, {"date": "1985-12-31", "symbol": "FSS", "reportedCurrency": "USD", "cik": "0000277509", "fillingDate": "1985-12-31", "acceptedDate": "1985-12-30 19:00:00", "calendarYear": "1985", "period": "FY", "revenue": 278300000, "costOfRevenue": 175100000, "grossProfit": 103200000, "grossProfitRatio": 0.370822853, "researchAndDevelopmentExpenses": 0, "generalAndAdministrativeExpenses": 0, "sellingAndMarketingExpenses": 0, "sellingGeneralAndAdministrativeExpenses": 77700000, "otherExpenses": 5400000, "operatingExpenses": 83100000, "costAndExpenses": 258200000, "interestIncome": 0, "interestExpense": 3500000, "depreciationAndAmortization": 5400000, "ebitda": 23600000, "ebitdaratio": 0.0848005749, "operatingIncome": 20100000, "operatingIncomeRatio": 0.0722242185, "totalOtherIncomeExpensesNet": 1900000, "incomeBeforeTax": 18500000, "incomeBeforeTaxRatio": 0.0664750269, "incomeTaxExpense": 6800000, "netIncome": 11700000, "netIncomeRatio": 0.042040963, "eps": 0.26, "epsdiluted": 0.26, "weightedAverageShsOut": 45000000, "weightedAverageShsOutDil": 45000000, "link": "", "finalLink": "", "calculatedOtherExpenses": 5400000, "calculatedOperatingExpenses": 83100000, "calculatedNetInterest": -3500000, "calculatedOtherIncome": 1900000, "calculatedIncomeNonControlling": 0, "calculatedEbitda": 25500000}]}