{"originalCurrency": "USD", "convertedCurrency": "USD", "report": [{"date": "2023-12-31", "symbol": "FTAIP", "reportedCurrency": "USD", "cik": "0001590364", "fillingDate": "2024-02-26", "acceptedDate": "2024-02-26 06:02:02", "calendarYear": "2023", "period": "FY", "revenue": 1186022000, "costOfRevenue": 790715000, "grossProfit": 395307000, "grossProfitRatio": 0.3333049471, "researchAndDevelopmentExpenses": 0, "generalAndAdministrativeExpenses": 13700000, "sellingAndMarketingExpenses": 24620000, "sellingGeneralAndAdministrativeExpenses": 38320000, "otherExpenses": 7590000, "operatingExpenses": 38320000, "costAndExpenses": 829035000, "interestIncome": 0, "interestExpense": 162339000, "depreciationAndAmortization": 185003000, "ebitda": 541990000, "ebitdaratio": 0.4569814051, "operatingIncome": 356987000, "operatingIncomeRatio": 0.3009952598, "totalOtherIncomeExpensesNet": -172970000, "incomeBeforeTax": 184017000, "incomeBeforeTaxRatio": 0.1551547948, "incomeTaxExpense": -59800000, "netIncome": 243817000, "netIncomeRatio": 0.2055754446, "eps": 2.12, "epsdiluted": 2.11, "weightedAverageShsOut": 99908214, "weightedAverageShsOutDil": 100425777, "link": "https://www.sec.gov/Archives/edgar/data/1590364/000159036424000003/0001590364-24-000003-index.htm", "finalLink": "https://www.sec.gov/Archives/edgar/data/1590364/000159036424000003/ftai-20231231.htm", "calculatedOtherExpenses": 0, "calculatedOperatingExpenses": 38320000, "calculatedNetInterest": -162339000, "calculatedOtherIncome": -10631000, "calculatedIncomeNonControlling": 0, "calculatedEbitda": 541990000}, {"date": "2022-12-31", "symbol": "FTAIP", "reportedCurrency": "USD", "cik": "0001590364", "fillingDate": "2023-02-27", "acceptedDate": "2023-02-27 06:13:18", "calendarYear": "2022", "period": "FY", "revenue": 708411000, "costOfRevenue": 401302000, "grossProfit": 307109000, "grossProfitRatio": 0.4335181131, "researchAndDevelopmentExpenses": 0, "generalAndAdministrativeExpenses": 14164000, "sellingAndMarketingExpenses": 0, "sellingGeneralAndAdministrativeExpenses": 14164000, "otherExpenses": 135826000, "operatingExpenses": 149990000, "costAndExpenses": 551292000, "interestIncome": 169194000, "interestExpense": 169194000, "depreciationAndAmortization": 230371000, "ebitda": 387328000, "ebitdaratio": 0.5467560498, "operatingIncome": 156957000, "operatingIncomeRatio": 0.2215620593, "totalOtherIncomeExpensesNet": -262268000, "incomeBeforeTax": -105311000, "incomeBeforeTaxRatio": -0.148658053, "incomeTaxExpense": 5300000, "netIncome": -110611000, "netIncomeRatio": -0.1561395856, "eps": -1.11, "epsdiluted": -1.11, "weightedAverageShsOut": 99421008, "weightedAverageShsOutDil": 99421008, "link": "https://www.sec.gov/Archives/edgar/data/1590364/000159036423000007/0001590364-23-000007-index.htm", "finalLink": "https://www.sec.gov/Archives/edgar/data/1590364/000159036423000007/ftai-20221231.htm", "calculatedOtherExpenses": 135988000, "calculatedOperatingExpenses": 150152000, "calculatedNetInterest": 0, "calculatedOtherIncome": -262268000, "calculatedIncomeNonControlling": 0, "calculatedEbitda": 387328000}, {"date": "2021-12-31", "symbol": "FTAIP", "reportedCurrency": "USD", "cik": "0001590364", "fillingDate": "2022-02-28", "acceptedDate": "2022-02-25 17:52:49", "calendarYear": "2021", "period": "FY", "revenue": 455802000, "costOfRevenue": 201756000, "grossProfit": 254046000, "grossProfitRatio": 0.5573604328, "researchAndDevelopmentExpenses": 0, "generalAndAdministrativeExpenses": 17409000, "sellingAndMarketingExpenses": 0, "sellingGeneralAndAdministrativeExpenses": 17409000, "otherExpenses": 188786000, "operatingExpenses": 206195000, "costAndExpenses": 407951000, "interestIncome": 1711000, "interestExpense": 171036000, "depreciationAndAmortization": 229734000, "ebitda": 255634000, "ebitdaratio": 0.5608444017, "operatingIncome": 25900000, "operatingIncomeRatio": 0.0568229187, "totalOtherIncomeExpensesNet": -157663000, "incomeBeforeTax": -131763000, "incomeBeforeTaxRatio": -0.2890794687, "incomeTaxExpense": -1057000, "netIncome": -130706000, "netIncomeRatio": -0.2867604793, "eps": -1.45, "epsdiluted": -1.45, "weightedAverageShsOut": 89922088, "weightedAverageShsOutDil": 89922088, "link": "https://www.sec.gov/Archives/edgar/data/1590364/000159036422000002/0001590364-22-000002-index.htm", "finalLink": "https://www.sec.gov/Archives/edgar/data/1590364/000159036422000002/ftai-20211231.htm", "calculatedOtherExpenses": 210737000, "calculatedOperatingExpenses": 228146000, "calculatedNetInterest": -169325000, "calculatedOtherIncome": 11662000, "calculatedIncomeNonControlling": 0, "calculatedEbitda": 255634000}, {"date": "2020-12-31", "symbol": "FTAIP", "reportedCurrency": "USD", "cik": "0001590364", "fillingDate": "2021-02-26", "acceptedDate": "2021-02-26 16:07:08", "calendarYear": "2020", "period": "FY", "revenue": 366496000, "costOfRevenue": 172400000, "grossProfit": 194096000, "grossProfitRatio": 0.5295992316, "researchAndDevelopmentExpenses": 0, "generalAndAdministrativeExpenses": 18159000, "sellingAndMarketingExpenses": 0, "sellingGeneralAndAdministrativeExpenses": 18159000, "otherExpenses": 128031000, "operatingExpenses": 146190000, "costAndExpenses": 318590000, "interestIncome": 162000, "interestExpense": 98206000, "depreciationAndAmortization": 202746000, "ebitda": 245845000, "ebitdaratio": 0.6707985899, "operatingIncome": 43099000, "operatingIncomeRatio": 0.1175974635, "totalOtherIncomeExpensesNet": -154027000, "incomeBeforeTax": -110928000, "incomeBeforeTaxRatio": -0.3026717891, "incomeTaxExpense": -5905000, "netIncome": -105023000, "netIncomeRatio": -0.2865597442, "eps": -1.22, "epsdiluted": -1.22, "weightedAverageShsOut": 86015702, "weightedAverageShsOutDil": 86015702, "link": "https://www.sec.gov/Archives/edgar/data/1590364/000159036421000002/0001590364-21-000002-index.htm", "finalLink": "https://www.sec.gov/Archives/edgar/data/1590364/000159036421000002/ftai-20201231.htm", "calculatedOtherExpenses": 132838000, "calculatedOperatingExpenses": 150997000, "calculatedNetInterest": -98044000, "calculatedOtherIncome": -55983000, "calculatedIncomeNonControlling": 0, "calculatedEbitda": 245845000}, {"date": "2019-12-31", "symbol": "FTAIP", "reportedCurrency": "USD", "cik": "0001590364", "fillingDate": "2020-02-28", "acceptedDate": "2020-02-28 16:03:04", "calendarYear": "2019", "period": "FY", "revenue": 578774000, "costOfRevenue": 169023000, "grossProfit": 409751000, "grossProfitRatio": 0.7079637302, "researchAndDevelopmentExpenses": 0, "generalAndAdministrativeExpenses": 20441000, "sellingAndMarketingExpenses": 0, "sellingGeneralAndAdministrativeExpenses": 20441000, "otherExpenses": 324095000, "operatingExpenses": 344536000, "costAndExpenses": 513559000, "interestIncome": 531000, "interestExpense": 95585000, "depreciationAndAmortization": 201387000, "ebitda": 268203000, "ebitdaratio": 0.4633984941, "operatingIncome": 66816000, "operatingIncomeRatio": 0.1154440248, "totalOtherIncomeExpensesNet": 85316000, "incomeBeforeTax": 152132000, "incomeBeforeTaxRatio": 0.2628521668, "incomeTaxExpense": 17810000, "netIncome": 134322000, "netIncomeRatio": 0.2320802248, "eps": 1.56, "epsdiluted": 1.56, "weightedAverageShsOut": 85992019, "weightedAverageShsOutDil": 86029363, "link": "https://www.sec.gov/Archives/edgar/data/1590364/000159036420000002/0001590364-20-000002-index.htm", "finalLink": "https://www.sec.gov/Archives/edgar/data/1590364/000159036420000002/ftai-20191231.htm", "calculatedOtherExpenses": 322494000, "calculatedOperatingExpenses": 342935000, "calculatedNetInterest": -95054000, "calculatedOtherIncome": 180370000, "calculatedIncomeNonControlling": 0, "calculatedEbitda": 268203000}, {"date": "2018-12-31", "symbol": "FTAIP", "reportedCurrency": "USD", "cik": "0001590364", "fillingDate": "2019-02-28", "acceptedDate": "2019-02-28 16:25:41", "calendarYear": "2018", "period": "FY", "revenue": 379878000, "costOfRevenue": 136354000, "grossProfit": 243524000, "grossProfitRatio": 0.6410584451, "researchAndDevelopmentExpenses": 0, "generalAndAdministrativeExpenses": 17126000, "sellingAndMarketingExpenses": 0, "sellingGeneralAndAdministrativeExpenses": 17126000, "otherExpenses": 3941000, "operatingExpenses": 200366000, "costAndExpenses": 336720000, "interestIncome": 488000, "interestExpense": 57854000, "depreciationAndAmortization": 163013000, "ebitda": 209592000, "ebitdaratio": 0.5517350307, "operatingIncome": 43158000, "operatingIncomeRatio": 0.1136101591, "totalOtherIncomeExpensesNet": -124000, "incomeBeforeTax": -14332000, "incomeBeforeTaxRatio": -0.0377279021, "incomeTaxExpense": 1372000, "netIncome": 5882000, "netIncomeRatio": 0.0154839185, "eps": 0.0703, "epsdiluted": 0.0703, "weightedAverageShsOut": 83654068, "weightedAverageShsOutDil": 83664833, "link": "https://www.sec.gov/Archives/edgar/data/1590364/000159036419000002/0001590364-19-000002-index.htm", "finalLink": "https://www.sec.gov/Archives/edgar/data/1590364/000159036419000002/ftai-20181231.htm", "calculatedOtherExpenses": 183240000, "calculatedOperatingExpenses": 200366000, "calculatedNetInterest": -57366000, "calculatedOtherIncome": -124000, "calculatedIncomeNonControlling": -21586000, "calculatedEbitda": 206171000}, {"date": "2017-12-31", "symbol": "FTAIP", "reportedCurrency": "USD", "cik": "0001590364", "fillingDate": "2018-03-01", "acceptedDate": "2018-03-01 17:13:49", "calendarYear": "2017", "period": "FY", "revenue": 217659000, "costOfRevenue": 88110000, "grossProfit": 129549000, "grossProfitRatio": 0.59519248, "researchAndDevelopmentExpenses": 0, "generalAndAdministrativeExpenses": 14570000, "sellingAndMarketingExpenses": 0, "sellingGeneralAndAdministrativeExpenses": 14570000, "otherExpenses": 3073000, "operatingExpenses": 122687000, "costAndExpenses": 210797000, "interestIncome": 688000, "interestExpense": 38827000, "depreciationAndAmortization": 96416000, "ebitda": 105438000, "ebitdaratio": 0.4844182873, "operatingIncome": 6862000, "operatingIncomeRatio": 0.0315263784, "totalOtherIncomeExpensesNet": 9991000, "incomeBeforeTax": -21286000, "incomeBeforeTaxRatio": -0.097795175, "incomeTaxExpense": 1954000, "netIncome": 134000, "netIncomeRatio": 0.0006156419, "eps": 0.0018, "epsdiluted": 0.0018, "weightedAverageShsOut": 75766811, "weightedAverageShsOutDil": 75766811, "link": "https://www.sec.gov/Archives/edgar/data/1590364/000159036418000003/0001590364-18-000003-index.htm", "finalLink": "https://www.sec.gov/Archives/edgar/data/1590364/000159036418000003/ftai1231201710-k.htm", "calculatedOtherExpenses": 108117000, "calculatedOperatingExpenses": 122687000, "calculatedNetInterest": -38139000, "calculatedOtherIncome": 9991000, "calculatedIncomeNonControlling": -23374000, "calculatedEbitda": 103278000}, {"date": "2016-12-31", "symbol": "FTAIP", "reportedCurrency": "USD", "cik": "0001590364", "fillingDate": "2017-02-24", "acceptedDate": "2017-02-24 16:29:04", "calendarYear": "2016", "period": "FY", "revenue": 148720000, "costOfRevenue": 60210000, "grossProfit": 88510000, "grossProfitRatio": 0.5951452394, "researchAndDevelopmentExpenses": 0, "generalAndAdministrativeExpenses": 12314000, "sellingAndMarketingExpenses": 0, "sellingGeneralAndAdministrativeExpenses": 12314000, "otherExpenses": 602000, "operatingExpenses": 95225000, "costAndExpenses": 155435000, "interestIncome": 136000, "interestExpense": 18957000, "depreciationAndAmortization": 65657000, "ebitda": 53688000, "ebitdaratio": 0.3610005379, "operatingIncome": -6715000, "operatingIncomeRatio": -0.0451519634, "totalOtherIncomeExpensesNet": -14794000, "incomeBeforeTax": -40330000, "incomeBeforeTaxRatio": -0.2711807423, "incomeTaxExpense": 268000, "netIncome": -20064000, "netIncomeRatio": -0.1349112426, "eps": -0.26, "epsdiluted": -0.26, "weightedAverageShsOut": 75738698, "weightedAverageShsOutDil": 75738698, "link": "https://www.sec.gov/Archives/edgar/data/1590364/000159036417000004/0001590364-17-000004-index.htm", "finalLink": "https://www.sec.gov/Archives/edgar/data/1590364/000159036417000004/ftai1231201610-k.htm", "calculatedOtherExpenses": 82911000, "calculatedOperatingExpenses": 95225000, "calculatedNetInterest": -18821000, "calculatedOtherIncome": -14794000, "calculatedIncomeNonControlling": -20534000, "calculatedEbitda": 58942000}, {"date": "2015-12-31", "symbol": "FTAIP", "reportedCurrency": "USD", "cik": "0001590364", "fillingDate": "2016-03-10", "acceptedDate": "2016-03-09 17:44:13", "calendarYear": "2015", "period": "FY", "revenue": 136568000, "costOfRevenue": 45308000, "grossProfit": 91260000, "grossProfitRatio": 0.6682385332, "researchAndDevelopmentExpenses": 0, "generalAndAdministrativeExpenses": 7568000, "sellingAndMarketingExpenses": 0, "sellingGeneralAndAdministrativeExpenses": 7568000, "otherExpenses": 26000, "operatingExpenses": 91379000, "costAndExpenses": 136687000, "interestIncome": 579000, "interestExpense": 19311000, "depreciationAndAmortization": 52324000, "ebitda": 45854000, "ebitdaratio": 0.3357594751, "operatingIncome": -119000, "operatingIncomeRatio": -0.0008713608, "totalOtherIncomeExpensesNet": -9194000, "incomeBeforeTax": -28045000, "incomeBeforeTaxRatio": -0.2053555738, "incomeTaxExpense": 586000, "netIncome": -11826000, "netIncomeRatio": -0.0865942241, "eps": -0.18, "epsdiluted": -0.18, "weightedAverageShsOut": 65700365, "weightedAverageShsOutDil": 67039439, "link": "https://www.sec.gov/Archives/edgar/data/1590364/000159036416000014/0001590364-16-000014-index.htm", "finalLink": "https://www.sec.gov/Archives/edgar/data/1590364/000159036416000014/ftai1231201510-k.htm", "calculatedOtherExpenses": 83811000, "calculatedOperatingExpenses": 91379000, "calculatedNetInterest": -18732000, "calculatedOtherIncome": -9194000, "calculatedIncomeNonControlling": -16805000, "calculatedEbitda": 52205000}, {"date": "2014-12-31", "symbol": "FTAIP", "reportedCurrency": "USD", "cik": "0001590364", "fillingDate": "2014-12-31", "acceptedDate": "2014-12-30 19:00:00", "calendarYear": "2014", "period": "FY", "revenue": 57930000, "costOfRevenue": 15998000, "grossProfit": 41932000, "grossProfitRatio": 0.7238391162, "researchAndDevelopmentExpenses": 0, "generalAndAdministrativeExpenses": 2007000, "sellingAndMarketingExpenses": 0, "sellingGeneralAndAdministrativeExpenses": 2007000, "otherExpenses": 20000, "operatingExpenses": 34693000, "costAndExpenses": 50691000, "interestIncome": 186000, "interestExpense": 5872000, "depreciationAndAmortization": 18692000, "ebitda": 32230000, "ebitdaratio": 0.5563611255, "operatingIncome": 7239000, "operatingIncomeRatio": 0.12496116, "totalOtherIncomeExpensesNet": 2239000, "incomeBeforeTax": 3792000, "incomeBeforeTaxRatio": 0.0654583118, "incomeTaxExpense": 874000, "netIncome": 7780000, "netIncomeRatio": 0.1343000173, "eps": 0.15, "epsdiluted": 0.15, "weightedAverageShsOut": 53502873, "weightedAverageShsOutDil": 53502873, "link": "", "finalLink": "", "calculatedOtherExpenses": 32686000, "calculatedOperatingExpenses": 34693000, "calculatedNetInterest": -5686000, "calculatedOtherIncome": 2239000, "calculatedIncomeNonControlling": -4862000, "calculatedEbitda": 25931000}, {"date": "2013-12-31", "symbol": "FTAIP", "reportedCurrency": "USD", "cik": "0001590364", "fillingDate": "2013-12-31", "acceptedDate": "2013-12-30 19:00:00", "calendarYear": "2013", "period": "FY", "revenue": 19553000, "costOfRevenue": 3909000, "grossProfit": 15644000, "grossProfitRatio": 0.8000818289, "researchAndDevelopmentExpenses": 0, "generalAndAdministrativeExpenses": 5721000, "sellingAndMarketingExpenses": 0, "sellingGeneralAndAdministrativeExpenses": 5721000, "otherExpenses": 712000, "operatingExpenses": 6433000, "costAndExpenses": 10342000, "interestIncome": 0, "interestExpense": 2816000, "depreciationAndAmortization": 3909000, "ebitda": 23445000, "ebitdaratio": 1.1990487393, "operatingIncome": 9211000, "operatingIncomeRatio": 0.4710786069, "totalOtherIncomeExpensesNet": 18884000, "incomeBeforeTax": 25279000, "incomeBeforeTaxRatio": 1.2928450877, "incomeTaxExpense": 13599000, "netIncome": 24821000, "netIncomeRatio": 1.2694215721, "eps": 0.46, "epsdiluted": 0.46, "weightedAverageShsOut": 53502873, "weightedAverageShsOutDil": 53502873, "link": "", "finalLink": "", "calculatedOtherExpenses": 712000, "calculatedOperatingExpenses": 6433000, "calculatedNetInterest": -2816000, "calculatedOtherIncome": 18884000, "calculatedIncomeNonControlling": -13141000, "calculatedEbitda": 13120000}, {"date": "2012-12-31", "symbol": "FTAIP", "reportedCurrency": "USD", "cik": "0001590364", "fillingDate": "2012-12-31", "acceptedDate": "2012-12-30 19:00:00", "calendarYear": "2012", "period": "FY", "revenue": 3489000, "costOfRevenue": 887000, "grossProfit": 2602000, "grossProfitRatio": 0.7457724276, "researchAndDevelopmentExpenses": 0, "generalAndAdministrativeExpenses": 2265000, "sellingAndMarketingExpenses": 0, "sellingGeneralAndAdministrativeExpenses": 2265000, "otherExpenses": 0, "operatingExpenses": 3540000, "costAndExpenses": 4427000, "interestIncome": 0, "interestExpense": 30000, "depreciationAndAmortization": 1398000, "ebitda": 3622000, "ebitdaratio": 1.0381198051, "operatingIncome": -938000, "operatingIncomeRatio": -0.2688449412, "totalOtherIncomeExpensesNet": 3162000, "incomeBeforeTax": 2194000, "incomeBeforeTaxRatio": 0.6288334766, "incomeTaxExpense": 3192000, "netIncome": 2194000, "netIncomeRatio": 0.6288334766, "eps": 0.041, "epsdiluted": 0.041, "weightedAverageShsOut": 53502873, "weightedAverageShsOutDil": 53502873, "link": "", "finalLink": "", "calculatedOtherExpenses": 1275000, "calculatedOperatingExpenses": 3540000, "calculatedNetInterest": -30000, "calculatedOtherIncome": 3162000, "calculatedIncomeNonControlling": -3192000, "calculatedEbitda": 460000}]}