{"originalCurrency": "USD", "convertedCurrency": "USD", "report": [{"date": "2023-12-31", "symbol": "FTDR", "reportedCurrency": "USD", "cik": "0001727263", "fillingDate": "2024-02-28", "acceptedDate": "2024-02-28 08:00:00", "calendarYear": "2023", "period": "FY", "revenue": 1779000000, "costOfRevenue": 895000000, "grossProfit": 884000000, "grossProfitRatio": 0.4969083755, "researchAndDevelopmentExpenses": 0, "generalAndAdministrativeExpenses": 282000000, "sellingAndMarketingExpenses": 299000000, "sellingGeneralAndAdministrativeExpenses": 581000000, "otherExpenses": 0, "operatingExpenses": 618000000, "costAndExpenses": 1513000000, "interestIncome": 16000000, "interestExpense": 40000000, "depreciationAndAmortization": 37000000, "ebitda": 322000000, "ebitdaratio": 0.1810005621, "operatingIncome": 304000000, "operatingIncomeRatio": 0.1708825183, "totalOtherIncomeExpensesNet": -16000000, "incomeBeforeTax": 229000000, "incomeBeforeTaxRatio": 0.1287240022, "incomeTaxExpense": 57000000, "netIncome": 171000000, "netIncomeRatio": 0.0961214165, "eps": 2.12, "epsdiluted": 2.11, "weightedAverageShsOut": 80500000, "weightedAverageShsOutDil": 80900000, "link": "https://www.sec.gov/Archives/edgar/data/1727263/000119312524049249/0001193125-24-049249-index.htm", "finalLink": "https://www.sec.gov/Archives/edgar/data/1727263/000119312524049249/d724198dex991.htm", "calculatedOtherExpenses": -1000000, "calculatedOperatingExpenses": 580000000, "calculatedNetInterest": -24000000, "calculatedOtherIncome": -51000000, "calculatedIncomeNonControlling": 1000000, "calculatedEbitda": 341000000}, {"date": "2022-12-31", "symbol": "FTDR", "reportedCurrency": "USD", "cik": "0001727263", "fillingDate": "2023-03-01", "acceptedDate": "2023-03-01 16:19:19", "calendarYear": "2022", "period": "FY", "revenue": 1662000000, "costOfRevenue": 952000000, "grossProfit": 710000000, "grossProfitRatio": 0.4271961492, "researchAndDevelopmentExpenses": 2000000, "generalAndAdministrativeExpenses": 269000000, "sellingAndMarketingExpenses": 253000000, "sellingGeneralAndAdministrativeExpenses": 521000000, "otherExpenses": 34000000, "operatingExpenses": 555000000, "costAndExpenses": 1507000000, "interestIncome": 4000000, "interestExpense": 31000000, "depreciationAndAmortization": 34000000, "ebitda": 192000000, "ebitdaratio": 0.1155234657, "operatingIncome": 158000000, "operatingIncomeRatio": 0.0950661853, "totalOtherIncomeExpensesNet": -65000000, "incomeBeforeTax": 93000000, "incomeBeforeTaxRatio": 0.0559566787, "incomeTaxExpense": 22000000, "netIncome": 71000000, "netIncomeRatio": 0.0427196149, "eps": 0.87, "epsdiluted": 0.87, "weightedAverageShsOut": 81800000, "weightedAverageShsOutDil": 82000000, "link": "https://www.sec.gov/Archives/edgar/data/1727263/000156276223000062/0001562762-23-000062-index.htm", "finalLink": "https://www.sec.gov/Archives/edgar/data/1727263/000156276223000062/ftdr-20221231x10k.htm", "calculatedOtherExpenses": 29000000, "calculatedOperatingExpenses": 552000000, "calculatedNetInterest": -27000000, "calculatedOtherIncome": -38000000, "calculatedIncomeNonControlling": 0, "calculatedEbitda": 192000000}, {"date": "2021-12-31", "symbol": "FTDR", "reportedCurrency": "USD", "cik": "0001727263", "fillingDate": "2022-02-25", "acceptedDate": "2022-02-24 17:52:18", "calendarYear": "2021", "period": "FY", "revenue": 1602000000, "costOfRevenue": 818000000, "grossProfit": 784000000, "grossProfitRatio": 0.4893882647, "researchAndDevelopmentExpenses": 0, "generalAndAdministrativeExpenses": 0, "sellingAndMarketingExpenses": 0, "sellingGeneralAndAdministrativeExpenses": 511000000, "otherExpenses": 35000000, "operatingExpenses": 546000000, "costAndExpenses": 1364000000, "interestIncome": 1000000, "interestExpense": 39000000, "depreciationAndAmortization": 35000000, "ebitda": 276000000, "ebitdaratio": 0.1722846442, "operatingIncome": 241000000, "operatingIncomeRatio": 0.1504369538, "totalOtherIncomeExpensesNet": -73000000, "incomeBeforeTax": 168000000, "incomeBeforeTaxRatio": 0.1048689139, "incomeTaxExpense": 39000000, "netIncome": 128000000, "netIncomeRatio": 0.0799001248, "eps": 1.5, "epsdiluted": 1.5, "weightedAverageShsOut": 85100000, "weightedAverageShsOutDil": 85500000, "link": "https://www.sec.gov/Archives/edgar/data/1727263/000156276222000056/0001562762-22-000056-index.htm", "finalLink": "https://www.sec.gov/Archives/edgar/data/1727263/000156276222000056/ftdr-20211231x10k.htm", "calculatedOtherExpenses": 32000000, "calculatedOperatingExpenses": 543000000, "calculatedNetInterest": -38000000, "calculatedOtherIncome": -35000000, "calculatedIncomeNonControlling": 1000000, "calculatedEbitda": 276000000}, {"date": "2020-12-31", "symbol": "FTDR", "reportedCurrency": "USD", "cik": "0001727263", "fillingDate": "2021-02-23", "acceptedDate": "2021-02-23 16:58:55", "calendarYear": "2020", "period": "FY", "revenue": 1475000000, "costOfRevenue": 758000000, "grossProfit": 717000000, "grossProfitRatio": 0.4861016949, "researchAndDevelopmentExpenses": 0, "generalAndAdministrativeExpenses": 0, "sellingAndMarketingExpenses": 0, "sellingGeneralAndAdministrativeExpenses": 467000000, "otherExpenses": 34000000, "operatingExpenses": 501000000, "costAndExpenses": 1259000000, "interestIncome": 1000000, "interestExpense": 58000000, "depreciationAndAmortization": 34000000, "ebitda": 249000000, "ebitdaratio": 0.1688135593, "operatingIncome": 215000000, "operatingIncomeRatio": 0.1457627119, "totalOtherIncomeExpensesNet": -66000000, "incomeBeforeTax": 149000000, "incomeBeforeTaxRatio": 0.1010169492, "incomeTaxExpense": 37000000, "netIncome": 112000000, "netIncomeRatio": 0.0759322034, "eps": 1.31, "epsdiluted": 1.31, "weightedAverageShsOut": 85200000, "weightedAverageShsOutDil": 85500000, "link": "https://www.sec.gov/Archives/edgar/data/1727263/000156276221000052/0001562762-21-000052-index.htm", "finalLink": "https://www.sec.gov/Archives/edgar/data/1727263/000156276221000052/ftdr-20201231x10k.htm", "calculatedOtherExpenses": 35000000, "calculatedOperatingExpenses": 502000000, "calculatedNetInterest": -57000000, "calculatedOtherIncome": -9000000, "calculatedIncomeNonControlling": 0, "calculatedEbitda": 249000000}, {"date": "2019-12-31", "symbol": "FTDR", "reportedCurrency": "USD", "cik": "0001727263", "fillingDate": "2020-02-28", "acceptedDate": "2020-02-27 17:46:29", "calendarYear": "2019", "period": "FY", "revenue": 1365000000, "costOfRevenue": 687000000, "grossProfit": 678000000, "grossProfitRatio": 0.4967032967, "researchAndDevelopmentExpenses": 0, "generalAndAdministrativeExpenses": 0, "sellingAndMarketingExpenses": 0, "sellingGeneralAndAdministrativeExpenses": 392000000, "otherExpenses": 24000000, "operatingExpenses": 416000000, "costAndExpenses": 1103000000, "interestIncome": -6000000, "interestExpense": 62000000, "depreciationAndAmortization": 24000000, "ebitda": 286000000, "ebitdaratio": 0.2095238095, "operatingIncome": 262000000, "operatingIncomeRatio": 0.1919413919, "totalOtherIncomeExpensesNet": -58000000, "incomeBeforeTax": 204000000, "incomeBeforeTaxRatio": 0.1494505495, "incomeTaxExpense": 51000000, "netIncome": 153000000, "netIncomeRatio": 0.1120879121, "eps": 1.81, "epsdiluted": 1.8, "weightedAverageShsOut": 84700000, "weightedAverageShsOutDil": 84900000, "link": "https://www.sec.gov/Archives/edgar/data/1727263/000156276220000077/0001562762-20-000077-index.htm", "finalLink": "https://www.sec.gov/Archives/edgar/data/1727263/000156276220000077/ftdr-20191231x10k.htm", "calculatedOtherExpenses": 24000000, "calculatedOperatingExpenses": 416000000, "calculatedNetInterest": -68000000, "calculatedOtherIncome": 10000000, "calculatedIncomeNonControlling": 0, "calculatedEbitda": 286000000}, {"date": "2018-12-31", "symbol": "FTDR", "reportedCurrency": "USD", "cik": "0001727263", "fillingDate": "2019-02-28", "acceptedDate": "2019-02-28 16:45:43", "calendarYear": "2018", "period": "FY", "revenue": 1258000000, "costOfRevenue": 686000000, "grossProfit": 572000000, "grossProfitRatio": 0.4546899841, "researchAndDevelopmentExpenses": 0, "generalAndAdministrativeExpenses": 0, "sellingAndMarketingExpenses": 338000000, "sellingGeneralAndAdministrativeExpenses": 338000000, "otherExpenses": -1000000, "operatingExpenses": 358000000, "costAndExpenses": 1044000000, "interestIncome": 2000000, "interestExpense": 23000000, "depreciationAndAmortization": 20000000, "ebitda": 234000000, "ebitdaratio": 0.186009539, "operatingIncome": 214000000, "operatingIncomeRatio": 0.1701112878, "totalOtherIncomeExpensesNet": -26000000, "incomeBeforeTax": 166000000, "incomeBeforeTaxRatio": 0.1319554849, "incomeTaxExpense": 42000000, "netIncome": 125000000, "netIncomeRatio": 0.09936407, "eps": 1.48, "epsdiluted": 1.48, "weightedAverageShsOut": 84500000, "weightedAverageShsOutDil": 84700000, "link": "https://www.sec.gov/Archives/edgar/data/1727263/000172726319000003/0001727263-19-000003-index.htm", "finalLink": "https://www.sec.gov/Archives/edgar/data/1727263/000172726319000003/ftdr-20181231x10k.htm", "calculatedOtherExpenses": 20000000, "calculatedOperatingExpenses": 358000000, "calculatedNetInterest": -21000000, "calculatedOtherIncome": -27000000, "calculatedIncomeNonControlling": -1000000, "calculatedEbitda": 234000000}, {"date": "2017-12-31", "symbol": "FTDR", "reportedCurrency": "USD", "cik": "0001727263", "fillingDate": "2017-12-31", "acceptedDate": "2017-12-30 19:00:00", "calendarYear": "2017", "period": "FY", "revenue": 1157000000, "costOfRevenue": 589000000, "grossProfit": 568000000, "grossProfitRatio": 0.4909248055, "researchAndDevelopmentExpenses": 0, "generalAndAdministrativeExpenses": 0, "sellingAndMarketingExpenses": 312000000, "sellingGeneralAndAdministrativeExpenses": 312000000, "otherExpenses": -2000000, "operatingExpenses": 329000000, "costAndExpenses": 918000000, "interestIncome": 3000000, "interestExpense": 1000000, "depreciationAndAmortization": 17000000, "ebitda": 256000000, "ebitdaratio": 0.2212618842, "operatingIncome": 239000000, "operatingIncomeRatio": 0.2065687122, "totalOtherIncomeExpensesNet": -20000000, "incomeBeforeTax": 220000000, "incomeBeforeTaxRatio": 0.1901469317, "incomeTaxExpense": 60000000, "netIncome": 160000000, "netIncomeRatio": 0.1382886776, "eps": 1.89, "epsdiluted": 1.89, "weightedAverageShsOut": 84500000, "weightedAverageShsOutDil": 84700000, "link": "", "finalLink": "", "calculatedOtherExpenses": 17000000, "calculatedOperatingExpenses": 329000000, "calculatedNetInterest": 2000000, "calculatedOtherIncome": -21000000, "calculatedIncomeNonControlling": 0, "calculatedEbitda": 256000000}, {"date": "2016-12-31", "symbol": "FTDR", "reportedCurrency": "USD", "cik": "0001727263", "fillingDate": "2016-12-31", "acceptedDate": "2016-12-30 19:00:00", "calendarYear": "2016", "period": "FY", "revenue": 1020000000, "costOfRevenue": 526000000, "grossProfit": 494000000, "grossProfitRatio": 0.4843137255, "researchAndDevelopmentExpenses": 0, "generalAndAdministrativeExpenses": 0, "sellingAndMarketingExpenses": 286000000, "sellingGeneralAndAdministrativeExpenses": 286000000, "otherExpenses": -3000000, "operatingExpenses": 300000000, "costAndExpenses": 826000000, "interestIncome": 2000000, "interestExpense": 0, "depreciationAndAmortization": 14000000, "ebitda": 208000000, "ebitdaratio": 0.2039215686, "operatingIncome": 194000000, "operatingIncomeRatio": 0.1901960784, "totalOtherIncomeExpensesNet": -1000000, "incomeBeforeTax": 196000000, "incomeBeforeTaxRatio": 0.1921568627, "incomeTaxExpense": 71000000, "netIncome": 124000000, "netIncomeRatio": 0.1215686275, "eps": 1.47, "epsdiluted": 1.46, "weightedAverageShsOut": 84500000, "weightedAverageShsOutDil": 84700000, "link": "", "finalLink": "", "calculatedOtherExpenses": 14000000, "calculatedOperatingExpenses": 300000000, "calculatedNetInterest": 2000000, "calculatedOtherIncome": 0, "calculatedIncomeNonControlling": 1000000, "calculatedEbitda": 208000000}, {"date": "2015-12-31", "symbol": "FTDR", "reportedCurrency": "USD", "cik": "0001727263", "fillingDate": "2015-12-31", "acceptedDate": "2015-12-30 19:00:00", "calendarYear": "2015", "period": "FY", "revenue": 917000000, "costOfRevenue": 467000000, "grossProfit": 450000000, "grossProfitRatio": 0.4907306434, "researchAndDevelopmentExpenses": 0, "generalAndAdministrativeExpenses": 0, "sellingAndMarketingExpenses": 256000000, "sellingGeneralAndAdministrativeExpenses": 256000000, "otherExpenses": -2000000, "operatingExpenses": 265000000, "costAndExpenses": 732000000, "interestIncome": 0, "interestExpense": 0, "depreciationAndAmortization": 9000000, "ebitda": 190000000, "ebitdaratio": 0.2071973828, "operatingIncome": 185000000, "operatingIncomeRatio": 0.2017448201, "totalOtherIncomeExpensesNet": 6000000, "incomeBeforeTax": 189000000, "incomeBeforeTaxRatio": 0.2061068702, "incomeTaxExpense": 69000000, "netIncome": 120000000, "netIncomeRatio": 0.1308615049, "eps": 1.42, "epsdiluted": 1.42, "weightedAverageShsOut": 84300000, "weightedAverageShsOutDil": 84800000, "link": "", "finalLink": "", "calculatedOtherExpenses": 9000000, "calculatedOperatingExpenses": 265000000, "calculatedNetInterest": 0, "calculatedOtherIncome": 4000000, "calculatedIncomeNonControlling": 0, "calculatedEbitda": 194000000}]}