{"originalCurrency": "CAD", "convertedCurrency": "CAD", "report": [{"date": "2023-12-31", "symbol": "FTS", "reportedCurrency": "CAD", "cik": "0001666175", "fillingDate": "2023-12-31", "acceptedDate": "2023-12-30 19:00:00", "calendarYear": "2023", "period": "FY", "revenue": 11517000000, "costOfRevenue": 3771000000, "grossProfit": 7746000000, "grossProfitRatio": 0.672570982, "researchAndDevelopmentExpenses": 0, "generalAndAdministrativeExpenses": 0, "sellingAndMarketingExpenses": 0, "sellingGeneralAndAdministrativeExpenses": 62000000, "otherExpenses": 75000000, "operatingExpenses": 4662000000, "costAndExpenses": 8433000000, "interestIncome": 76000000, "interestExpense": 1305000000, "depreciationAndAmortization": 1773000000, "ebitda": 5008000000, "ebitdaratio": 0.4348354606, "operatingIncome": 3084000000, "operatingIncomeRatio": 0.2677780672, "totalOtherIncomeExpensesNet": 215000000, "incomeBeforeTax": 2070000000, "incomeBeforeTaxRatio": 0.1797343058, "incomeTaxExpense": 360000000, "netIncome": 1573000000, "netIncomeRatio": 0.1365807068, "eps": 3.1, "epsdiluted": 3.1, "weightedAverageShsOut": 486300000, "weightedAverageShsOutDil": 486500000, "link": null, "finalLink": null, "calculatedOtherExpenses": 4600000000, "calculatedOperatingExpenses": 4662000000, "calculatedNetInterest": -1229000000, "calculatedOtherIncome": 215000000, "calculatedIncomeNonControlling": 137000000, "calculatedEbitda": 4857000000}, {"date": "2022-12-31", "symbol": "FTS", "reportedCurrency": "CAD", "cik": "0001666175", "fillingDate": "2022-12-31", "acceptedDate": "2022-12-30 19:00:00", "calendarYear": "2022", "period": "FY", "revenue": 11043000000, "costOfRevenue": 3952000000, "grossProfit": 7091000000, "grossProfitRatio": 0.6421262338, "researchAndDevelopmentExpenses": 0, "generalAndAdministrativeExpenses": 0, "sellingAndMarketingExpenses": 0, "sellingGeneralAndAdministrativeExpenses": 92000000, "otherExpenses": 4351000000, "operatingExpenses": 4351000000, "costAndExpenses": 8303000000, "interestIncome": 11000000, "interestExpense": 1102000000, "depreciationAndAmortization": 1868000000, "ebitda": 4608000000, "ebitdaratio": 0.4172779136, "operatingIncome": 2740000000, "operatingIncomeRatio": 0.2481209816, "totalOtherIncomeExpensesNet": -937000000, "incomeBeforeTax": 1803000000, "incomeBeforeTaxRatio": 0.1632708503, "incomeTaxExpense": 289000000, "netIncome": 1394000000, "netIncomeRatio": 0.1262338133, "eps": 2.78, "epsdiluted": 2.78, "weightedAverageShsOut": 478600000, "weightedAverageShsOutDil": 479000000, "link": "", "finalLink": "", "calculatedOtherExpenses": 4259000000, "calculatedOperatingExpenses": 4351000000, "calculatedNetInterest": -1091000000, "calculatedOtherIncome": 154000000, "calculatedIncomeNonControlling": 120000000, "calculatedEbitda": 4608000000}, {"date": "2021-12-31", "symbol": "FTS", "reportedCurrency": "CAD", "cik": "0001666175", "fillingDate": "2021-12-31", "acceptedDate": "2021-12-31 00:00:00", "calendarYear": "2021", "period": "FY", "revenue": 9448000000, "costOfRevenue": 2951000000, "grossProfit": 6497000000, "grossProfitRatio": 0.6876587638, "researchAndDevelopmentExpenses": 0, "generalAndAdministrativeExpenses": 0, "sellingAndMarketingExpenses": 0, "sellingGeneralAndAdministrativeExpenses": 45000000, "otherExpenses": 4028000000, "operatingExpenses": 4028000000, "costAndExpenses": 6979000000, "interestIncome": 5000000, "interestExpense": 1003000000, "depreciationAndAmortization": 1571000000, "ebitda": 4040000000, "ebitdaratio": 0.4276037257, "operatingIncome": 2469000000, "operatingIncomeRatio": 0.2613251482, "totalOtherIncomeExpensesNet": -830000000, "incomeBeforeTax": 1639000000, "incomeBeforeTaxRatio": 0.1734758679, "incomeTaxExpense": 234000000, "netIncome": 1294000000, "netIncomeRatio": 0.1369602032, "eps": 2.61, "epsdiluted": 2.61, "weightedAverageShsOut": 470900000, "weightedAverageShsOutDil": 471400000, "link": null, "finalLink": null, "calculatedOtherExpenses": 3983000000, "calculatedOperatingExpenses": 4028000000, "calculatedNetInterest": -998000000, "calculatedOtherIncome": 168000000, "calculatedIncomeNonControlling": 111000000, "calculatedEbitda": 4040000000}, {"date": "2020-12-31", "symbol": "FTS", "reportedCurrency": "CAD", "cik": "0001666175", "fillingDate": "2020-12-31", "acceptedDate": "2020-12-31 00:00:00", "calendarYear": "2020", "period": "FY", "revenue": 8935000000, "costOfRevenue": 2562000000, "grossProfit": 6373000000, "grossProfitRatio": 0.713262451, "researchAndDevelopmentExpenses": 0, "generalAndAdministrativeExpenses": 0, "sellingAndMarketingExpenses": 0, "sellingGeneralAndAdministrativeExpenses": 31000000, "otherExpenses": 3865000000, "operatingExpenses": 3865000000, "costAndExpenses": 6427000000, "interestIncome": 13000000, "interestExpense": 1042000000, "depreciationAndAmortization": 1569000000, "ebitda": 4077000000, "ebitdaratio": 0.4562954673, "operatingIncome": 2508000000, "operatingIncomeRatio": 0.2806939004, "totalOtherIncomeExpensesNet": -888000000, "incomeBeforeTax": 1620000000, "incomeBeforeTaxRatio": 0.1813094572, "incomeTaxExpense": 231000000, "netIncome": 1274000000, "netIncomeRatio": 0.1425853386, "eps": 2.6, "epsdiluted": 2.6, "weightedAverageShsOut": 464800000, "weightedAverageShsOutDil": 465400000, "link": null, "finalLink": null, "calculatedOtherExpenses": 3834000000, "calculatedOperatingExpenses": 3865000000, "calculatedNetInterest": -1029000000, "calculatedOtherIncome": 141000000, "calculatedIncomeNonControlling": 115000000, "calculatedEbitda": 4077000000}, {"date": "2019-12-31", "symbol": "FTS", "reportedCurrency": "CAD", "cik": "0001666175", "fillingDate": "2019-12-31", "acceptedDate": "2019-12-31 00:00:00", "calendarYear": "2019", "period": "FY", "revenue": 8783000000, "costOfRevenue": 2520000000, "grossProfit": 6263000000, "grossProfitRatio": 0.7130820904, "researchAndDevelopmentExpenses": 0, "generalAndAdministrativeExpenses": 0, "sellingAndMarketingExpenses": 0, "sellingGeneralAndAdministrativeExpenses": 11000000, "otherExpenses": 3802000000, "operatingExpenses": 3802000000, "costAndExpenses": 6322000000, "interestIncome": 16000000, "interestExpense": 1035000000, "depreciationAndAmortization": 883000000, "ebitda": 3921000000, "ebitdaratio": 0.4464306046, "operatingIncome": 3038000000, "operatingIncomeRatio": 0.3458954799, "totalOtherIncomeExpensesNet": -897000000, "incomeBeforeTax": 2141000000, "incomeBeforeTaxRatio": 0.2437663668, "incomeTaxExpense": 289000000, "netIncome": 1722000000, "netIncomeRatio": 0.1960605716, "eps": 3.79, "epsdiluted": 3.78, "weightedAverageShsOut": 436800000, "weightedAverageShsOutDil": 437500000, "link": null, "finalLink": null, "calculatedOtherExpenses": 3214000000, "calculatedOperatingExpenses": 3225000000, "calculatedNetInterest": -1019000000, "calculatedOtherIncome": 122000000, "calculatedIncomeNonControlling": 130000000, "calculatedEbitda": 3921000000}, {"date": "2018-12-31", "symbol": "FTS", "reportedCurrency": "CAD", "cik": "0001666175", "fillingDate": "2019-02-15", "acceptedDate": "2019-02-15 06:06:33", "calendarYear": "2018", "period": "FY", "revenue": 8390000000, "costOfRevenue": 2495000000, "grossProfit": 5895000000, "grossProfitRatio": 0.7026221692, "researchAndDevelopmentExpenses": 0, "generalAndAdministrativeExpenses": 1000000, "sellingAndMarketingExpenses": 0, "sellingGeneralAndAdministrativeExpenses": 1000000, "otherExpenses": -17000000, "operatingExpenses": 3531000000, "costAndExpenses": 6026000000, "interestIncome": 15000000, "interestExpense": 974000000, "depreciationAndAmortization": 1243000000, "ebitda": 3668000000, "ebitdaratio": 0.4371871275, "operatingIncome": 2365000000, "operatingIncomeRatio": 0.2818831943, "totalOtherIncomeExpensesNet": 46000000, "incomeBeforeTax": 1451000000, "incomeBeforeTaxRatio": 0.1729439809, "incomeTaxExpense": 165000000, "netIncome": 1166000000, "netIncomeRatio": 0.1389749702, "eps": 2.75, "epsdiluted": 2.74, "weightedAverageShsOut": 424700000, "weightedAverageShsOutDil": 425200000, "link": "https://www.sec.gov/Archives/edgar/data/1666175/000166617519000011/0001666175-19-000011-index.html", "finalLink": "https://www.sec.gov/Archives/edgar/data/1666175/000166617519000011/fortis2018123140-fwrapper.htm", "calculatedOtherExpenses": 3529000000, "calculatedOperatingExpenses": 3530000000, "calculatedNetInterest": -959000000, "calculatedOtherIncome": 45000000, "calculatedIncomeNonControlling": 120000000, "calculatedEbitda": 3608000000}, {"date": "2017-12-31", "symbol": "FTS", "reportedCurrency": "CAD", "cik": "0001666175", "fillingDate": "2018-02-15", "acceptedDate": "2018-02-15 06:06:58", "calendarYear": "2017", "period": "FY", "revenue": 8301000000, "costOfRevenue": 2361000000, "grossProfit": 5940000000, "grossProfitRatio": 0.7155764366, "researchAndDevelopmentExpenses": 0, "generalAndAdministrativeExpenses": 0, "sellingAndMarketingExpenses": 0, "sellingGeneralAndAdministrativeExpenses": 11000000, "otherExpenses": 9000000, "operatingExpenses": 3440000000, "costAndExpenses": 5801000000, "interestIncome": 14000000, "interestExpense": 914000000, "depreciationAndAmortization": 1179000000, "ebitda": 3780000000, "ebitdaratio": 0.4553668233, "operatingIncome": 2500000000, "operatingIncomeRatio": 0.3011685339, "totalOtherIncomeExpensesNet": 113000000, "incomeBeforeTax": 1713000000, "incomeBeforeTaxRatio": 0.2063606794, "incomeTaxExpense": 588000000, "netIncome": 1028000000, "netIncomeRatio": 0.1238405011, "eps": 2.32, "epsdiluted": 2.31, "weightedAverageShsOut": 415500000, "weightedAverageShsOutDil": 416200000, "link": "https://www.sec.gov/Archives/edgar/data/1666175/000166617518000005/0001666175-18-000005-index.html", "finalLink": "https://www.sec.gov/Archives/edgar/data/1666175/000166617518000005/fortis2017123140-fwrapper.htm", "calculatedOtherExpenses": 3429000000, "calculatedOperatingExpenses": 3440000000, "calculatedNetInterest": -900000000, "calculatedOtherIncome": 113000000, "calculatedIncomeNonControlling": 97000000, "calculatedEbitda": 3679000000}, {"date": "2016-12-31", "symbol": "FTS", "reportedCurrency": "CAD", "cik": "0001666175", "fillingDate": "2017-02-16", "acceptedDate": "2017-02-16 06:06:31", "calendarYear": "2016", "period": "FY", "revenue": 6838000000, "costOfRevenue": 2341000000, "grossProfit": 4497000000, "grossProfitRatio": 0.6576484352, "researchAndDevelopmentExpenses": 0, "generalAndAdministrativeExpenses": 0, "sellingAndMarketingExpenses": 0, "sellingGeneralAndAdministrativeExpenses": 0, "otherExpenses": 2000000, "operatingExpenses": 3014000000, "costAndExpenses": 5355000000, "interestIncome": 7000000, "interestExpense": 639000000, "depreciationAndAmortization": 983000000, "ebitda": 2480000000, "ebitdaratio": 0.3626791459, "operatingIncome": 1483000000, "operatingIncomeRatio": 0.2168762796, "totalOtherIncomeExpensesNet": 46000000, "incomeBeforeTax": 858000000, "incomeBeforeTaxRatio": 0.1254752852, "incomeTaxExpense": 145000000, "netIncome": 660000000, "netIncomeRatio": 0.0965194501, "eps": 1.89, "epsdiluted": 1.89, "weightedAverageShsOut": 308900000, "weightedAverageShsOutDil": 313400000, "link": "https://www.sec.gov/Archives/edgar/data/1666175/000166617517000006/0001666175-17-000006-index.html", "finalLink": "https://www.sec.gov/Archives/edgar/data/1666175/000166617517000006/fortis2016form40f.htm", "calculatedOtherExpenses": 3014000000, "calculatedOperatingExpenses": 3014000000, "calculatedNetInterest": -632000000, "calculatedOtherIncome": 7000000, "calculatedIncomeNonControlling": 53000000, "calculatedEbitda": 2466000000}, {"date": "2015-12-31", "symbol": "FTS", "reportedCurrency": "CAD", "cik": "0001666175", "fillingDate": "2015-12-31", "acceptedDate": "2015-12-30 19:00:00", "calendarYear": "2015", "period": "FY", "revenue": 6727000000, "costOfRevenue": 2561000000, "grossProfit": 4166000000, "grossProfitRatio": 0.6192953768, "researchAndDevelopmentExpenses": 0, "generalAndAdministrativeExpenses": 0, "sellingAndMarketingExpenses": 0, "sellingGeneralAndAdministrativeExpenses": 0, "otherExpenses": -3000000, "operatingExpenses": 2737000000, "costAndExpenses": 5298000000, "interestIncome": 8000000, "interestExpense": 553000000, "depreciationAndAmortization": 873000000, "ebitda": 2330000000, "ebitdaratio": 0.3463653932, "operatingIncome": 1429000000, "operatingIncomeRatio": 0.2124275308, "totalOtherIncomeExpensesNet": 179000000, "incomeBeforeTax": 1063000000, "incomeBeforeTaxRatio": 0.1580199197, "incomeTaxExpense": 223000000, "netIncome": 805000000, "netIncomeRatio": 0.1196670135, "eps": 2.61, "epsdiluted": 2.59, "weightedAverageShsOut": 278600000, "weightedAverageShsOutDil": 284700000, "link": "", "finalLink": "", "calculatedOtherExpenses": 2737000000, "calculatedOperatingExpenses": 2737000000, "calculatedNetInterest": -545000000, "calculatedOtherIncome": 179000000, "calculatedIncomeNonControlling": 35000000, "calculatedEbitda": 2302000000}, {"date": "2014-12-31", "symbol": "FTS", "reportedCurrency": "CAD", "cik": "0001666175", "fillingDate": "2014-12-31", "acceptedDate": "2014-12-30 19:00:00", "calendarYear": "2014", "period": "FY", "revenue": 5401000000, "costOfRevenue": 2197000000, "grossProfit": 3204000000, "grossProfitRatio": 0.5932234771, "researchAndDevelopmentExpenses": 0, "generalAndAdministrativeExpenses": 0, "sellingAndMarketingExpenses": 0, "sellingGeneralAndAdministrativeExpenses": 0, "otherExpenses": 1000000, "operatingExpenses": 2181000000, "costAndExpenses": 4378000000, "interestIncome": 13000000, "interestExpense": 547000000, "depreciationAndAmortization": 688000000, "ebitda": 1736000000, "ebitdaratio": 0.3214219589, "operatingIncome": 1023000000, "operatingIncomeRatio": 0.1894093686, "totalOtherIncomeExpensesNet": -38000000, "incomeBeforeTax": 451000000, "incomeBeforeTaxRatio": 0.083503055, "incomeTaxExpense": 66000000, "netIncome": 379000000, "netIncomeRatio": 0.0701721903, "eps": 1.41, "epsdiluted": 1.4, "weightedAverageShsOut": 225600000, "weightedAverageShsOutDil": 226100000, "link": "", "finalLink": "", "calculatedOtherExpenses": 2181000000, "calculatedOperatingExpenses": 2181000000, "calculatedNetInterest": -534000000, "calculatedOtherIncome": -38000000, "calculatedIncomeNonControlling": 6000000, "calculatedEbitda": 1711000000}, {"date": "2013-12-31", "symbol": "FTS", "reportedCurrency": "CAD", "cik": "0001666175", "fillingDate": "2013-12-31", "acceptedDate": "2013-12-30 19:00:00", "calendarYear": "2013", "period": "FY", "revenue": 4047000000, "costOfRevenue": 1617000000, "grossProfit": 2430000000, "grossProfitRatio": 0.6004447739, "researchAndDevelopmentExpenses": 0, "generalAndAdministrativeExpenses": 0, "sellingAndMarketingExpenses": 0, "sellingGeneralAndAdministrativeExpenses": 0, "otherExpenses": 1578000000, "operatingExpenses": 1578000000, "costAndExpenses": 3195000000, "interestIncome": 7000000, "interestExpense": 389000000, "depreciationAndAmortization": 541000000, "ebitda": 1408000000, "ebitdaratio": 0.3479120336, "operatingIncome": 852000000, "operatingIncomeRatio": 0.2105263158, "totalOtherIncomeExpensesNet": -38000000, "incomeBeforeTax": 432000000, "incomeBeforeTaxRatio": 0.1067457376, "incomeTaxExpense": 32000000, "netIncome": 410000000, "netIncomeRatio": 0.1013096121, "eps": 1.74, "epsdiluted": 1.73, "weightedAverageShsOut": 202500000, "weightedAverageShsOutDil": 209300000, "link": "", "finalLink": "", "calculatedOtherExpenses": 1578000000, "calculatedOperatingExpenses": 1578000000, "calculatedNetInterest": -382000000, "calculatedOtherIncome": -38000000, "calculatedIncomeNonControlling": -10000000, "calculatedEbitda": 1393000000}, {"date": "2012-12-31", "symbol": "FTS", "reportedCurrency": "CAD", "cik": "0001666175", "fillingDate": "2012-12-31", "acceptedDate": "2012-12-30 19:00:00", "calendarYear": "2012", "period": "FY", "revenue": 3654000000, "costOfRevenue": 1522000000, "grossProfit": 2132000000, "grossProfitRatio": 0.5834701697, "researchAndDevelopmentExpenses": 0, "generalAndAdministrativeExpenses": 0, "sellingAndMarketingExpenses": 0, "sellingGeneralAndAdministrativeExpenses": 0, "otherExpenses": 1000000, "operatingExpenses": 1338000000, "costAndExpenses": 2860000000, "interestIncome": 5000000, "interestExpense": 366000000, "depreciationAndAmortization": 470000000, "ebitda": 1270000000, "ebitdaratio": 0.3475643131, "operatingIncome": 794000000, "operatingIncomeRatio": 0.2172961138, "totalOtherIncomeExpensesNet": -1000000, "incomeBeforeTax": 432000000, "incomeBeforeTaxRatio": 0.118226601, "incomeTaxExpense": 61000000, "netIncome": 362000000, "netIncomeRatio": 0.0990695129, "eps": 1.66, "epsdiluted": 1.65, "weightedAverageShsOut": 190000000, "weightedAverageShsOutDil": 197200000, "link": "", "finalLink": "", "calculatedOtherExpenses": 1338000000, "calculatedOperatingExpenses": 1338000000, "calculatedNetInterest": -361000000, "calculatedOtherIncome": -1000000, "calculatedIncomeNonControlling": 9000000, "calculatedEbitda": 1264000000}, {"date": "2011-12-31", "symbol": "FTS", "reportedCurrency": "CAD", "cik": "0001666175", "fillingDate": "2011-12-31", "acceptedDate": "2011-12-30 19:00:00", "calendarYear": "2011", "period": "FY", "revenue": 3747000000, "costOfRevenue": 1697000000, "grossProfit": 2050000000, "grossProfitRatio": 0.5471043501, "researchAndDevelopmentExpenses": 0, "generalAndAdministrativeExpenses": 0, "sellingAndMarketingExpenses": 0, "sellingGeneralAndAdministrativeExpenses": 0, "otherExpenses": 40000000, "operatingExpenses": 1284000000, "costAndExpenses": 2981000000, "interestIncome": 0, "interestExpense": 370000000, "depreciationAndAmortization": 422000000, "ebitda": 1228000000, "ebitdaratio": 0.3277288497, "operatingIncome": 766000000, "operatingIncomeRatio": 0.2044302108, "totalOtherIncomeExpensesNet": 40000000, "incomeBeforeTax": 436000000, "incomeBeforeTaxRatio": 0.1163597545, "incomeTaxExpense": 80000000, "netIncome": 347000000, "netIncomeRatio": 0.0926074193, "eps": 1.71, "epsdiluted": 1.7, "weightedAverageShsOut": 181600000, "weightedAverageShsOutDil": 190000000, "link": "", "finalLink": "", "calculatedOtherExpenses": 1284000000, "calculatedOperatingExpenses": 1284000000, "calculatedNetInterest": -370000000, "calculatedOtherIncome": 40000000, "calculatedIncomeNonControlling": 9000000, "calculatedEbitda": 1188000000}, {"date": "2010-12-31", "symbol": "FTS", "reportedCurrency": "CAD", "cik": "0001666175", "fillingDate": "2010-12-31", "acceptedDate": "2010-12-30 19:00:00", "calendarYear": "2010", "period": "FY", "revenue": 3664000000, "costOfRevenue": 1686000000, "grossProfit": 1978000000, "grossProfitRatio": 0.5398471616, "researchAndDevelopmentExpenses": 0, "generalAndAdministrativeExpenses": 0, "sellingAndMarketingExpenses": 0, "sellingGeneralAndAdministrativeExpenses": 0, "otherExpenses": 1238000000, "operatingExpenses": 1238000000, "costAndExpenses": 2924000000, "interestIncome": 0, "interestExpense": 350000000, "depreciationAndAmortization": 408000000, "ebitda": 1150000000, "ebitdaratio": 0.3138646288, "operatingIncome": 740000000, "operatingIncomeRatio": 0.2019650655, "totalOtherIncomeExpensesNet": -350000000, "incomeBeforeTax": 390000000, "incomeBeforeTaxRatio": 0.106441048, "incomeTaxExpense": 67000000, "netIncome": 313000000, "netIncomeRatio": 0.0854257642, "eps": 1.65, "epsdiluted": 1.62, "weightedAverageShsOut": 172900000, "weightedAverageShsOutDil": 187100000, "link": "", "finalLink": "", "calculatedOtherExpenses": 1238000000, "calculatedOperatingExpenses": 1238000000, "calculatedNetInterest": -350000000, "calculatedOtherIncome": 0, "calculatedIncomeNonControlling": 10000000, "calculatedEbitda": 1148000000}, {"date": "2009-12-31", "symbol": "FTS", "reportedCurrency": "CAD", "cik": "0001666175", "fillingDate": "2009-12-31", "acceptedDate": "2009-12-30 19:00:00", "calendarYear": "2009", "period": "FY", "revenue": 3637000000, "costOfRevenue": 1799000000, "grossProfit": 1838000000, "grossProfitRatio": 0.5053615617, "researchAndDevelopmentExpenses": 0, "generalAndAdministrativeExpenses": 0, "sellingAndMarketingExpenses": 0, "sellingGeneralAndAdministrativeExpenses": 0, "otherExpenses": 1000000, "operatingExpenses": 1137000000, "costAndExpenses": 2936000000, "interestIncome": 0, "interestExpense": 361000000, "depreciationAndAmortization": 360000000, "ebitda": 1066000000, "ebitdaratio": 0.2930987077, "operatingIncome": 701000000, "operatingIncomeRatio": 0.1927412703, "totalOtherIncomeExpensesNet": 1000000, "incomeBeforeTax": 341000000, "incomeBeforeTaxRatio": 0.0937585922, "incomeTaxExpense": 49000000, "netIncome": 280000000, "netIncomeRatio": 0.0769865274, "eps": 1.54, "epsdiluted": 1.51, "weightedAverageShsOut": 170200000, "weightedAverageShsOutDil": 184800000, "link": "", "finalLink": "", "calculatedOtherExpenses": 1137000000, "calculatedOperatingExpenses": 1137000000, "calculatedNetInterest": -361000000, "calculatedOtherIncome": 1000000, "calculatedIncomeNonControlling": 12000000, "calculatedEbitda": 1061000000}, {"date": "2008-12-31", "symbol": "FTS", "reportedCurrency": "CAD", "cik": "0001666175", "fillingDate": "2008-12-31", "acceptedDate": "2008-12-30 19:00:00", "calendarYear": "2008", "period": "FY", "revenue": 3903000000, "costOfRevenue": 2112000000, "grossProfit": 1791000000, "grossProfitRatio": 0.4588777863, "researchAndDevelopmentExpenses": 0, "generalAndAdministrativeExpenses": 0, "sellingAndMarketingExpenses": 0, "sellingGeneralAndAdministrativeExpenses": 0, "otherExpenses": 1091000000, "operatingExpenses": 1091000000, "costAndExpenses": 3203000000, "interestIncome": 0, "interestExpense": 0, "depreciationAndAmortization": 348000000, "ebitda": 1048000000, "ebitdaratio": 0.2685114015, "operatingIncome": 700000000, "operatingIncomeRatio": 0.1793492185, "totalOtherIncomeExpensesNet": -376000000, "incomeBeforeTax": 324000000, "incomeBeforeTaxRatio": 0.0830130669, "incomeTaxExpense": 65000000, "netIncome": 259000000, "netIncomeRatio": 0.0663592109, "eps": 1.56, "epsdiluted": 1.52, "weightedAverageShsOut": 157400000, "weightedAverageShsOutDil": 173700000, "link": "", "finalLink": "", "calculatedOtherExpenses": 1091000000, "calculatedOperatingExpenses": 1091000000, "calculatedNetInterest": 0, "calculatedOtherIncome": -376000000, "calculatedIncomeNonControlling": 0, "calculatedEbitda": 1048000000}, {"date": "2007-12-31", "symbol": "FTS", "reportedCurrency": "CAD", "cik": "0001666175", "fillingDate": "2007-12-31", "acceptedDate": "2007-12-30 19:00:00", "calendarYear": "2007", "period": "FY", "revenue": 2718000000, "costOfRevenue": 1287000000, "grossProfit": 1431000000, "grossProfitRatio": 0.5264900662, "researchAndDevelopmentExpenses": 0, "generalAndAdministrativeExpenses": 0, "sellingAndMarketingExpenses": 0, "sellingGeneralAndAdministrativeExpenses": 0, "otherExpenses": 890000000, "operatingExpenses": 890000000, "costAndExpenses": 2177000000, "interestIncome": 0, "interestExpense": 0, "depreciationAndAmortization": 273000000, "ebitda": 814000000, "ebitdaratio": 0.2994849154, "operatingIncome": 541000000, "operatingIncomeRatio": 0.1990434143, "totalOtherIncomeExpensesNet": -10000000, "incomeBeforeTax": 235000000, "incomeBeforeTaxRatio": 0.0864606328, "incomeTaxExpense": 36000000, "netIncome": 199000000, "netIncomeRatio": 0.0732155997, "eps": 1.4, "epsdiluted": 1.32, "weightedAverageShsOut": 137600000, "weightedAverageShsOutDil": 146212121, "link": "", "finalLink": "", "calculatedOtherExpenses": 890000000, "calculatedOperatingExpenses": 890000000, "calculatedNetInterest": 0, "calculatedOtherIncome": -306000000, "calculatedIncomeNonControlling": 0, "calculatedEbitda": 814000000}, {"date": "2006-12-31", "symbol": "FTS", "reportedCurrency": "CAD", "cik": "0001666175", "fillingDate": "2006-12-31", "acceptedDate": "2006-12-30 19:00:00", "calendarYear": "2006", "period": "FY", "revenue": 1471736000, "costOfRevenue": 540485000, "grossProfit": 931251000, "grossProfitRatio": 0.632756826, "researchAndDevelopmentExpenses": 0, "generalAndAdministrativeExpenses": 0, "sellingAndMarketingExpenses": 0, "sellingGeneralAndAdministrativeExpenses": 0, "otherExpenses": 576098000, "operatingExpenses": 576098000, "costAndExpenses": 1116583000, "interestIncome": 0, "interestExpense": 0, "depreciationAndAmortization": 177511000, "ebitda": 532664000, "ebitdaratio": 0.3619290416, "operatingIncome": 355153000, "operatingIncomeRatio": 0.2413156979, "totalOtherIncomeExpensesNet": 2088000, "incomeBeforeTax": 181310000, "incomeBeforeTaxRatio": 0.123194649, "incomeTaxExpense": 32538000, "netIncome": 148772000, "netIncomeRatio": 0.1010860643, "eps": 1.42, "epsdiluted": 1.37, "weightedAverageShsOut": 103521127, "weightedAverageShsOutDil": 107299270, "link": "", "finalLink": "", "calculatedOtherExpenses": 576098000, "calculatedOperatingExpenses": 576098000, "calculatedNetInterest": 0, "calculatedOtherIncome": -173843000, "calculatedIncomeNonControlling": 0, "calculatedEbitda": 532664000}, {"date": "2005-12-31", "symbol": "FTS", "reportedCurrency": "CAD", "cik": "0001666175", "fillingDate": "2005-12-31", "acceptedDate": "2005-12-30 19:00:00", "calendarYear": "2005", "period": "FY", "revenue": 1441471000, "costOfRevenue": 0, "grossProfit": 1441471000, "grossProfitRatio": 1, "researchAndDevelopmentExpenses": 0, "generalAndAdministrativeExpenses": 0, "sellingAndMarketingExpenses": 0, "sellingGeneralAndAdministrativeExpenses": 0, "otherExpenses": 1085010000, "operatingExpenses": 1085010000, "costAndExpenses": 1085010000, "interestIncome": 0, "interestExpense": 0, "depreciationAndAmortization": 158715000, "ebitda": 515176000, "ebitdaratio": 0.3573960211, "operatingIncome": 356461000, "operatingIncomeRatio": 0.2472897478, "totalOtherIncomeExpensesNet": -4271000, "incomeBeforeTax": 207513000, "incomeBeforeTaxRatio": 0.1439591917, "incomeTaxExpense": 70416000, "netIncome": 137097000, "netIncomeRatio": 0.0951090934, "eps": 1.35, "epsdiluted": 1.24, "weightedAverageShsOut": 101750000, "weightedAverageShsOutDil": 110562097, "link": "", "finalLink": "", "calculatedOtherExpenses": 1085010000, "calculatedOperatingExpenses": 1085010000, "calculatedNetInterest": 0, "calculatedOtherIncome": -148948000, "calculatedIncomeNonControlling": 0, "calculatedEbitda": 515176000}, {"date": "2004-12-31", "symbol": "FTS", "reportedCurrency": "CAD", "cik": "0001666175", "fillingDate": "2004-12-31", "acceptedDate": "2004-12-30 19:00:00", "calendarYear": "2004", "period": "FY", "revenue": 1146128000, "costOfRevenue": 0, "grossProfit": 1146128000, "grossProfitRatio": 1, "researchAndDevelopmentExpenses": 0, "generalAndAdministrativeExpenses": 0, "sellingAndMarketingExpenses": 0, "sellingGeneralAndAdministrativeExpenses": 0, "otherExpenses": 882284000, "operatingExpenses": 882284000, "costAndExpenses": 882284000, "interestIncome": 0, "interestExpense": 0, "depreciationAndAmortization": 115656000, "ebitda": 379500000, "ebitdaratio": 0.3311148493, "operatingIncome": 263844000, "operatingIncomeRatio": 0.2302046543, "totalOtherIncomeExpensesNet": -11090000, "incomeBeforeTax": 137782000, "incomeBeforeTaxRatio": 0.1202151941, "incomeTaxExpense": 46927000, "netIncome": 90855000, "netIncomeRatio": 0.0792712507, "eps": 1.07, "epsdiluted": 1.01, "weightedAverageShsOut": 84738000, "weightedAverageShsOutDil": 89955446, "link": "", "finalLink": "", "calculatedOtherExpenses": 882284000, "calculatedOperatingExpenses": 882284000, "calculatedNetInterest": 0, "calculatedOtherIncome": -126062000, "calculatedIncomeNonControlling": 0, "calculatedEbitda": 379500000}, {"date": "2003-12-31", "symbol": "FTS", "reportedCurrency": "CAD", "cik": "0001666175", "fillingDate": "2003-12-31", "acceptedDate": "2003-12-30 19:00:00", "calendarYear": "2003", "period": "FY", "revenue": 843080000, "costOfRevenue": 0, "grossProfit": 843080000, "grossProfitRatio": 1, "researchAndDevelopmentExpenses": 0, "generalAndAdministrativeExpenses": 0, "sellingAndMarketingExpenses": 0, "sellingGeneralAndAdministrativeExpenses": 0, "otherExpenses": 642264000, "operatingExpenses": 642264000, "costAndExpenses": 642264000, "interestIncome": 0, "interestExpense": 0, "depreciationAndAmortization": 62753000, "ebitda": 263569000, "ebitdaratio": 0.3126263225, "operatingIncome": 200816000, "operatingIncomeRatio": 0.2381932913, "totalOtherIncomeExpensesNet": -3952000, "incomeBeforeTax": 111866000, "incomeBeforeTaxRatio": 0.1326872895, "incomeTaxExpense": 38236000, "netIncome": 73630000, "netIncomeRatio": 0.0873345353, "eps": 1.06, "epsdiluted": 1.02, "weightedAverageShsOut": 69236000, "weightedAverageShsOutDil": 71834146, "link": "", "finalLink": "", "calculatedOtherExpenses": 642264000, "calculatedOperatingExpenses": 642264000, "calculatedNetInterest": 0, "calculatedOtherIncome": -88950000, "calculatedIncomeNonControlling": 0, "calculatedEbitda": 263569000}, {"date": "2002-12-31", "symbol": "FTS", "reportedCurrency": "CAD", "cik": "0001666175", "fillingDate": "2002-12-31", "acceptedDate": "2002-12-30 19:00:00", "calendarYear": "2002", "period": "FY", "revenue": 715465000, "costOfRevenue": 0, "grossProfit": 715465000, "grossProfitRatio": 1, "researchAndDevelopmentExpenses": 0, "generalAndAdministrativeExpenses": 0, "sellingAndMarketingExpenses": 0, "sellingGeneralAndAdministrativeExpenses": 0, "otherExpenses": 542345000, "operatingExpenses": 542345000, "costAndExpenses": 542345000, "interestIncome": 0, "interestExpense": 0, "depreciationAndAmortization": 65376000, "ebitda": 238496000, "ebitdaratio": 0.333344049, "operatingIncome": 173120000, "operatingIncomeRatio": 0.24196851, "totalOtherIncomeExpensesNet": -2736000, "incomeBeforeTax": 95740000, "incomeBeforeTaxRatio": 0.1338150713, "incomeTaxExpense": 32488000, "netIncome": 63252000, "netIncomeRatio": 0.0884068403, "eps": 0.97, "epsdiluted": 0.96, "weightedAverageShsOut": 65108000, "weightedAverageShsOutDil": 65716364, "link": "", "finalLink": "", "calculatedOtherExpenses": 542345000, "calculatedOperatingExpenses": 542345000, "calculatedNetInterest": 0, "calculatedOtherIncome": -77380000, "calculatedIncomeNonControlling": 0, "calculatedEbitda": 238496000}, {"date": "2001-12-31", "symbol": "FTS", "reportedCurrency": "CAD", "cik": "0001666175", "fillingDate": "2001-12-31", "acceptedDate": "2001-12-30 19:00:00", "calendarYear": "2001", "period": "FY", "revenue": 628254000, "costOfRevenue": 0, "grossProfit": 628254000, "grossProfitRatio": 1, "researchAndDevelopmentExpenses": 0, "generalAndAdministrativeExpenses": 0, "sellingAndMarketingExpenses": 0, "sellingGeneralAndAdministrativeExpenses": 0, "otherExpenses": 481073000, "operatingExpenses": 481073000, "costAndExpenses": 481073000, "interestIncome": 0, "interestExpense": 0, "depreciationAndAmortization": 62726000, "ebitda": 209907000, "ebitdaratio": 0.3341116809, "operatingIncome": 147181000, "operatingIncomeRatio": 0.2342698972, "totalOtherIncomeExpensesNet": -161000, "incomeBeforeTax": 80809000, "incomeBeforeTaxRatio": 0.1286247282, "incomeTaxExpense": 28088000, "netIncome": 53442000, "netIncomeRatio": 0.0850643211, "eps": 0.9, "epsdiluted": 0.9, "weightedAverageShsOut": 59512000, "weightedAverageShsOutDil": 59512000, "link": "", "finalLink": "", "calculatedOtherExpenses": 481073000, "calculatedOperatingExpenses": 481073000, "calculatedNetInterest": 0, "calculatedOtherIncome": -66372000, "calculatedIncomeNonControlling": -721000, "calculatedEbitda": 209907000}, {"date": "2000-12-31", "symbol": "FTS", "reportedCurrency": "CAD", "cik": "0001666175", "fillingDate": "2000-12-31", "acceptedDate": "2000-12-30 19:00:00", "calendarYear": "2000", "period": "FY", "revenue": 584575000, "costOfRevenue": 0, "grossProfit": 584575000, "grossProfitRatio": 1, "researchAndDevelopmentExpenses": 0, "generalAndAdministrativeExpenses": 0, "sellingAndMarketingExpenses": 0, "sellingGeneralAndAdministrativeExpenses": 0, "otherExpenses": 471176000, "operatingExpenses": 471176000, "costAndExpenses": 471176000, "interestIncome": 0, "interestExpense": 0, "depreciationAndAmortization": 52764000, "ebitda": 166163000, "ebitdaratio": 0.2842458196, "operatingIncome": 113399000, "operatingIncomeRatio": 0.193985374, "totalOtherIncomeExpensesNet": -737000, "incomeBeforeTax": 54392000, "incomeBeforeTaxRatio": 0.0930453748, "incomeTaxExpense": 17633000, "netIncome": 36759000, "netIncomeRatio": 0.0628815806, "eps": 0.68, "epsdiluted": 0.68, "weightedAverageShsOut": 54068000, "weightedAverageShsOutDil": 54068000, "link": "", "finalLink": "", "calculatedOtherExpenses": 471176000, "calculatedOperatingExpenses": 471176000, "calculatedNetInterest": 0, "calculatedOtherIncome": -59007000, "calculatedIncomeNonControlling": 0, "calculatedEbitda": 166163000}, {"date": "1999-12-31", "symbol": "FTS", "reportedCurrency": "CAD", "cik": "0001666175", "fillingDate": "1999-12-31", "acceptedDate": "1999-12-30 19:00:00", "calendarYear": "1999", "period": "FY", "revenue": 505218000, "costOfRevenue": 0, "grossProfit": 505218000, "grossProfitRatio": 1, "researchAndDevelopmentExpenses": 0, "generalAndAdministrativeExpenses": 0, "sellingAndMarketingExpenses": 0, "sellingGeneralAndAdministrativeExpenses": 0, "otherExpenses": 401891000, "operatingExpenses": 401891000, "costAndExpenses": 401891000, "interestIncome": 0, "interestExpense": 0, "depreciationAndAmortization": 45664000, "ebitda": 148991000, "ebitdaratio": 0.2949043779, "operatingIncome": 103327000, "operatingIncomeRatio": 0.2045196331, "totalOtherIncomeExpensesNet": -2975000, "incomeBeforeTax": 56716000, "incomeBeforeTaxRatio": 0.1122604499, "incomeTaxExpense": 27476000, "netIncome": 29183000, "netIncomeRatio": 0.0577631834, "eps": 0.56, "epsdiluted": 0.56, "weightedAverageShsOut": 52188000, "weightedAverageShsOutDil": 52188000, "link": "", "finalLink": "", "calculatedOtherExpenses": 401891000, "calculatedOperatingExpenses": 401891000, "calculatedNetInterest": 0, "calculatedOtherIncome": -46611000, "calculatedIncomeNonControlling": 57000, "calculatedEbitda": 148991000}, {"date": "1998-12-31", "symbol": "FTS", "reportedCurrency": "CAD", "cik": "0001666175", "fillingDate": "1998-12-31", "acceptedDate": "1998-12-30 19:00:00", "calendarYear": "1998", "period": "FY", "revenue": 474354000, "costOfRevenue": 0, "grossProfit": 474354000, "grossProfitRatio": 1, "researchAndDevelopmentExpenses": 0, "generalAndAdministrativeExpenses": 0, "sellingAndMarketingExpenses": 0, "sellingGeneralAndAdministrativeExpenses": 0, "otherExpenses": 382983000, "operatingExpenses": 382983000, "costAndExpenses": 382983000, "interestIncome": 0, "interestExpense": 0, "depreciationAndAmortization": 43040000, "ebitda": 134411000, "ebitdaratio": 0.2833558903, "operatingIncome": 91371000, "operatingIncomeRatio": 0.1926219659, "totalOtherIncomeExpensesNet": 638000, "incomeBeforeTax": 50480000, "incomeBeforeTaxRatio": 0.1064184133, "incomeTaxExpense": 23066000, "netIncome": 27414000, "netIncomeRatio": 0.0577922817, "eps": 0.53, "epsdiluted": 0.53, "weightedAverageShsOut": 51632000, "weightedAverageShsOutDil": 51632000, "link": "", "finalLink": "", "calculatedOtherExpenses": 382983000, "calculatedOperatingExpenses": 382983000, "calculatedNetInterest": 0, "calculatedOtherIncome": -40891000, "calculatedIncomeNonControlling": 0, "calculatedEbitda": 134411000}, {"date": "1997-12-31", "symbol": "FTS", "reportedCurrency": "CAD", "cik": "0001666175", "fillingDate": "1997-12-31", "acceptedDate": "1997-12-30 19:00:00", "calendarYear": "1997", "period": "FY", "revenue": 493826000, "costOfRevenue": 243119000, "grossProfit": 250707000, "grossProfitRatio": 0.5076828681, "researchAndDevelopmentExpenses": 0, "generalAndAdministrativeExpenses": 0, "sellingAndMarketingExpenses": 0, "sellingGeneralAndAdministrativeExpenses": 0, "otherExpenses": 145847000, "operatingExpenses": 145847000, "costAndExpenses": 388966000, "interestIncome": 0, "interestExpense": 0, "depreciationAndAmortization": 42252000, "ebitda": 147112000, "ebitdaratio": 0.2979025001, "operatingIncome": 104860000, "operatingIncomeRatio": 0.212341999, "totalOtherIncomeExpensesNet": -6232000, "incomeBeforeTax": 59455000, "incomeBeforeTaxRatio": 0.1203966579, "incomeTaxExpense": 29449000, "netIncome": 30006000, "netIncomeRatio": 0.0607622928, "eps": 0.6, "epsdiluted": 0.6, "weightedAverageShsOut": 50492000, "weightedAverageShsOutDil": 50492000, "link": "", "finalLink": "", "calculatedOtherExpenses": 145847000, "calculatedOperatingExpenses": 145847000, "calculatedNetInterest": 0, "calculatedOtherIncome": -45405000, "calculatedIncomeNonControlling": 0, "calculatedEbitda": 147112000}, {"date": "1996-12-31", "symbol": "FTS", "reportedCurrency": "CAD", "cik": "0001666175", "fillingDate": "1996-12-31", "acceptedDate": "1996-12-30 19:00:00", "calendarYear": "1996", "period": "FY", "revenue": 474300000, "costOfRevenue": 0, "grossProfit": 474300000, "grossProfitRatio": 1, "researchAndDevelopmentExpenses": 0, "generalAndAdministrativeExpenses": 0, "sellingAndMarketingExpenses": 0, "sellingGeneralAndAdministrativeExpenses": 0, "otherExpenses": 0, "operatingExpenses": 0, "costAndExpenses": 0, "interestIncome": 0, "interestExpense": 0, "depreciationAndAmortization": 0, "ebitda": 474300000, "ebitdaratio": 1, "operatingIncome": 474300000, "operatingIncomeRatio": 1, "totalOtherIncomeExpensesNet": 0, "incomeBeforeTax": 0, "incomeBeforeTaxRatio": 0, "incomeTaxExpense": -36400000, "netIncome": 36400000, "netIncomeRatio": 0.0767446764, "eps": 0.59, "epsdiluted": 0.59, "weightedAverageShsOut": 49276000, "weightedAverageShsOutDil": 49276000, "link": "", "finalLink": "", "calculatedOtherExpenses": 0, "calculatedOperatingExpenses": 0, "calculatedNetInterest": 0, "calculatedOtherIncome": -474300000, "calculatedIncomeNonControlling": 0, "calculatedEbitda": 474300000}, {"date": "1995-12-31", "symbol": "FTS", "reportedCurrency": "CAD", "cik": "0001666175", "fillingDate": "1995-12-31", "acceptedDate": "1995-12-30 19:00:00", "calendarYear": "1995", "period": "FY", "revenue": 447035000, "costOfRevenue": 230095000, "grossProfit": 216940000, "grossProfitRatio": 0.485286387, "researchAndDevelopmentExpenses": 0, "generalAndAdministrativeExpenses": 0, "sellingAndMarketingExpenses": 0, "sellingGeneralAndAdministrativeExpenses": 0, "otherExpenses": 122906000, "operatingExpenses": 122906000, "costAndExpenses": 353001000, "interestIncome": 0, "interestExpense": 0, "depreciationAndAmortization": 37998000, "ebitda": 132032000, "ebitdaratio": 0.2953504759, "operatingIncome": 94034000, "operatingIncomeRatio": 0.21035042, "totalOtherIncomeExpensesNet": -41694000, "incomeBeforeTax": 52340000, "incomeBeforeTaxRatio": 0.1170825551, "incomeTaxExpense": 20334000, "netIncome": 35040000, "netIncomeRatio": 0.0783831244, "eps": 0.63, "epsdiluted": 0.63, "weightedAverageShsOut": 48398904, "weightedAverageShsOutDil": 48398904, "link": "", "finalLink": "", "calculatedOtherExpenses": 122906000, "calculatedOperatingExpenses": 122906000, "calculatedNetInterest": 0, "calculatedOtherIncome": -41694000, "calculatedIncomeNonControlling": -3034000, "calculatedEbitda": 132032000}]}