{"originalCurrency": "USD", "convertedCurrency": "USD", "report": [{"date": "2023-12-02", "symbol": "FUL", "reportedCurrency": "USD", "cik": "0000039368", "fillingDate": "2024-01-24", "acceptedDate": "2024-01-24 14:19:25", "calendarYear": "2023", "period": "FY", "revenue": 3510934000, "costOfRevenue": 2502037000, "grossProfit": 1008897000, "grossProfitRatio": 0.2873585775, "researchAndDevelopmentExpenses": 48640000, "generalAndAdministrativeExpenses": 584874000, "sellingAndMarketingExpenses": 0, "sellingGeneralAndAdministrativeExpenses": 584874000, "otherExpenses": 1109000, "operatingExpenses": 633514000, "costAndExpenses": 3135551000, "interestIncome": 3943000, "interestExpense": 134602000, "depreciationAndAmortization": 159841000, "ebitda": 540276000, "ebitdaratio": 0.1538838383, "operatingIncome": 355137000, "operatingIncomeRatio": 0.1011517163, "totalOtherIncomeExpensesNet": -10564000, "incomeBeforeTax": 234160000, "incomeBeforeTaxRatio": 0.0666945035, "incomeTaxExpense": 93529000, "netIncome": 144906000, "netIncomeRatio": 0.0412727781, "eps": 2.67, "epsdiluted": 2.59, "weightedAverageShsOut": 54332000, "weightedAverageShsOutDil": 55958000, "link": "https://www.sec.gov/Archives/edgar/data/39368/000143774924002024/0001437749-24-002024-index.htm", "finalLink": "https://www.sec.gov/Archives/edgar/data/39368/000143774924002024/ful20231202_10k.htm", "calculatedOtherExpenses": 20246000, "calculatedOperatingExpenses": 653760000, "calculatedNetInterest": -130659000, "calculatedOtherIncome": 9682000, "calculatedIncomeNonControlling": -4275000, "calculatedEbitda": 514978000}, {"date": "2022-12-03", "symbol": "FUL", "reportedCurrency": "USD", "cik": "0000039368", "fillingDate": "2023-01-24", "acceptedDate": "2023-01-24 15:10:44", "calendarYear": "2022", "period": "FY", "revenue": 3749183000, "costOfRevenue": 2785484000, "grossProfit": 963699000, "grossProfitRatio": 0.257042401, "researchAndDevelopmentExpenses": 44853000, "generalAndAdministrativeExpenses": 596128000, "sellingAndMarketingExpenses": 44853000, "sellingGeneralAndAdministrativeExpenses": 640981000, "otherExpenses": -44853000, "operatingExpenses": 640981000, "costAndExpenses": 3426465000, "interestIncome": 7779000, "interestExpense": 91521000, "depreciationAndAmortization": 146976000, "ebitda": 490425000, "ebitdaratio": 0.1308084988, "operatingIncome": 343449000, "operatingIncomeRatio": 0.091606358, "totalOtherIncomeExpensesNet": -91521000, "incomeBeforeTax": 251928000, "incomeBeforeTaxRatio": 0.0671954396, "incomeTaxExpense": 77186000, "netIncome": 180313000, "netIncomeRatio": 0.0480939447, "eps": 3.37, "epsdiluted": 3.26, "weightedAverageShsOut": 53580000, "weightedAverageShsOutDil": 55269000, "link": "https://www.sec.gov/Archives/edgar/data/39368/000143774923001663/0001437749-23-001663-index.htm", "finalLink": "https://www.sec.gov/Archives/edgar/data/39368/000143774923001663/ful20221003_10k.htm", "calculatedOtherExpenses": -65584000, "calculatedOperatingExpenses": 620250000, "calculatedNetInterest": -83742000, "calculatedOtherIncome": -7779000, "calculatedIncomeNonControlling": -5571000, "calculatedEbitda": 490425000}, {"date": "2021-11-27", "symbol": "FUL", "reportedCurrency": "USD", "cik": "0000039368", "fillingDate": "2022-01-25", "acceptedDate": "2022-01-25 12:31:31", "calendarYear": "2021", "period": "FY", "revenue": 3278031000, "costOfRevenue": 2432709000, "grossProfit": 845322000, "grossProfitRatio": 0.2578749255, "researchAndDevelopmentExpenses": 39344000, "generalAndAdministrativeExpenses": 592710000, "sellingAndMarketingExpenses": 0, "sellingGeneralAndAdministrativeExpenses": 592710000, "otherExpenses": -39344000, "operatingExpenses": 592710000, "costAndExpenses": 3025419000, "interestIncome": 9476000, "interestExpense": 78092000, "depreciationAndAmortization": 143174000, "ebitda": 438117000, "ebitdaratio": 0.1336524883, "operatingIncome": 294943000, "operatingIncomeRatio": 0.0899756592, "totalOtherIncomeExpensesNet": -78092000, "incomeBeforeTax": 216851000, "incomeBeforeTaxRatio": 0.0661528216, "incomeTaxExpense": 49176000, "netIncome": 161393000, "netIncomeRatio": 0.0492347388, "eps": 3.05, "epsdiluted": 2.97, "weightedAverageShsOut": 52887000, "weightedAverageShsOutDil": 54315000, "link": "https://www.sec.gov/Archives/edgar/data/39368/000143774922001550/0001437749-22-001550-index.htm", "finalLink": "https://www.sec.gov/Archives/edgar/data/39368/000143774922001550/ful20210928_10k.htm", "calculatedOtherExpenses": -81675000, "calculatedOperatingExpenses": 550379000, "calculatedNetInterest": -68616000, "calculatedOtherIncome": -9476000, "calculatedIncomeNonControlling": 6282000, "calculatedEbitda": 438117000}, {"date": "2020-11-28", "symbol": "FUL", "reportedCurrency": "USD", "cik": "0000039368", "fillingDate": "2021-01-26", "acceptedDate": "2021-01-26 15:18:19", "calendarYear": "2020", "period": "FY", "revenue": 2790269000, "costOfRevenue": 2033620000, "grossProfit": 756649000, "grossProfitRatio": 0.271174213, "researchAndDevelopmentExpenses": 36969000, "generalAndAdministrativeExpenses": 501363000, "sellingAndMarketingExpenses": 36969000, "sellingGeneralAndAdministrativeExpenses": 538332000, "otherExpenses": -36969000, "operatingExpenses": 538332000, "costAndExpenses": 2571952000, "interestIncome": 11417000, "interestExpense": 86776000, "depreciationAndAmortization": 138817000, "ebitda": 383949000, "ebitdaratio": 0.1376028619, "operatingIncome": 245132000, "operatingIncomeRatio": 0.0878524615, "totalOtherIncomeExpensesNet": -86776000, "incomeBeforeTax": 158356000, "incomeBeforeTaxRatio": 0.0567529511, "incomeTaxExpense": 41921000, "netIncome": 123719000, "netIncomeRatio": 0.0443394526, "eps": 2.38, "epsdiluted": 2.36, "weightedAverageShsOut": 52039000, "weightedAverageShsOutDil": 52520000, "link": "https://www.sec.gov/Archives/edgar/data/39368/000143774921001261/0001437749-21-001261-index.htm", "finalLink": "https://www.sec.gov/Archives/edgar/data/39368/000143774921001261/ful20201128_10k.htm", "calculatedOtherExpenses": -63784000, "calculatedOperatingExpenses": 511517000, "calculatedNetInterest": -75359000, "calculatedOtherIncome": -11417000, "calculatedIncomeNonControlling": -7284000, "calculatedEbitda": 383949000}, {"date": "2019-11-30", "symbol": "FUL", "reportedCurrency": "USD", "cik": "0000039368", "fillingDate": "2020-01-24", "acceptedDate": "2020-01-24 16:33:29", "calendarYear": "2019", "period": "FY", "revenue": 2897000000, "costOfRevenue": 2090078000, "grossProfit": 806922000, "grossProfitRatio": 0.2785371074, "researchAndDevelopmentExpenses": 36624000, "generalAndAdministrativeExpenses": 580928000, "sellingAndMarketingExpenses": 0, "sellingGeneralAndAdministrativeExpenses": 580928000, "otherExpenses": 37943000, "operatingExpenses": 580928000, "costAndExpenses": 2671006000, "interestIncome": 12178000, "interestExpense": 103287000, "depreciationAndAmortization": 141206000, "ebitda": 276115000, "ebitdaratio": 0.0953106662, "operatingIncome": 134909000, "operatingIncomeRatio": 0.0465685192, "totalOtherIncomeExpensesNet": 37919000, "incomeBeforeTax": 172828000, "incomeBeforeTaxRatio": 0.0596575768, "incomeTaxExpense": 49408000, "netIncome": 130817000, "netIncomeRatio": 0.0451560235, "eps": 2.57, "epsdiluted": 2.52, "weightedAverageShsOut": 50920000, "weightedAverageShsOutDil": 51983000, "link": "https://www.sec.gov/Archives/edgar/data/39368/000143774920001155/0001437749-20-001155-index.htm", "finalLink": "https://www.sec.gov/Archives/edgar/data/39368/000143774920001155/ful20191130_10k.htm", "calculatedOtherExpenses": 54461000, "calculatedOperatingExpenses": 672013000, "calculatedNetInterest": -91109000, "calculatedOtherIncome": 129028000, "calculatedIncomeNonControlling": -7397000, "calculatedEbitda": 276115000}, {"date": "2018-12-01", "symbol": "FUL", "reportedCurrency": "USD", "cik": "0000039368", "fillingDate": "2019-01-28", "acceptedDate": "2019-01-28 16:55:08", "calendarYear": "2018", "period": "FY", "revenue": 3041002000, "costOfRevenue": 2204108000, "grossProfit": 836894000, "grossProfitRatio": 0.2752033705, "researchAndDevelopmentExpenses": 35534000, "generalAndAdministrativeExpenses": 582132000, "sellingAndMarketingExpenses": 0, "sellingGeneralAndAdministrativeExpenses": 582132000, "otherExpenses": 1184000, "operatingExpenses": 582132000, "costAndExpenses": 2786240000, "interestIncome": 11774000, "interestExpense": 110994000, "depreciationAndAmortization": 145126000, "ebitda": 267720000, "ebitdaratio": 0.0880367721, "operatingIncome": 122594000, "operatingIncomeRatio": 0.0403136861, "totalOtherIncomeExpensesNet": 1184000, "incomeBeforeTax": 156726000, "incomeBeforeTaxRatio": 0.0515376182, "incomeTaxExpense": -6356000, "netIncome": 171208000, "netIncomeRatio": 0.0562998643, "eps": 3.38, "epsdiluted": 3.29, "weightedAverageShsOut": 50591000, "weightedAverageShsOutDil": 51975000, "link": "https://www.sec.gov/Archives/edgar/data/39368/000143774919001433/0001437749-19-001433-index.htm", "finalLink": "https://www.sec.gov/Archives/edgar/data/39368/000143774919001433/ful20181201_10k.htm", "calculatedOtherExpenses": 96634000, "calculatedOperatingExpenses": 714300000, "calculatedNetInterest": -99220000, "calculatedOtherIncome": 133352000, "calculatedIncomeNonControlling": -8126000, "calculatedEbitda": 267720000}, {"date": "2017-12-02", "symbol": "FUL", "reportedCurrency": "USD", "cik": "0000039368", "fillingDate": "2018-01-31", "acceptedDate": "2018-01-31 17:28:30", "calendarYear": "2017", "period": "FY", "revenue": 2306043000, "costOfRevenue": 1702873000, "grossProfit": 603170000, "grossProfitRatio": 0.261560604, "researchAndDevelopmentExpenses": 30100000, "generalAndAdministrativeExpenses": 477030000, "sellingAndMarketingExpenses": 0, "sellingGeneralAndAdministrativeExpenses": 477030000, "otherExpenses": -23740000, "operatingExpenses": 477030000, "costAndExpenses": 2179903000, "interestIncome": 3927000, "interestExpense": 43701000, "depreciationAndAmortization": 87315000, "ebitda": 102400000, "ebitdaratio": 0.0444050696, "operatingIncome": 126140000, "operatingIncomeRatio": 0.0546997606, "totalOtherIncomeExpensesNet": -23740000, "incomeBeforeTax": 58699000, "incomeBeforeTaxRatio": 0.0254544256, "incomeTaxExpense": 9086000, "netIncome": 58242000, "netIncomeRatio": 0.0252562506, "eps": 1.16, "epsdiluted": 1.13, "weightedAverageShsOut": 50370000, "weightedAverageShsOutDil": 51619000, "link": "https://www.sec.gov/Archives/edgar/data/39368/000143774918001406/0001437749-18-001406-index.htm", "finalLink": "https://www.sec.gov/Archives/edgar/data/39368/000143774918001406/ful20171202_10k.htm", "calculatedOtherExpenses": -30100000, "calculatedOperatingExpenses": 477030000, "calculatedNetInterest": -39774000, "calculatedOtherIncome": -27667000, "calculatedIncomeNonControlling": -8629000, "calculatedEbitda": 213455000}, {"date": "2016-12-03", "symbol": "FUL", "reportedCurrency": "USD", "cik": "0000039368", "fillingDate": "2017-01-31", "acceptedDate": "2017-01-31 16:34:39", "calendarYear": "2016", "period": "FY", "revenue": 2094605000, "costOfRevenue": 1484802000, "grossProfit": 609803000, "grossProfitRatio": 0.2911303086, "researchAndDevelopmentExpenses": 28614000, "generalAndAdministrativeExpenses": 407638000, "sellingAndMarketingExpenses": 0, "sellingGeneralAndAdministrativeExpenses": 407638000, "otherExpenses": -7549000, "operatingExpenses": 407638000, "costAndExpenses": 1892440000, "interestIncome": 2045000, "interestExpense": 27359000, "depreciationAndAmortization": 77684000, "ebitda": 194616000, "ebitdaratio": 0.0929129836, "operatingIncome": 116932000, "operatingIncomeRatio": 0.0558253227, "totalOtherIncomeExpensesNet": -7381000, "incomeBeforeTax": 167425000, "incomeBeforeTaxRatio": 0.0799315384, "incomeTaxExpense": 50436000, "netIncome": 124128000, "netIncomeRatio": 0.0592608153, "eps": 2.48, "epsdiluted": 2.42, "weightedAverageShsOut": 50136000, "weightedAverageShsOutDil": 51270000, "link": "https://www.sec.gov/Archives/edgar/data/39368/000143774917001382/0001437749-17-001382-index.htm", "finalLink": "https://www.sec.gov/Archives/edgar/data/39368/000143774917001382/ful20160929_10k.htm", "calculatedOtherExpenses": 56619000, "calculatedOperatingExpenses": 492871000, "calculatedNetInterest": -25314000, "calculatedOtherIncome": 75807000, "calculatedIncomeNonControlling": -7139000, "calculatedEbitda": 194616000}, {"date": "2015-11-28", "symbol": "FUL", "reportedCurrency": "USD", "cik": "0000039368", "fillingDate": "2016-01-27", "acceptedDate": "2016-01-27 16:50:55", "calendarYear": "2015", "period": "FY", "revenue": 2083660000, "costOfRevenue": 1515617000, "grossProfit": 568043000, "grossProfitRatio": 0.2726178935, "researchAndDevelopmentExpenses": 26170000, "generalAndAdministrativeExpenses": 397558000, "sellingAndMarketingExpenses": 0, "sellingGeneralAndAdministrativeExpenses": 397558000, "otherExpenses": -2465000, "operatingExpenses": 397558000, "costAndExpenses": 1913175000, "interestIncome": 510000, "interestExpense": 25021000, "depreciationAndAmortization": 75289000, "ebitda": 168020000, "ebitdaratio": 0.0806369561, "operatingIncome": 92731000, "operatingIncomeRatio": 0.0445039018, "totalOtherIncomeExpensesNet": -7119000, "incomeBeforeTax": 138345000, "incomeBeforeTaxRatio": 0.0663951892, "incomeTaxExpense": 55855000, "netIncome": 86680000, "netIncomeRatio": 0.0415998771, "eps": 1.72, "epsdiluted": 1.69, "weightedAverageShsOut": 50274000, "weightedAverageShsOutDil": 51393000, "link": "https://www.sec.gov/Archives/edgar/data/39368/000143774916024185/0001437749-16-024185-index.htm", "finalLink": "https://www.sec.gov/Archives/edgar/data/39368/000143774916024185/ful20151128_10k.htm", "calculatedOtherExpenses": 51584000, "calculatedOperatingExpenses": 475312000, "calculatedNetInterest": -24511000, "calculatedOtherIncome": 70125000, "calculatedIncomeNonControlling": -4190000, "calculatedEbitda": 168020000}, {"date": "2014-11-29", "symbol": "FUL", "reportedCurrency": "USD", "cik": "0000039368", "fillingDate": "2015-01-28", "acceptedDate": "2015-01-28 16:51:51", "calendarYear": "2014", "period": "FY", "revenue": 2104454000, "costOfRevenue": 1571164000, "grossProfit": 533290000, "grossProfitRatio": 0.2534101482, "researchAndDevelopmentExpenses": 21245000, "generalAndAdministrativeExpenses": 383449000, "sellingAndMarketingExpenses": 0, "sellingGeneralAndAdministrativeExpenses": 383449000, "otherExpenses": 716000, "operatingExpenses": 383449000, "costAndExpenses": 1954613000, "interestIncome": 344000, "interestExpense": 19744000, "depreciationAndAmortization": 70494000, "ebitda": 150557000, "ebitdaratio": 0.0715420722, "operatingIncome": 80063000, "operatingIncomeRatio": 0.0380445474, "totalOtherIncomeExpensesNet": -50785000, "incomeBeforeTax": 79312000, "incomeBeforeTaxRatio": 0.0376876853, "incomeTaxExpense": 34348000, "netIncome": 49856000, "netIncomeRatio": 0.0236907055, "eps": 1, "epsdiluted": 0.97, "weightedAverageShsOut": 50006000, "weightedAverageShsOutDil": 51255000, "link": "https://www.sec.gov/Archives/edgar/data/39368/000119312515023748/0001193125-15-023748-index.htm", "finalLink": "https://www.sec.gov/Archives/edgar/data/39368/000119312515023748/d857282d10k.htm", "calculatedOtherExpenses": 48533000, "calculatedOperatingExpenses": 453227000, "calculatedNetInterest": -19400000, "calculatedOtherIncome": 18649000, "calculatedIncomeNonControlling": -4892000, "calculatedEbitda": 150557000}, {"date": "2013-11-30", "symbol": "FUL", "reportedCurrency": "USD", "cik": "0000039368", "fillingDate": "2014-01-24", "acceptedDate": "2014-01-24 17:01:46", "calendarYear": "2013", "period": "FY", "revenue": 2046968000, "costOfRevenue": 1476797000, "grossProfit": 570171000, "grossProfitRatio": 0.2785441687, "researchAndDevelopmentExpenses": 24570000, "generalAndAdministrativeExpenses": 374669000, "sellingAndMarketingExpenses": 0, "sellingGeneralAndAdministrativeExpenses": 374669000, "otherExpenses": -3751000, "operatingExpenses": 374669000, "costAndExpenses": 1851466000, "interestIncome": 737000, "interestExpense": 19120000, "depreciationAndAmortization": 61657000, "ebitda": 191751000, "ebitdaratio": 0.0936756217, "operatingIncome": 130094000, "operatingIncomeRatio": 0.0635544864, "totalOtherIncomeExpensesNet": -48838000, "incomeBeforeTax": 127544000, "incomeBeforeTaxRatio": 0.0623087415, "incomeTaxExpense": 39949000, "netIncome": 96761000, "netIncomeRatio": 0.0472704019, "eps": 1.94, "epsdiluted": 1.89, "weightedAverageShsOut": 49893000, "weightedAverageShsOutDil": 51136000, "link": "https://www.sec.gov/Archives/edgar/data/39368/000119312514020505/0001193125-14-020505-index.htm", "finalLink": "https://www.sec.gov/Archives/edgar/data/39368/000119312514020505/d661567d10k.htm", "calculatedOtherExpenses": 40838000, "calculatedOperatingExpenses": 440077000, "calculatedNetInterest": -18383000, "calculatedOtherIncome": 15833000, "calculatedIncomeNonControlling": -9166000, "calculatedEbitda": 191751000}, {"date": "2012-12-01", "symbol": "FUL", "reportedCurrency": "USD", "cik": "0000039368", "fillingDate": "2013-01-29", "acceptedDate": "2013-01-29 15:33:30", "calendarYear": "2012", "period": "FY", "revenue": 1886239000, "costOfRevenue": 1368963000, "grossProfit": 517276000, "grossProfitRatio": 0.2742367219, "researchAndDevelopmentExpenses": 21254000, "generalAndAdministrativeExpenses": 354735000, "sellingAndMarketingExpenses": 0, "sellingGeneralAndAdministrativeExpenses": 354735000, "otherExpenses": 784000, "operatingExpenses": 354735000, "costAndExpenses": 1723698000, "interestIncome": 1731000, "interestExpense": 19793000, "depreciationAndAmortization": 57416000, "ebitda": 163325000, "ebitdaratio": 0.0865876488, "operatingIncome": 105909000, "operatingIncomeRatio": 0.05614824, "totalOtherIncomeExpensesNet": -53200000, "incomeBeforeTax": 89548000, "incomeBeforeTaxRatio": 0.0474743657, "incomeTaxExpense": 30479000, "netIncome": 125622000, "netIncomeRatio": 0.0665991955, "eps": 2.53, "epsdiluted": 2.48, "weightedAverageShsOut": 49571000, "weightedAverageShsOutDil": 50618000, "link": "https://www.sec.gov/Archives/edgar/data/39368/000119312513028025/0001193125-13-028025-index.htm", "finalLink": "https://www.sec.gov/Archives/edgar/data/39368/000119312513028025/d472120d10k.htm", "calculatedOtherExpenses": 35378000, "calculatedOperatingExpenses": 411367000, "calculatedNetInterest": -18062000, "calculatedOtherIncome": 1701000, "calculatedIncomeNonControlling": -66553000, "calculatedEbitda": 163325000}, {"date": "2011-12-03", "symbol": "FUL", "reportedCurrency": "USD", "cik": "0000039368", "fillingDate": "2012-01-27", "acceptedDate": "2012-01-27 15:30:37", "calendarYear": "2011", "period": "FY", "revenue": 1557552000, "costOfRevenue": 1110462000, "grossProfit": 447090000, "grossProfitRatio": 0.2870465962, "researchAndDevelopmentExpenses": 0, "generalAndAdministrativeExpenses": 0, "sellingAndMarketingExpenses": 0, "sellingGeneralAndAdministrativeExpenses": 318046000, "otherExpenses": 0, "operatingExpenses": 318046000, "costAndExpenses": 1428508000, "interestIncome": 0, "interestExpense": 10811000, "depreciationAndAmortization": 41216000, "ebitda": 129044000, "ebitdaratio": 0.0828505244, "operatingIncome": 87828000, "operatingIncomeRatio": 0.0563884865, "totalOtherIncomeExpensesNet": -3241000, "incomeBeforeTax": 114992000, "incomeBeforeTaxRatio": 0.0738286747, "incomeTaxExpense": 34951000, "netIncome": 89105000, "netIncomeRatio": 0.0572083629, "eps": 1.82, "epsdiluted": 1.79, "weightedAverageShsOut": 48991000, "weightedAverageShsOutDil": 49866000, "link": "https://www.sec.gov/Archives/edgar/data/39368/000119312512026988/0001193125-12-026988-index.htm", "finalLink": "https://www.sec.gov/Archives/edgar/data/39368/000119312512026988/d285612d10k.htm", "calculatedOtherExpenses": 41216000, "calculatedOperatingExpenses": 359262000, "calculatedNetInterest": -10811000, "calculatedOtherIncome": 37975000, "calculatedIncomeNonControlling": -9064000, "calculatedEbitda": 129044000}, {"date": "2010-11-27", "symbol": "FUL", "reportedCurrency": "USD", "cik": "0000039368", "fillingDate": "2011-01-20", "acceptedDate": "2011-01-20 14:57:00", "calendarYear": "2010", "period": "FY", "revenue": 1356161000, "costOfRevenue": 958980000, "grossProfit": 397181000, "grossProfitRatio": 0.2928715691, "researchAndDevelopmentExpenses": 0, "generalAndAdministrativeExpenses": 0, "sellingAndMarketingExpenses": 0, "sellingGeneralAndAdministrativeExpenses": 292836000, "otherExpenses": -2572000, "operatingExpenses": 290264000, "costAndExpenses": 1249244000, "interestIncome": 0, "interestExpense": 10414000, "depreciationAndAmortization": 41200000, "ebitda": 106917000, "ebitdaratio": 0.0788379846, "operatingIncome": 96503000, "operatingIncomeRatio": 0.0711589553, "totalOtherIncomeExpensesNet": -8785000, "incomeBeforeTax": 87718000, "incomeBeforeTaxRatio": 0.0646811109, "incomeTaxExpense": 25307000, "netIncome": 70877000, "netIncomeRatio": 0.0522629688, "eps": 1.46, "epsdiluted": 1.43, "weightedAverageShsOut": 48599000, "weightedAverageShsOutDil": 49608000, "link": "https://www.sec.gov/Archives/edgar/data/39368/000119312511010956/0001193125-11-010956-index.htm", "finalLink": "https://www.sec.gov/Archives/edgar/data/39368/000119312511010956/d10k.htm", "calculatedOtherExpenses": 7842000, "calculatedOperatingExpenses": 300678000, "calculatedNetInterest": -10414000, "calculatedOtherIncome": 1629000, "calculatedIncomeNonControlling": -8466000, "calculatedEbitda": 137703000}, {"date": "2009-11-28", "symbol": "FUL", "reportedCurrency": "USD", "cik": "0000039368", "fillingDate": "2010-01-22", "acceptedDate": "2010-01-22 12:56:53", "calendarYear": "2009", "period": "FY", "revenue": 1234659000, "costOfRevenue": 863357000, "grossProfit": 371302000, "grossProfitRatio": 0.300732429, "researchAndDevelopmentExpenses": 0, "generalAndAdministrativeExpenses": 0, "sellingAndMarketingExpenses": 0, "sellingGeneralAndAdministrativeExpenses": 264141000, "otherExpenses": 0, "operatingExpenses": 264141000, "costAndExpenses": 1127498000, "interestIncome": 114620000, "interestExpense": 7734000, "depreciationAndAmortization": 46747000, "ebitda": 107161000, "ebitdaratio": 0.0867940055, "operatingIncome": 60414000, "operatingIncomeRatio": 0.0489317293, "totalOtherIncomeExpensesNet": 15193000, "incomeBeforeTax": 114620000, "incomeBeforeTaxRatio": 0.0928353497, "incomeTaxExpense": 36728000, "netIncome": 83654000, "netIncomeRatio": 0.0677547404, "eps": 1.73, "epsdiluted": 1.7, "weightedAverageShsOut": 48325000, "weightedAverageShsOutDil": 49117000, "link": "https://www.sec.gov/Archives/edgar/data/39368/000119312510010656/0001193125-10-010656-index.htm", "finalLink": "https://www.sec.gov/Archives/edgar/data/39368/000119312510010656/d10k.htm", "calculatedOtherExpenses": 46747000, "calculatedOperatingExpenses": 310888000, "calculatedNetInterest": 106886000, "calculatedOtherIncome": -52680000, "calculatedIncomeNonControlling": -5762000, "calculatedEbitda": 107161000}, {"date": "2008-11-29", "symbol": "FUL", "reportedCurrency": "USD", "cik": "0000039368", "fillingDate": "2009-01-28", "acceptedDate": "2009-01-28 14:48:43", "calendarYear": "2008", "period": "FY", "revenue": 1391554000, "costOfRevenue": 1027099000, "grossProfit": 364455000, "grossProfitRatio": 0.2619050357, "researchAndDevelopmentExpenses": 0, "generalAndAdministrativeExpenses": 0, "sellingAndMarketingExpenses": 0, "sellingGeneralAndAdministrativeExpenses": 254898000, "otherExpenses": 0, "operatingExpenses": 254898000, "costAndExpenses": 1281997000, "interestIncome": 10208000000, "interestExpense": 180977000, "depreciationAndAmortization": 46172000, "ebitda": 240345000, "ebitdaratio": 0.1727169768, "operatingIncome": 194173000, "operatingIncomeRatio": 0.1395368056, "totalOtherIncomeExpensesNet": -81787000, "incomeBeforeTax": 10208000, "incomeBeforeTaxRatio": 0.0073356837, "incomeTaxExpense": -5693000, "netIncome": 18889000, "netIncomeRatio": 0.0135740331, "eps": 0.37, "epsdiluted": 0.36, "weightedAverageShsOut": 51045000, "weightedAverageShsOutDil": 51836000, "link": "https://www.sec.gov/Archives/edgar/data/39368/000119312509012966/0001193125-09-012966-index.htm", "finalLink": "https://www.sec.gov/Archives/edgar/data/39368/000119312509012966/d10k.htm", "calculatedOtherExpenses": -84616000, "calculatedOperatingExpenses": 170282000, "calculatedNetInterest": 10027023000, "calculatedOtherIncome": -10210988000, "calculatedIncomeNonControlling": -2988000, "calculatedEbitda": 240345000}, {"date": "2007-12-01", "symbol": "FUL", "reportedCurrency": "USD", "cik": "0000039368", "fillingDate": "2008-01-30", "acceptedDate": "2008-01-30 17:26:16", "calendarYear": "2007", "period": "FY", "revenue": 1400258000, "costOfRevenue": 981555000, "grossProfit": 418703000, "grossProfitRatio": 0.2990184666, "researchAndDevelopmentExpenses": 0, "generalAndAdministrativeExpenses": 0, "sellingAndMarketingExpenses": 0, "sellingGeneralAndAdministrativeExpenses": 275893000, "otherExpenses": 0, "operatingExpenses": 275893000, "costAndExpenses": 1257448000, "interestIncome": 136887000000, "interestExpense": -3877000, "depreciationAndAmortization": 50358000, "ebitda": 186366000, "ebitdaratio": 0.1330940441, "operatingIncome": 136008000, "operatingIncomeRatio": 0.0971306716, "totalOtherIncomeExpensesNet": 8725000, "incomeBeforeTax": 136887000, "incomeBeforeTaxRatio": 0.0977584131, "incomeTaxExpense": 37712000, "netIncome": 102173000, "netIncomeRatio": 0.0729672675, "eps": 1.71, "epsdiluted": 1.68, "weightedAverageShsOut": 59914000, "weightedAverageShsOutDil": 60991000, "link": "https://www.sec.gov/Archives/edgar/data/39368/000119312508015595/0001193125-08-015595-index.htm", "finalLink": "https://www.sec.gov/Archives/edgar/data/39368/000119312508015595/d10k.htm", "calculatedOtherExpenses": 6802000, "calculatedOperatingExpenses": 282695000, "calculatedNetInterest": 136890877000, "calculatedOtherIncome": -136889998000, "calculatedIncomeNonControlling": -2998000, "calculatedEbitda": 186366000}, {"date": "2006-12-02", "symbol": "FUL", "reportedCurrency": "USD", "cik": "0000039368", "fillingDate": "2007-02-15", "acceptedDate": "2007-02-15 17:02:44", "calendarYear": "2006", "period": "FY", "revenue": 1472391000, "costOfRevenue": 1052508000, "grossProfit": 419883000, "grossProfitRatio": 0.2851708548, "researchAndDevelopmentExpenses": 16917000, "generalAndAdministrativeExpenses": 0, "sellingAndMarketingExpenses": 0, "sellingGeneralAndAdministrativeExpenses": 287541000, "otherExpenses": 1735000, "operatingExpenses": 306193000, "costAndExpenses": 1358701000, "interestIncome": 100031000, "interestExpense": -43982000, "depreciationAndAmortization": 48455000, "ebitda": 162368000, "ebitdaratio": 0.110275056, "operatingIncome": 113913000, "operatingIncomeRatio": 0.0773659986, "totalOtherIncomeExpensesNet": 5766000, "incomeBeforeTax": 100031000, "incomeBeforeTaxRatio": 0.0679377964, "incomeTaxExpense": 23682000, "netIncome": 134213000, "netIncomeRatio": 0.0911530972, "eps": 2.28, "epsdiluted": 2.23, "weightedAverageShsOut": 58793000, "weightedAverageShsOutDil": 60065000, "link": "https://www.sec.gov/Archives/edgar/data/39368/000119312507033125/0001193125-07-033125-index.htm", "finalLink": "https://www.sec.gov/Archives/edgar/data/39368/000119312507033125/d10k.htm", "calculatedOtherExpenses": 1512000, "calculatedOperatingExpenses": 305970000, "calculatedNetInterest": 144013000, "calculatedOtherIncome": -157895000, "calculatedIncomeNonControlling": -57864000, "calculatedEbitda": 162368000}, {"date": "2005-12-03", "symbol": "FUL", "reportedCurrency": "USD", "cik": "0000039368", "fillingDate": "2006-02-14", "acceptedDate": "2006-02-14 17:04:20", "calendarYear": "2005", "period": "FY", "revenue": 1512193000, "costOfRevenue": 1113142000, "grossProfit": 399051000, "grossProfitRatio": 0.2638889348, "researchAndDevelopmentExpenses": 0, "generalAndAdministrativeExpenses": 0, "sellingAndMarketingExpenses": 0, "sellingGeneralAndAdministrativeExpenses": 311711000, "otherExpenses": 2910000, "operatingExpenses": 314621000, "costAndExpenses": 1427763000, "interestIncome": 82401000, "interestExpense": -10227000, "depreciationAndAmortization": 55475000, "ebitda": 131814000, "ebitdaratio": 0.0871674449, "operatingIncome": 76339000, "operatingIncomeRatio": 0.0504823128, "totalOtherIncomeExpensesNet": 11356000, "incomeBeforeTax": 82401000, "incomeBeforeTaxRatio": 0.0544910603, "incomeTaxExpense": 24990000, "netIncome": 61576000, "netIncomeRatio": 0.04071967, "eps": 1.07, "epsdiluted": 1.05, "weightedAverageShsOut": 57468000, "weightedAverageShsOutDil": 58475000, "link": "https://www.sec.gov/Archives/edgar/data/39368/000119312506031637/0001193125-06-031637-index.htm", "finalLink": "https://www.sec.gov/Archives/edgar/data/39368/000119312506031637/d10k.htm", "calculatedOtherExpenses": 11001000, "calculatedOperatingExpenses": 322712000, "calculatedNetInterest": 92628000, "calculatedOtherIncome": -86566000, "calculatedIncomeNonControlling": -4165000, "calculatedEbitda": 131814000}, {"date": "2004-11-27", "symbol": "FUL", "reportedCurrency": "USD", "cik": "0000039368", "fillingDate": "2005-02-25", "acceptedDate": "2005-02-25 17:14:27", "calendarYear": "2004", "period": "FY", "revenue": 1409606000, "costOfRevenue": 1036961000, "grossProfit": 372645000, "grossProfitRatio": 0.2643611052, "researchAndDevelopmentExpenses": 0, "generalAndAdministrativeExpenses": 0, "sellingAndMarketingExpenses": 0, "sellingGeneralAndAdministrativeExpenses": 310259000, "otherExpenses": 0, "operatingExpenses": 310259000, "costAndExpenses": 1347220000, "interestIncome": 48298000, "interestExpense": 12442000, "depreciationAndAmortization": 56030000, "ebitda": 118788000, "ebitdaratio": 0.0842703564, "operatingIncome": 62758000, "operatingIncomeRatio": 0.0445216607, "totalOtherIncomeExpensesNet": 1447000, "incomeBeforeTax": 48298000, "incomeBeforeTaxRatio": 0.034263475, "incomeTaxExpense": 14713000, "netIncome": 35603000, "netIncomeRatio": 0.0252574124, "eps": 0.63, "epsdiluted": 0.62, "weightedAverageShsOut": 56858000, "weightedAverageShsOutDil": 57818000, "link": "https://www.sec.gov/Archives/edgar/data/39368/000119312505037453/0001193125-05-037453-index.htm", "finalLink": "https://www.sec.gov/Archives/edgar/data/39368/000119312505037453/d10k.htm", "calculatedOtherExpenses": -372000, "calculatedOperatingExpenses": 309887000, "calculatedNetInterest": 35856000, "calculatedOtherIncome": -50316000, "calculatedIncomeNonControlling": -2018000, "calculatedEbitda": 118788000}, {"date": "2003-11-29", "symbol": "FUL", "reportedCurrency": "USD", "cik": "0000039368", "fillingDate": "2004-02-25", "acceptedDate": "2004-02-25 15:59:19", "calendarYear": "2003", "period": "FY", "revenue": 1287331000, "costOfRevenue": 935135000, "grossProfit": 352196000, "grossProfitRatio": 0.2735862028, "researchAndDevelopmentExpenses": 0, "generalAndAdministrativeExpenses": 0, "sellingAndMarketingExpenses": 0, "sellingGeneralAndAdministrativeExpenses": 284242000, "otherExpenses": 0, "operatingExpenses": 284242000, "costAndExpenses": 1219377000, "interestIncome": 0, "interestExpense": 17681000, "depreciationAndAmortization": 54136000, "ebitda": 124743000, "ebitdaratio": 0.0969004864, "operatingIncome": 70607000, "operatingIncomeRatio": 0.0548475878, "totalOtherIncomeExpensesNet": -548000, "incomeBeforeTax": 50808000, "incomeBeforeTaxRatio": 0.0394677049, "incomeTaxExpense": 14307000, "netIncome": 38619000, "netIncomeRatio": 0.0299992776, "eps": 0.64, "epsdiluted": 0.63, "weightedAverageShsOut": 60342188, "weightedAverageShsOutDil": 61300000, "link": "https://www.sec.gov/Archives/edgar/data/39368/000119312504029387/0001193125-04-029387-index.htm", "finalLink": "https://www.sec.gov/Archives/edgar/data/39368/000119312504029387/d10k.txt", "calculatedOtherExpenses": -2653000, "calculatedOperatingExpenses": 281589000, "calculatedNetInterest": -17681000, "calculatedOtherIncome": -2118000, "calculatedIncomeNonControlling": -2118000, "calculatedEbitda": 124743000}, {"date": "2002-11-30", "symbol": "FUL", "reportedCurrency": "USD", "cik": "0000039368", "fillingDate": "2003-02-28", "acceptedDate": "2003-02-28 16:08:43", "calendarYear": "2002", "period": "FY", "revenue": 1256210000, "costOfRevenue": 918228000, "grossProfit": 337982000, "grossProfitRatio": 0.2690489647, "researchAndDevelopmentExpenses": 0, "generalAndAdministrativeExpenses": 0, "sellingAndMarketingExpenses": 0, "sellingGeneralAndAdministrativeExpenses": 281560000, "otherExpenses": 0, "operatingExpenses": 281560000, "costAndExpenses": 1199788000, "interestIncome": 0, "interestExpense": 14117000, "depreciationAndAmortization": 57544000, "ebitda": 112810000, "ebitdaratio": 0.0898018643, "operatingIncome": 55266000, "operatingIncomeRatio": 0.0439942366, "totalOtherIncomeExpensesNet": 2982000, "incomeBeforeTax": 40312000, "incomeBeforeTaxRatio": 0.032090176, "incomeTaxExpense": 12973000, "netIncome": 28176000, "netIncomeRatio": 0.0224293709, "eps": 0.45, "epsdiluted": 0.44, "weightedAverageShsOut": 62613333, "weightedAverageShsOutDil": 64036364, "link": "https://www.sec.gov/Archives/edgar/data/39368/000104596903000547/0001045969-03-000547-index.htm", "finalLink": "https://www.sec.gov/Archives/edgar/data/39368/000104596903000547/d10k.txt", "calculatedOtherExpenses": 1156000, "calculatedOperatingExpenses": 282716000, "calculatedNetInterest": -14117000, "calculatedOtherIncome": -837000, "calculatedIncomeNonControlling": -837000, "calculatedEbitda": 112810000}, {"date": "2001-12-31", "symbol": "FUL", "reportedCurrency": "USD", "cik": "0000039368", "fillingDate": "2002-03-01", "acceptedDate": "2002-03-01 00:00:00", "calendarYear": "2001", "period": "FY", "revenue": 1274059000, "costOfRevenue": 928506000, "grossProfit": 345553000, "grossProfitRatio": 0.2712221334, "researchAndDevelopmentExpenses": 0, "generalAndAdministrativeExpenses": 0, "sellingAndMarketingExpenses": 0, "sellingGeneralAndAdministrativeExpenses": 257446000, "otherExpenses": 0, "operatingExpenses": 257446000, "costAndExpenses": 1185952000, "interestIncome": 0, "interestExpense": 25049000, "depreciationAndAmortization": 54401000, "ebitda": 143722000, "ebitdaratio": 0.1128063928, "operatingIncome": 89321000, "operatingIncomeRatio": 0.0701074283, "totalOtherIncomeExpensesNet": -1214000, "incomeBeforeTax": 64773000, "incomeBeforeTaxRatio": 0.0508398748, "incomeTaxExpense": 19833000, "netIncome": 44439000, "netIncomeRatio": 0.0348798604, "eps": 0.79, "epsdiluted": 0.78, "weightedAverageShsOut": 55924000, "weightedAverageShsOutDil": 56660000, "link": "https://www.sec.gov/Archives/edgar/data/39368/000104596902000336/0001045969-02-000336-index.htm", "finalLink": "https://www.sec.gov/Archives/edgar/data/39368/000104596902000336/d10k.txt", "calculatedOtherExpenses": -1214000, "calculatedOperatingExpenses": 256232000, "calculatedNetInterest": -25049000, "calculatedOtherIncome": 501000, "calculatedIncomeNonControlling": 501000, "calculatedEbitda": 143722000}, {"date": "2000-12-02", "symbol": "FUL", "reportedCurrency": "USD", "cik": "0000039368", "fillingDate": "2001-03-02", "acceptedDate": "2001-03-02 00:00:00", "calendarYear": "2000", "period": "FY", "revenue": 1352562000, "costOfRevenue": 887186000, "grossProfit": 465376000, "grossProfitRatio": 0.3440699946, "researchAndDevelopmentExpenses": 0, "generalAndAdministrativeExpenses": 0, "sellingAndMarketingExpenses": 0, "sellingGeneralAndAdministrativeExpenses": 311010000, "otherExpenses": 52165000, "operatingExpenses": 363175000, "costAndExpenses": 1250361000, "interestIncome": 0, "interestExpense": 23526000, "depreciationAndAmortization": 52165000, "ebitda": 153309000, "ebitdaratio": 0.1133471146, "operatingIncome": 101144000, "operatingIncomeRatio": 0.0747795665, "totalOtherIncomeExpensesNet": 1057000, "incomeBeforeTax": 77618000, "incomeBeforeTaxRatio": 0.0573859091, "incomeTaxExpense": 28455000, "netIncome": 49163000, "netIncomeRatio": 0.0363480565, "eps": 0.88, "epsdiluted": 0.87, "weightedAverageShsOut": 55656000, "weightedAverageShsOutDil": 56412000, "link": "https://www.sec.gov/Archives/edgar/data/39368/000104596901000275/0001045969-01-000275-index.htm", "finalLink": "https://www.sec.gov/Archives/edgar/data/39368/000104596901000275/0001045969-01-000275-0001.txt", "calculatedOtherExpenses": 53222000, "calculatedOperatingExpenses": 364232000, "calculatedNetInterest": -23526000, "calculatedOtherIncome": 0, "calculatedIncomeNonControlling": 0, "calculatedEbitda": 153309000}, {"date": "1999-11-27", "symbol": "FUL", "reportedCurrency": "USD", "cik": "0000039368", "fillingDate": "2000-02-24", "acceptedDate": "2000-02-24 00:00:00", "calendarYear": "1999", "period": "FY", "revenue": 1364500000, "costOfRevenue": 870500000, "grossProfit": 494000000, "grossProfitRatio": 0.3620373763, "researchAndDevelopmentExpenses": 0, "generalAndAdministrativeExpenses": 0, "sellingAndMarketingExpenses": 0, "sellingGeneralAndAdministrativeExpenses": 322200000, "otherExpenses": 50800000, "operatingExpenses": 373000000, "costAndExpenses": 1243500000, "interestIncome": 0, "interestExpense": 63000000, "depreciationAndAmortization": 50800000, "ebitda": 189000000, "ebitdaratio": 0.1385122756, "operatingIncome": 138200000, "operatingIncomeRatio": 0.1012825211, "totalOtherIncomeExpensesNet": -17200000, "incomeBeforeTax": 75900000, "incomeBeforeTaxRatio": 0.055624771, "incomeTaxExpense": 31800000, "netIncome": 43400000, "netIncomeRatio": 0.0318065225, "eps": 0.79, "epsdiluted": 0.78, "weightedAverageShsOut": 55232000, "weightedAverageShsOutDil": 55912000, "link": "https://www.sec.gov/Archives/edgar/data/39368/000104596900000151/0001045969-00-000151-index.html", "finalLink": "https://www.sec.gov/Archives/edgar/data/39368/000104596900000151/", "calculatedOtherExpenses": 33600000, "calculatedOperatingExpenses": 355800000, "calculatedNetInterest": -63000000, "calculatedOtherIncome": 700000, "calculatedIncomeNonControlling": 700000, "calculatedEbitda": 189000000}, {"date": "1998-11-28", "symbol": "FUL", "reportedCurrency": "USD", "cik": "0000039368", "fillingDate": "1999-02-26", "acceptedDate": "1999-02-26 00:00:00", "calendarYear": "1998", "period": "FY", "revenue": 1347200000, "costOfRevenue": 875900000, "grossProfit": 471300000, "grossProfitRatio": 0.3498366983, "researchAndDevelopmentExpenses": 0, "generalAndAdministrativeExpenses": 0, "sellingAndMarketingExpenses": 0, "sellingGeneralAndAdministrativeExpenses": 333900000, "otherExpenses": 49500000, "operatingExpenses": 383400000, "costAndExpenses": 1259300000, "interestIncome": 0, "interestExpense": 79200000, "depreciationAndAmortization": 49500000, "ebitda": 163500000, "ebitdaratio": 0.1213628266, "operatingIncome": 114000000, "operatingIncomeRatio": 0.0846199525, "totalOtherIncomeExpensesNet": -26100000, "incomeBeforeTax": 34800000, "incomeBeforeTaxRatio": 0.0258313539, "incomeTaxExpense": 18800000, "netIncome": 16000000, "netIncomeRatio": 0.0118764846, "eps": 0.29, "epsdiluted": 0.29, "weightedAverageShsOut": 54884000, "weightedAverageShsOutDil": 55376000, "link": "https://www.sec.gov/Archives/edgar/data/39368/000104596999000137/0001045969-99-000137-index.html", "finalLink": "https://www.sec.gov/Archives/edgar/data/39368/", "calculatedOtherExpenses": 23400000, "calculatedOperatingExpenses": 357300000, "calculatedNetInterest": -79200000, "calculatedOtherIncome": 0, "calculatedIncomeNonControlling": 0, "calculatedEbitda": 163500000}, {"date": "1997-11-29", "symbol": "FUL", "reportedCurrency": "USD", "cik": "0000039368", "fillingDate": "1998-02-27", "acceptedDate": "1998-02-27 00:00:00", "calendarYear": "1997", "period": "FY", "revenue": 1306800000, "costOfRevenue": 847000000, "grossProfit": 459800000, "grossProfitRatio": 0.3518518519, "researchAndDevelopmentExpenses": 0, "generalAndAdministrativeExpenses": 0, "sellingAndMarketingExpenses": 0, "sellingGeneralAndAdministrativeExpenses": 325700000, "otherExpenses": 46800000, "operatingExpenses": 372500000, "costAndExpenses": 1219500000, "interestIncome": 0, "interestExpense": 24800000, "depreciationAndAmortization": 46800000, "ebitda": 135200000, "ebitdaratio": 0.1034588307, "operatingIncome": 88400000, "operatingIncomeRatio": 0.0676461586, "totalOtherIncomeExpensesNet": -1100000, "incomeBeforeTax": 67000000, "incomeBeforeTaxRatio": 0.0512702785, "incomeTaxExpense": 26700000, "netIncome": 36900000, "netIncomeRatio": 0.0282369146, "eps": 0.65, "epsdiluted": 0.65, "weightedAverageShsOut": 56335878, "weightedAverageShsOutDil": 56335878, "link": "https://www.sec.gov/Archives/edgar/data/39368/000104596998000258/0001045969-98-000258-index.html", "finalLink": "https://www.sec.gov/Archives/edgar/data/39368/", "calculatedOtherExpenses": 45700000, "calculatedOperatingExpenses": 371400000, "calculatedNetInterest": -24800000, "calculatedOtherIncome": 3400000, "calculatedIncomeNonControlling": 3400000, "calculatedEbitda": 135200000}, {"date": "1996-11-30", "symbol": "FUL", "reportedCurrency": "USD", "cik": "0000039368", "fillingDate": "1997-02-28", "acceptedDate": "1997-02-28 00:00:00", "calendarYear": "1996", "period": "FY", "revenue": 1275700000, "costOfRevenue": 824500000, "grossProfit": 451200000, "grossProfitRatio": 0.3536881712, "researchAndDevelopmentExpenses": 0, "generalAndAdministrativeExpenses": 0, "sellingAndMarketingExpenses": 0, "sellingGeneralAndAdministrativeExpenses": 323500000, "otherExpenses": 47000000, "operatingExpenses": 370500000, "costAndExpenses": 1195000000, "interestIncome": 0, "interestExpense": -10600000, "depreciationAndAmortization": 47000000, "ebitda": 113000000, "ebitdaratio": 0.0885788195, "operatingIncome": 66000000, "operatingIncomeRatio": 0.0517363016, "totalOtherIncomeExpensesNet": 14700000, "incomeBeforeTax": 76600000, "incomeBeforeTaxRatio": 0.0600454652, "incomeTaxExpense": 31200000, "netIncome": 45400000, "netIncomeRatio": 0.0355883045, "eps": 0.8, "epsdiluted": 0.8, "weightedAverageShsOut": 56456000, "weightedAverageShsOutDil": 56456000, "link": "https://www.sec.gov/Archives/edgar/data/39368/000095010997001762/0000950109-97-001762-index.html", "finalLink": "https://www.sec.gov/Archives/edgar/data/39368/", "calculatedOtherExpenses": 61700000, "calculatedOperatingExpenses": 385200000, "calculatedNetInterest": 10600000, "calculatedOtherIncome": 0, "calculatedIncomeNonControlling": 0, "calculatedEbitda": 113000000}, {"date": "1995-11-30", "symbol": "FUL", "reportedCurrency": "USD", "cik": "0000039368", "fillingDate": "1996-02-27", "acceptedDate": "1996-02-27 00:00:00", "calendarYear": "1995", "period": "FY", "revenue": 1243800000, "costOfRevenue": 810100000, "grossProfit": 433700000, "grossProfitRatio": 0.3486894999, "researchAndDevelopmentExpenses": 0, "generalAndAdministrativeExpenses": 0, "sellingAndMarketingExpenses": 0, "sellingGeneralAndAdministrativeExpenses": 322800000, "otherExpenses": 41200000, "operatingExpenses": 364000000, "costAndExpenses": 1174100000, "interestIncome": 0, "interestExpense": 23100000, "depreciationAndAmortization": 41200000, "ebitda": 112100000, "ebitdaratio": 0.0901270301, "operatingIncome": 70900000, "operatingIncomeRatio": 0.0570027336, "totalOtherIncomeExpensesNet": -1200000, "incomeBeforeTax": 50300000, "incomeBeforeTaxRatio": 0.0404405853, "incomeTaxExpense": 19100000, "netIncome": 28700000, "netIncomeRatio": 0.0230744493, "eps": 0.51, "epsdiluted": 0.51, "weightedAverageShsOut": 56236000, "weightedAverageShsOutDil": 56352201, "link": "https://www.sec.gov/Archives/edgar/data/39368/000095013196000666/0000950131-96-000666-index.html", "finalLink": "https://www.sec.gov/Archives/edgar/data/39368/", "calculatedOtherExpenses": 40000000, "calculatedOperatingExpenses": 362800000, "calculatedNetInterest": -23100000, "calculatedOtherIncome": 2500000, "calculatedIncomeNonControlling": 2500000, "calculatedEbitda": 112100000}, {"date": "1994-11-30", "symbol": "FUL", "reportedCurrency": "USD", "cik": "0000039368", "fillingDate": "1995-02-27", "acceptedDate": "1995-02-27 00:00:00", "calendarYear": "1994", "period": "FY", "revenue": 1097400000, "costOfRevenue": 710400000, "grossProfit": 387000000, "grossProfitRatio": 0.3526517223, "researchAndDevelopmentExpenses": 0, "generalAndAdministrativeExpenses": 0, "sellingAndMarketingExpenses": 0, "sellingGeneralAndAdministrativeExpenses": 287600000, "otherExpenses": 33400000, "operatingExpenses": 321000000, "costAndExpenses": 1031400000, "interestIncome": 0, "interestExpense": 18500000, "depreciationAndAmortization": 33400000, "ebitda": 102600000, "ebitdaratio": 0.0934937124, "operatingIncome": 69200000, "operatingIncomeRatio": 0.0630581374, "totalOtherIncomeExpensesNet": -3200000, "incomeBeforeTax": 50700000, "incomeBeforeTaxRatio": 0.0462001093, "incomeTaxExpense": 19800000, "netIncome": 30900000, "netIncomeRatio": 0.0281574631, "eps": 0.55, "epsdiluted": 0.55, "weightedAverageShsOut": 56144000, "weightedAverageShsOutDil": 56144000, "link": "https://www.sec.gov/Archives/edgar/data/39368/000095013195000445/0000950131-95-000445-index.html", "finalLink": "https://www.sec.gov/Archives/edgar/data/39368/", "calculatedOtherExpenses": 30200000, "calculatedOperatingExpenses": 317800000, "calculatedNetInterest": -18500000, "calculatedOtherIncome": 0, "calculatedIncomeNonControlling": 0, "calculatedEbitda": 102600000}, {"date": "1993-11-30", "symbol": "FUL", "reportedCurrency": "USD", "cik": "0000039368", "fillingDate": "1993-11-30", "acceptedDate": "1993-11-30 00:00:00", "calendarYear": "1993", "period": "FY", "revenue": 975300000, "costOfRevenue": 628300000, "grossProfit": 347000000, "grossProfitRatio": 0.3557879627, "researchAndDevelopmentExpenses": 0, "generalAndAdministrativeExpenses": 0, "sellingAndMarketingExpenses": 0, "sellingGeneralAndAdministrativeExpenses": 263800000, "otherExpenses": 29700000, "operatingExpenses": 293500000, "costAndExpenses": 921800000, "interestIncome": 0, "interestExpense": 26500000, "depreciationAndAmortization": 29700000, "ebitda": 85400000, "ebitdaratio": 0.0875628012, "operatingIncome": 55700000, "operatingIncomeRatio": 0.0571106326, "totalOtherIncomeExpensesNet": -2200000, "incomeBeforeTax": 40900000, "incomeBeforeTaxRatio": 0.0419358146, "incomeTaxExpense": 19200000, "netIncome": 10000000, "netIncomeRatio": 0.0102532554, "eps": 0.18, "epsdiluted": 0.18, "weightedAverageShsOut": 56338028, "weightedAverageShsOutDil": 56338028, "link": null, "finalLink": null, "calculatedOtherExpenses": 27500000, "calculatedOperatingExpenses": 291300000, "calculatedNetInterest": -26500000, "calculatedOtherIncome": 11700000, "calculatedIncomeNonControlling": 11700000, "calculatedEbitda": 85400000}, {"date": "1992-11-30", "symbol": "FUL", "reportedCurrency": "USD", "cik": "0000039368", "fillingDate": "1992-11-30", "acceptedDate": "1992-11-30 00:00:00", "calendarYear": "1992", "period": "FY", "revenue": 933700000, "costOfRevenue": 588700000, "grossProfit": 345000000, "grossProfitRatio": 0.3694976973, "researchAndDevelopmentExpenses": 0, "generalAndAdministrativeExpenses": 0, "sellingAndMarketingExpenses": 0, "sellingGeneralAndAdministrativeExpenses": 242100000, "otherExpenses": 31600000, "operatingExpenses": 273700000, "costAndExpenses": 862400000, "interestIncome": 0, "interestExpense": 8900000, "depreciationAndAmortization": 31600000, "ebitda": 100800000, "ebitdaratio": 0.1079575881, "operatingIncome": 69200000, "operatingIncomeRatio": 0.074113741, "totalOtherIncomeExpensesNet": 2100000, "incomeBeforeTax": 60300000, "incomeBeforeTaxRatio": 0.0645817714, "incomeTaxExpense": 24700000, "netIncome": 35600000, "netIncomeRatio": 0.0381278783, "eps": 0.64, "epsdiluted": 0.64, "weightedAverageShsOut": 55843137, "weightedAverageShsOutDil": 55843137, "link": null, "finalLink": null, "calculatedOtherExpenses": 33700000, "calculatedOperatingExpenses": 275800000, "calculatedNetInterest": -8900000, "calculatedOtherIncome": 0, "calculatedIncomeNonControlling": 0, "calculatedEbitda": 100800000}, {"date": "1991-11-30", "symbol": "FUL", "reportedCurrency": "USD", "cik": "0000039368", "fillingDate": "1991-11-30", "acceptedDate": "1991-11-30 00:00:00", "calendarYear": "1991", "period": "FY", "revenue": 852900000, "costOfRevenue": 545500000, "grossProfit": 307400000, "grossProfitRatio": 0.3604173995, "researchAndDevelopmentExpenses": 0, "generalAndAdministrativeExpenses": 0, "sellingAndMarketingExpenses": 0, "sellingGeneralAndAdministrativeExpenses": 218900000, "otherExpenses": 28700000, "operatingExpenses": 247600000, "costAndExpenses": 793100000, "interestIncome": 0, "interestExpense": 10500000, "depreciationAndAmortization": 28700000, "ebitda": 86100000, "ebitdaratio": 0.100949701, "operatingIncome": 57400000, "operatingIncomeRatio": 0.0672998007, "totalOtherIncomeExpensesNet": 2400000, "incomeBeforeTax": 46900000, "incomeBeforeTaxRatio": 0.0549888615, "incomeTaxExpense": 19200000, "netIncome": 27700000, "netIncomeRatio": 0.0324774299, "eps": 0.5, "epsdiluted": 0.5, "weightedAverageShsOut": 55400000, "weightedAverageShsOutDil": 55400000, "link": null, "finalLink": null, "calculatedOtherExpenses": 31100000, "calculatedOperatingExpenses": 250000000, "calculatedNetInterest": -10500000, "calculatedOtherIncome": 0, "calculatedIncomeNonControlling": 0, "calculatedEbitda": 86100000}, {"date": "1990-11-30", "symbol": "FUL", "reportedCurrency": "USD", "cik": "0000039368", "fillingDate": "1990-11-30", "acceptedDate": "1990-11-30 00:00:00", "calendarYear": "1990", "period": "FY", "revenue": 792200000, "costOfRevenue": 505300000, "grossProfit": 286900000, "grossProfitRatio": 0.3621560212, "researchAndDevelopmentExpenses": 0, "generalAndAdministrativeExpenses": 0, "sellingAndMarketingExpenses": 0, "sellingGeneralAndAdministrativeExpenses": 207400000, "otherExpenses": 27600000, "operatingExpenses": 235000000, "costAndExpenses": 740300000, "interestIncome": 0, "interestExpense": 16400000, "depreciationAndAmortization": 27600000, "ebitda": 80300000, "ebitdaratio": 0.1013632921, "operatingIncome": 52700000, "operatingIncomeRatio": 0.0665236052, "totalOtherIncomeExpensesNet": -800000, "incomeBeforeTax": 36300000, "incomeBeforeTaxRatio": 0.0458217622, "incomeTaxExpense": 15200000, "netIncome": 21100000, "netIncomeRatio": 0.0266346882, "eps": 0.38, "epsdiluted": 0.38, "weightedAverageShsOut": 55163399, "weightedAverageShsOutDil": 55163399, "link": null, "finalLink": null, "calculatedOtherExpenses": 26800000, "calculatedOperatingExpenses": 234200000, "calculatedNetInterest": -16400000, "calculatedOtherIncome": 0, "calculatedIncomeNonControlling": 0, "calculatedEbitda": 80300000}, {"date": "1989-11-30", "symbol": "FUL", "reportedCurrency": "USD", "cik": "0000039368", "fillingDate": "1989-11-30", "acceptedDate": "1989-11-30 00:00:00", "calendarYear": "1989", "period": "FY", "revenue": 753400000, "costOfRevenue": 486000000, "grossProfit": 267400000, "grossProfitRatio": 0.354924343, "researchAndDevelopmentExpenses": 0, "generalAndAdministrativeExpenses": 0, "sellingAndMarketingExpenses": 0, "sellingGeneralAndAdministrativeExpenses": 197400000, "otherExpenses": 23900000, "operatingExpenses": 221300000, "costAndExpenses": 707300000, "interestIncome": 0, "interestExpense": 19000000, "depreciationAndAmortization": 23900000, "ebitda": 72500000, "ebitdaratio": 0.0962304221, "operatingIncome": 48600000, "operatingIncomeRatio": 0.0645075657, "totalOtherIncomeExpensesNet": -2500000, "incomeBeforeTax": 29600000, "incomeBeforeTaxRatio": 0.0392885585, "incomeTaxExpense": 13900000, "netIncome": 15700000, "netIncomeRatio": 0.0208388638, "eps": 0.27, "epsdiluted": 0.27, "weightedAverageShsOut": 57614679, "weightedAverageShsOutDil": 57614679, "link": null, "finalLink": null, "calculatedOtherExpenses": 21400000, "calculatedOperatingExpenses": 218800000, "calculatedNetInterest": -19000000, "calculatedOtherIncome": 0, "calculatedIncomeNonControlling": 0, "calculatedEbitda": 72500000}, {"date": "1988-11-30", "symbol": "FUL", "reportedCurrency": "USD", "cik": "0000039368", "fillingDate": "1988-11-30", "acceptedDate": "1988-11-30 00:00:00", "calendarYear": "1988", "period": "FY", "revenue": 685000000, "costOfRevenue": 445000000, "grossProfit": 240000000, "grossProfitRatio": 0.3503649635, "researchAndDevelopmentExpenses": 0, "generalAndAdministrativeExpenses": 0, "sellingAndMarketingExpenses": 0, "sellingGeneralAndAdministrativeExpenses": 174700000, "otherExpenses": 18800000, "operatingExpenses": 193500000, "costAndExpenses": 638500000, "interestIncome": 0, "interestExpense": 12900000, "depreciationAndAmortization": 18800000, "ebitda": 67200000, "ebitdaratio": 0.0981021898, "operatingIncome": 48400000, "operatingIncomeRatio": 0.0706569343, "totalOtherIncomeExpensesNet": -1900000, "incomeBeforeTax": 35500000, "incomeBeforeTaxRatio": 0.0518248175, "incomeTaxExpense": 14400000, "netIncome": 21100000, "netIncomeRatio": 0.0308029197, "eps": 0.37, "epsdiluted": 0.37, "weightedAverageShsOut": 57414966, "weightedAverageShsOutDil": 57414966, "link": null, "finalLink": null, "calculatedOtherExpenses": 16900000, "calculatedOperatingExpenses": 191600000, "calculatedNetInterest": -12900000, "calculatedOtherIncome": 0, "calculatedIncomeNonControlling": 0, "calculatedEbitda": 67200000}, {"date": "1987-11-30", "symbol": "FUL", "reportedCurrency": "USD", "cik": "0000039368", "fillingDate": "1987-11-30", "acceptedDate": "1987-11-30 00:00:00", "calendarYear": "1987", "period": "FY", "revenue": 597100000, "costOfRevenue": 379400000, "grossProfit": 217700000, "grossProfitRatio": 0.3645955451, "researchAndDevelopmentExpenses": 0, "generalAndAdministrativeExpenses": 0, "sellingAndMarketingExpenses": 0, "sellingGeneralAndAdministrativeExpenses": 154200000, "otherExpenses": 15700000, "operatingExpenses": 169900000, "costAndExpenses": 549300000, "interestIncome": 0, "interestExpense": 5100000, "depreciationAndAmortization": 15700000, "ebitda": 62900000, "ebitdaratio": 0.1053424887, "operatingIncome": 47200000, "operatingIncomeRatio": 0.0790487356, "totalOtherIncomeExpensesNet": 600000, "incomeBeforeTax": 42100000, "incomeBeforeTaxRatio": 0.0705074527, "incomeTaxExpense": 16300000, "netIncome": 25800000, "netIncomeRatio": 0.0432088427, "eps": 0.45, "epsdiluted": 0.45, "weightedAverageShsOut": 57653631, "weightedAverageShsOutDil": 57653631, "link": null, "finalLink": null, "calculatedOtherExpenses": 16300000, "calculatedOperatingExpenses": 170500000, "calculatedNetInterest": -5100000, "calculatedOtherIncome": 0, "calculatedIncomeNonControlling": 0, "calculatedEbitda": 62900000}, {"date": "1986-11-30", "symbol": "FUL", "reportedCurrency": "USD", "cik": "0000039368", "fillingDate": "1986-11-30", "acceptedDate": "1986-11-30 00:00:00", "calendarYear": "1986", "period": "FY", "revenue": 528500000, "costOfRevenue": 344500000, "grossProfit": 184000000, "grossProfitRatio": 0.3481551561, "researchAndDevelopmentExpenses": 0, "generalAndAdministrativeExpenses": 0, "sellingAndMarketingExpenses": 0, "sellingGeneralAndAdministrativeExpenses": 131400000, "otherExpenses": 13100000, "operatingExpenses": 144500000, "costAndExpenses": 489000000, "interestIncome": 0, "interestExpense": 5900000, "depreciationAndAmortization": 13100000, "ebitda": 52000000, "ebitdaratio": 0.0983916746, "operatingIncome": 38900000, "operatingIncomeRatio": 0.0736045412, "totalOtherIncomeExpensesNet": 600000, "incomeBeforeTax": 33000000, "incomeBeforeTaxRatio": 0.0624408704, "incomeTaxExpense": 14100000, "netIncome": 18900000, "netIncomeRatio": 0.0357615894, "eps": 0.33, "epsdiluted": 0.33, "weightedAverageShsOut": 56842105, "weightedAverageShsOutDil": 56842105, "link": null, "finalLink": null, "calculatedOtherExpenses": 13700000, "calculatedOperatingExpenses": 145100000, "calculatedNetInterest": -5900000, "calculatedOtherIncome": 0, "calculatedIncomeNonControlling": 0, "calculatedEbitda": 52000000}, {"date": "1985-11-30", "symbol": "FUL", "reportedCurrency": "USD", "cik": "0000039368", "fillingDate": "1985-11-30", "acceptedDate": "1985-11-30 00:00:00", "calendarYear": "1985", "period": "FY", "revenue": 457900000, "costOfRevenue": 301100000, "grossProfit": 156800000, "grossProfitRatio": 0.3424328456, "researchAndDevelopmentExpenses": 0, "generalAndAdministrativeExpenses": 0, "sellingAndMarketingExpenses": 0, "sellingGeneralAndAdministrativeExpenses": 115500000, "otherExpenses": 10600000, "operatingExpenses": 126100000, "costAndExpenses": 427200000, "interestIncome": 0, "interestExpense": 7400000, "depreciationAndAmortization": 10600000, "ebitda": 40800000, "ebitdaratio": 0.0891024241, "operatingIncome": 30200000, "operatingIncomeRatio": 0.0659532649, "totalOtherIncomeExpensesNet": 500000, "incomeBeforeTax": 22800000, "incomeBeforeTaxRatio": 0.0497925311, "incomeTaxExpense": 9500000, "netIncome": 13300000, "netIncomeRatio": 0.0290456432, "eps": 0.24, "epsdiluted": 0.24, "weightedAverageShsOut": 55416667, "weightedAverageShsOutDil": 55416667, "link": null, "finalLink": null, "calculatedOtherExpenses": 11100000, "calculatedOperatingExpenses": 126600000, "calculatedNetInterest": -7400000, "calculatedOtherIncome": 0, "calculatedIncomeNonControlling": 0, "calculatedEbitda": 40800000}]}