{"originalCurrency": "USD", "convertedCurrency": "USD", "report": [{"date": "2023-12-31", "symbol": "FULTP", "reportedCurrency": "USD", "cik": "0000700564", "fillingDate": "2024-03-01", "acceptedDate": "2024-02-29 17:34:07", "calendarYear": "2023", "period": "FY", "revenue": 1504253000, "costOfRevenue": 3339000, "grossProfit": 1500914000, "grossProfitRatio": 0.9977802936, "researchAndDevelopmentExpenses": 0, "generalAndAdministrativeExpenses": 396488000, "sellingAndMarketingExpenses": 9004000, "sellingGeneralAndAdministrativeExpenses": 405492000, "otherExpenses": -229381000, "operatingExpenses": 229381000, "costAndExpenses": 1155532000, "interestIncome": 1273236000, "interestExpense": 126745000, "depreciationAndAmortization": 32999000, "ebitda": -38757000, "ebitdaratio": -0.0257649478, "operatingIncome": 377230000, "operatingIncomeRatio": 0.2507756342, "totalOtherIncomeExpensesNet": 348721000, "incomeBeforeTax": 348721000, "incomeBeforeTaxRatio": 0.2318233701, "incomeTaxExpense": 64441000, "netIncome": 284280000, "netIncomeRatio": 0.1889841669, "eps": 1.66, "epsdiluted": 1.64, "weightedAverageShsOut": 165241000, "weightedAverageShsOutDil": 166769000, "link": "https://www.sec.gov/Archives/edgar/data/700564/000070056424000012/0000700564-24-000012-index.htm", "finalLink": "https://www.sec.gov/Archives/edgar/data/700564/000070056424000012/fult-20231231.htm", "calculatedOtherExpenses": 718192000, "calculatedOperatingExpenses": 1123684000, "calculatedNetInterest": 1146491000, "calculatedOtherIncome": -1175000000, "calculatedIncomeNonControlling": 0, "calculatedEbitda": 410229000}, {"date": "2022-12-31", "symbol": "FULTP", "reportedCurrency": "USD", "cik": "0000700564", "fillingDate": "2023-03-01", "acceptedDate": "2023-03-01 16:38:31", "calendarYear": "2022", "period": "FY", "revenue": 1008764000, "costOfRevenue": 0, "grossProfit": 1008764000, "grossProfitRatio": 1, "researchAndDevelopmentExpenses": 0, "generalAndAdministrativeExpenses": 369431000, "sellingAndMarketingExpenses": 6885000, "sellingGeneralAndAdministrativeExpenses": 376316000, "otherExpenses": -954861000, "operatingExpenses": -578545000, "costAndExpenses": -578545000, "interestIncome": 864838000, "interestExpense": 83204000, "depreciationAndAmortization": 1731000, "ebitda": 431950000, "ebitdaratio": 0.428197279, "operatingIncome": 430219000, "operatingIncomeRatio": 0.4264813177, "totalOtherIncomeExpensesNet": -83204000, "incomeBeforeTax": 347015000, "incomeBeforeTaxRatio": 0.3440001824, "incomeTaxExpense": 60034000, "netIncome": 286981000, "netIncomeRatio": 0.2844877494, "eps": 1.69, "epsdiluted": 1.67, "weightedAverageShsOut": 164119000, "weightedAverageShsOutDil": 165472000, "link": "https://www.sec.gov/Archives/edgar/data/700564/000070056423000015/0000700564-23-000015-index.htm", "finalLink": "https://www.sec.gov/Archives/edgar/data/700564/000070056423000015/fult-20221231.htm", "calculatedOtherExpenses": 202229000, "calculatedOperatingExpenses": 578545000, "calculatedNetInterest": 781634000, "calculatedOtherIncome": -864838000, "calculatedIncomeNonControlling": 0, "calculatedEbitda": 431950000}, {"date": "2021-12-31", "symbol": "FULTP", "reportedCurrency": "USD", "cik": "0000700564", "fillingDate": "2022-02-28", "acceptedDate": "2022-02-28 16:55:43", "calendarYear": "2021", "period": "FY", "revenue": 903475000, "costOfRevenue": 0, "grossProfit": 903475000, "grossProfitRatio": 1, "researchAndDevelopmentExpenses": 0, "generalAndAdministrativeExpenses": 339803000, "sellingAndMarketingExpenses": 5275000, "sellingGeneralAndAdministrativeExpenses": 345078000, "otherExpenses": -914308000, "operatingExpenses": -569230000, "costAndExpenses": -569230000, "interestIncome": 723412000, "interestExpense": 59682000, "depreciationAndAmortization": 589000, "ebitda": 334834000, "ebitdaratio": 0.3706068237, "operatingIncome": 334245000, "operatingIncomeRatio": 0.3699548964, "totalOtherIncomeExpensesNet": 334245000, "incomeBeforeTax": 334245000, "incomeBeforeTaxRatio": 0.3699548964, "incomeTaxExpense": 58748000, "netIncome": 275497000, "netIncomeRatio": 0.3049304076, "eps": 1.63, "epsdiluted": 1.62, "weightedAverageShsOut": 162233000, "weightedAverageShsOutDil": 163307000, "link": "https://www.sec.gov/Archives/edgar/data/700564/000070056422000010/0000700564-22-000010-index.htm", "finalLink": "https://www.sec.gov/Archives/edgar/data/700564/000070056422000010/fult-20211231.htm", "calculatedOtherExpenses": 224152000, "calculatedOperatingExpenses": 569230000, "calculatedNetInterest": 663730000, "calculatedOtherIncome": -663730000, "calculatedIncomeNonControlling": 0, "calculatedEbitda": 334834000}, {"date": "2020-12-31", "symbol": "FULTP", "reportedCurrency": "USD", "cik": "0000700564", "fillingDate": "2021-03-01", "acceptedDate": "2021-03-01 16:21:39", "calendarYear": "2020", "period": "FY", "revenue": 858596000, "costOfRevenue": 0, "grossProfit": 858596000, "grossProfitRatio": 1, "researchAndDevelopmentExpenses": 0, "generalAndAdministrativeExpenses": 333260000, "sellingAndMarketingExpenses": 5127000, "sellingGeneralAndAdministrativeExpenses": 338387000, "otherExpenses": -994749000, "operatingExpenses": -656362000, "costAndExpenses": -656362000, "interestIncome": 742878000, "interestExpense": 113671000, "depreciationAndAmortization": 529000, "ebitda": 202763000, "ebitdaratio": 0.2361564694, "operatingIncome": 202234000, "operatingIncomeRatio": 0.2355403473, "totalOtherIncomeExpensesNet": 1000, "incomeBeforeTax": 202235000, "incomeBeforeTaxRatio": 0.235541512, "incomeTaxExpense": 24194000, "netIncome": 178040000, "netIncomeRatio": 0.207361786, "eps": 1.1, "epsdiluted": 1.09, "weightedAverageShsOut": 162372000, "weightedAverageShsOutDil": 163090000, "link": "https://www.sec.gov/Archives/edgar/data/700564/000070056421000014/0000700564-21-000014-index.htm", "finalLink": "https://www.sec.gov/Archives/edgar/data/700564/000070056421000014/fult-20201231.htm", "calculatedOtherExpenses": 317975000, "calculatedOperatingExpenses": 656362000, "calculatedNetInterest": 629207000, "calculatedOtherIncome": -629206000, "calculatedIncomeNonControlling": 1000, "calculatedEbitda": 202763000}, {"date": "2019-12-31", "symbol": "FULTP", "reportedCurrency": "USD", "cik": "0000700564", "fillingDate": "2020-02-21", "acceptedDate": "2020-02-21 15:59:09", "calendarYear": "2019", "period": "FY", "revenue": 864549000, "costOfRevenue": 0, "grossProfit": 864549000, "grossProfitRatio": 1, "researchAndDevelopmentExpenses": 0, "generalAndAdministrativeExpenses": 320614000, "sellingAndMarketingExpenses": 9848000, "sellingGeneralAndAdministrativeExpenses": 330462000, "otherExpenses": -923923000, "operatingExpenses": -593461000, "costAndExpenses": -593461000, "interestIncome": 825306000, "interestExpense": 176917000, "depreciationAndAmortization": 1427000, "ebitda": 272515000, "ebitdaratio": 0.3152105896, "operatingIncome": 271088000, "operatingIncomeRatio": 0.313560018, "totalOtherIncomeExpensesNet": 263988000, "incomeBeforeTax": 271088000, "incomeBeforeTaxRatio": 0.313560018, "incomeTaxExpense": 38451000, "netIncome": 232637000, "netIncomeRatio": 0.2690848061, "eps": 1.36, "epsdiluted": 1.35, "weightedAverageShsOut": 166902000, "weightedAverageShsOutDil": 167792000, "link": "https://www.sec.gov/Archives/edgar/data/700564/000070056420000014/0000700564-20-000014-index.htm", "finalLink": "https://www.sec.gov/Archives/edgar/data/700564/000070056420000014/fult1231201910k.htm", "calculatedOtherExpenses": 262999000, "calculatedOperatingExpenses": 593461000, "calculatedNetInterest": 648389000, "calculatedOtherIncome": -648389000, "calculatedIncomeNonControlling": 0, "calculatedEbitda": 272515000}, {"date": "2018-12-31", "symbol": "FULTP", "reportedCurrency": "USD", "cik": "0000700564", "fillingDate": "2019-03-01", "acceptedDate": "2019-03-01 16:39:42", "calendarYear": "2018", "period": "FY", "revenue": 825981000, "costOfRevenue": 0, "grossProfit": 825981000, "grossProfitRatio": 1, "researchAndDevelopmentExpenses": 0, "generalAndAdministrativeExpenses": 314195000, "sellingAndMarketingExpenses": 8854000, "sellingGeneralAndAdministrativeExpenses": 323049000, "otherExpenses": -788002000, "operatingExpenses": -464953000, "costAndExpenses": -464953000, "interestIncome": 758514000, "interestExpense": 128058000, "depreciationAndAmortization": 28156000, "ebitda": 389184000, "ebitdaratio": 0.4711779085, "operatingIncome": 361028000, "operatingIncomeRatio": 0.4370899573, "totalOtherIncomeExpensesNet": -128058000, "incomeBeforeTax": 232970000, "incomeBeforeTaxRatio": 0.2820524927, "incomeTaxExpense": 24577000, "netIncome": 208393000, "netIncomeRatio": 0.252297571, "eps": 1.19, "epsdiluted": 1.18, "weightedAverageShsOut": 175395000, "weightedAverageShsOutDil": 176543000, "link": "https://www.sec.gov/Archives/edgar/data/700564/000070056419000012/0000700564-19-000012-index.htm", "finalLink": "https://www.sec.gov/Archives/edgar/data/700564/000070056419000012/fult1231201810k.htm", "calculatedOtherExpenses": 141904000, "calculatedOperatingExpenses": 464953000, "calculatedNetInterest": 630456000, "calculatedOtherIncome": -758514000, "calculatedIncomeNonControlling": 0, "calculatedEbitda": 389184000}, {"date": "2017-12-31", "symbol": "FULTP", "reportedCurrency": "USD", "cik": "0000700564", "fillingDate": "2018-03-01", "acceptedDate": "2018-03-01 15:06:53", "calendarYear": "2017", "period": "FY", "revenue": 783338000, "costOfRevenue": 5100000, "grossProfit": 778238000, "grossProfitRatio": 0.9934894005, "researchAndDevelopmentExpenses": 0, "generalAndAdministrativeExpenses": 301179000, "sellingAndMarketingExpenses": 8034000, "sellingGeneralAndAdministrativeExpenses": 309213000, "otherExpenses": -759495000, "operatingExpenses": -450282000, "costAndExpenses": 5100000, "interestIncome": 668866000, "interestExpense": 93502000, "depreciationAndAmortization": 28096000, "ebitda": 356052000, "ebitdaratio": 0.4545317602, "operatingIncome": 327956000, "operatingIncomeRatio": 0.4186647399, "totalOtherIncomeExpensesNet": -93502000, "incomeBeforeTax": 234454000, "incomeBeforeTaxRatio": 0.2993011957, "incomeTaxExpense": 62701000, "netIncome": 171753000, "netIncomeRatio": 0.2192578427, "eps": 0.98, "epsdiluted": 0.98, "weightedAverageShsOut": 174721000, "weightedAverageShsOutDil": 175932000, "link": "https://www.sec.gov/Archives/edgar/data/700564/000070056418000010/0000700564-18-000010-index.htm", "finalLink": "https://www.sec.gov/Archives/edgar/data/700564/000070056418000010/fult1231201710k.htm", "calculatedOtherExpenses": 141069000, "calculatedOperatingExpenses": 450282000, "calculatedNetInterest": 575364000, "calculatedOtherIncome": -668866000, "calculatedIncomeNonControlling": 0, "calculatedEbitda": 356052000}, {"date": "2016-12-31", "symbol": "FULTP", "reportedCurrency": "USD", "cik": "0000700564", "fillingDate": "2017-02-27", "acceptedDate": "2017-02-27 16:23:39", "calendarYear": "2016", "period": "FY", "revenue": 710950000, "costOfRevenue": 0, "grossProfit": 710950000, "grossProfitRatio": 1, "researchAndDevelopmentExpenses": 0, "generalAndAdministrativeExpenses": 293120000, "sellingAndMarketingExpenses": 7044000, "sellingGeneralAndAdministrativeExpenses": 300164000, "otherExpenses": -720537000, "operatingExpenses": -420373000, "costAndExpenses": -420373000, "interestIncome": 603100000, "interestExpense": 82328000, "depreciationAndAmortization": 27403000, "ebitda": 317980000, "ebitdaratio": 0.4472607075, "operatingIncome": 290577000, "operatingIncomeRatio": 0.4087165061, "totalOtherIncomeExpensesNet": -82328000, "incomeBeforeTax": 208249000, "incomeBeforeTaxRatio": 0.2929165201, "incomeTaxExpense": 46624000, "netIncome": 161625000, "netIncomeRatio": 0.2273366622, "eps": 0.93, "epsdiluted": 0.93, "weightedAverageShsOut": 173325000, "weightedAverageShsOutDil": 174418000, "link": "https://www.sec.gov/Archives/edgar/data/700564/000070056417000011/0000700564-17-000011-index.htm", "finalLink": "https://www.sec.gov/Archives/edgar/data/700564/000070056417000011/fult1231201610k.htm", "calculatedOtherExpenses": 120209000, "calculatedOperatingExpenses": 420373000, "calculatedNetInterest": 520772000, "calculatedOtherIncome": -603100000, "calculatedIncomeNonControlling": 0, "calculatedEbitda": 317980000}, {"date": "2015-12-31", "symbol": "FULTP", "reportedCurrency": "USD", "cik": "0000700564", "fillingDate": "2016-02-26", "acceptedDate": "2016-02-26 16:56:42", "calendarYear": "2015", "period": "FY", "revenue": 681833000, "costOfRevenue": 0, "grossProfit": 681833000, "grossProfitRatio": 1, "researchAndDevelopmentExpenses": 0, "generalAndAdministrativeExpenses": 272302000, "sellingAndMarketingExpenses": 7324000, "sellingGeneralAndAdministrativeExpenses": 279626000, "otherExpenses": -650636000, "operatingExpenses": -371010000, "costAndExpenses": -371010000, "interestIncome": 583789000, "interestExpense": 83795000, "depreciationAndAmortization": 247000, "ebitda": 311070000, "ebitdaratio": 0.4562260847, "operatingIncome": 310823000, "operatingIncomeRatio": 0.4558638259, "totalOtherIncomeExpensesNet": -111400000, "incomeBeforeTax": 199423000, "incomeBeforeTaxRatio": 0.2924807101, "incomeTaxExpense": 49921000, "netIncome": 149502000, "netIncomeRatio": 0.2192648346, "eps": 0.85, "epsdiluted": 0.85, "weightedAverageShsOut": 175721000, "weightedAverageShsOutDil": 176774000, "link": "https://www.sec.gov/Archives/edgar/data/700564/000070056416000066/0000700564-16-000066-index.htm", "finalLink": "https://www.sec.gov/Archives/edgar/data/700564/000070056416000066/fult1231201510k.htm", "calculatedOtherExpenses": 91384000, "calculatedOperatingExpenses": 371010000, "calculatedNetInterest": 499994000, "calculatedOtherIncome": -611394000, "calculatedIncomeNonControlling": 0, "calculatedEbitda": 311070000}, {"date": "2014-12-31", "symbol": "FULTP", "reportedCurrency": "USD", "cik": "0000700564", "fillingDate": "2015-02-27", "acceptedDate": "2015-02-27 17:15:18", "calendarYear": "2014", "period": "FY", "revenue": 682246000, "costOfRevenue": 0, "grossProfit": 682246000, "grossProfitRatio": 1, "researchAndDevelopmentExpenses": 0, "generalAndAdministrativeExpenses": 261979000, "sellingAndMarketingExpenses": 8133000, "sellingGeneralAndAdministrativeExpenses": 270112000, "otherExpenses": -636092000, "operatingExpenses": -365980000, "costAndExpenses": -365980000, "interestIncome": 596078000, "interestExpense": 81211000, "depreciationAndAmortization": 1259000, "ebitda": 317525000, "ebitdaratio": 0.4654113033, "operatingIncome": 316266000, "operatingIncomeRatio": 0.4635659278, "totalOtherIncomeExpensesNet": -105766000, "incomeBeforeTax": 210500000, "incomeBeforeTaxRatio": 0.3085397349, "incomeTaxExpense": 52606000, "netIncome": 157894000, "netIncomeRatio": 0.2314326504, "eps": 0.85, "epsdiluted": 0.84, "weightedAverageShsOut": 186219000, "weightedAverageShsOutDil": 187181000, "link": "https://www.sec.gov/Archives/edgar/data/700564/000070056415000009/0000700564-15-000009-index.htm", "finalLink": "https://www.sec.gov/Archives/edgar/data/700564/000070056415000009/fult1231201410k.htm", "calculatedOtherExpenses": 95868000, "calculatedOperatingExpenses": 365980000, "calculatedNetInterest": 514867000, "calculatedOtherIncome": -620633000, "calculatedIncomeNonControlling": 0, "calculatedEbitda": 317525000}, {"date": "2013-12-31", "symbol": "FULTP", "reportedCurrency": "USD", "cik": "0000700564", "fillingDate": "2014-03-03", "acceptedDate": "2014-03-03 13:29:56", "calendarYear": "2013", "period": "FY", "revenue": 714858000, "costOfRevenue": 0, "grossProfit": 714858000, "grossProfitRatio": 1, "researchAndDevelopmentExpenses": 0, "generalAndAdministrativeExpenses": 264845000, "sellingAndMarketingExpenses": 7705000, "sellingGeneralAndAdministrativeExpenses": 272550000, "otherExpenses": -666076000, "operatingExpenses": -393526000, "costAndExpenses": -393526000, "interestIncome": 609689000, "interestExpense": 82495000, "depreciationAndAmortization": 2437000, "ebitda": 323769000, "ebitdaratio": 0.4529137255, "operatingIncome": 321332000, "operatingIncomeRatio": 0.4495046569, "totalOtherIncomeExpensesNet": -108407000, "incomeBeforeTax": 212925000, "incomeBeforeTaxRatio": 0.2978563575, "incomeTaxExpense": 51085000, "netIncome": 161840000, "netIncomeRatio": 0.2263946126, "eps": 0.84, "epsdiluted": 0.83, "weightedAverageShsOut": 193334000, "weightedAverageShsOutDil": 194354000, "link": "https://www.sec.gov/Archives/edgar/data/700564/000070056414000012/0000700564-14-000012-index.htm", "finalLink": "https://www.sec.gov/Archives/edgar/data/700564/000070056414000012/fult1231201310k.htm", "calculatedOtherExpenses": 120976000, "calculatedOperatingExpenses": 393526000, "calculatedNetInterest": 527194000, "calculatedOtherIncome": -635601000, "calculatedIncomeNonControlling": 0, "calculatedEbitda": 323769000}, {"date": "2012-12-31", "symbol": "FULTP", "reportedCurrency": "USD", "cik": "0000700564", "fillingDate": "2013-02-28", "acceptedDate": "2013-02-28 17:05:30", "calendarYear": "2012", "period": "FY", "revenue": 760952000, "costOfRevenue": -5300000, "grossProfit": 766252000, "grossProfitRatio": 1.0069649597, "researchAndDevelopmentExpenses": 0, "generalAndAdministrativeExpenses": 255911000, "sellingAndMarketingExpenses": 8240000, "sellingGeneralAndAdministrativeExpenses": 264151000, "otherExpenses": -709789000, "operatingExpenses": -445638000, "costAndExpenses": -5300000, "interestIncome": 647496000, "interestExpense": 103168000, "depreciationAndAmortization": 25606000, "ebitda": 346220000, "ebitdaratio": 0.4549827059, "operatingIncome": 320614000, "operatingIncomeRatio": 0.4213327516, "totalOtherIncomeExpensesNet": -103168000, "incomeBeforeTax": 217446000, "incomeBeforeTaxRatio": 0.2857552119, "incomeTaxExpense": 57601000, "netIncome": 159845000, "netIncomeRatio": 0.2100592416, "eps": 0.8, "epsdiluted": 0.8, "weightedAverageShsOut": 199067000, "weightedAverageShsOutDil": 200039000, "link": "https://www.sec.gov/Archives/edgar/data/700564/000070056413000012/0000700564-13-000012-index.htm", "finalLink": "https://www.sec.gov/Archives/edgar/data/700564/000070056413000012/fult1231201210k.htm", "calculatedOtherExpenses": 181487000, "calculatedOperatingExpenses": 445638000, "calculatedNetInterest": 544328000, "calculatedOtherIncome": -647496000, "calculatedIncomeNonControlling": 0, "calculatedEbitda": 346220000}, {"date": "2011-12-31", "symbol": "FULTP", "reportedCurrency": "USD", "cik": "0000700564", "fillingDate": "2012-02-29", "acceptedDate": "2012-02-29 16:00:59", "calendarYear": "2011", "period": "FY", "revenue": 747887000, "costOfRevenue": 0, "grossProfit": 747887000, "grossProfitRatio": 1, "researchAndDevelopmentExpenses": 0, "generalAndAdministrativeExpenses": 241915000, "sellingAndMarketingExpenses": 9667000, "sellingGeneralAndAdministrativeExpenses": 251582000, "otherExpenses": -648439000, "operatingExpenses": -396857000, "costAndExpenses": -396857000, "interestIncome": 693698000, "interestExpense": 133538000, "depreciationAndAmortization": 4257000, "ebitda": 355287000, "ebitdaratio": 0.4750543866, "operatingIncome": 351030000, "operatingIncomeRatio": 0.4693623502, "totalOtherIncomeExpensesNet": -154619000, "incomeBeforeTax": 196411000, "incomeBeforeTaxRatio": 0.2626212249, "incomeTaxExpense": 50838000, "netIncome": 145573000, "netIncomeRatio": 0.1946457152, "eps": 0.73, "epsdiluted": 0.73, "weightedAverageShsOut": 198912000, "weightedAverageShsOutDil": 199658000, "link": "https://www.sec.gov/Archives/edgar/data/700564/000070056412000007/0000700564-12-000007-index.htm", "finalLink": "https://www.sec.gov/Archives/edgar/data/700564/000070056412000007/fult1231201110k.htm", "calculatedOtherExpenses": 145275000, "calculatedOperatingExpenses": 396857000, "calculatedNetInterest": 560160000, "calculatedOtherIncome": -714779000, "calculatedIncomeNonControlling": 0, "calculatedEbitda": 355287000}, {"date": "2010-12-31", "symbol": "FULTP", "reportedCurrency": "USD", "cik": "0000700564", "fillingDate": "2011-03-01", "acceptedDate": "2011-03-01 14:26:47", "calendarYear": "2010", "period": "FY", "revenue": 743648000, "costOfRevenue": 0, "grossProfit": 743648000, "grossProfitRatio": 1, "researchAndDevelopmentExpenses": 0, "generalAndAdministrativeExpenses": 236202000, "sellingAndMarketingExpenses": 11163000, "sellingGeneralAndAdministrativeExpenses": 247365000, "otherExpenses": 13951000, "operatingExpenses": 261316000, "costAndExpenses": 261316000, "interestIncome": 745373000, "interestExpense": 186627000, "depreciationAndAmortization": 5240000, "ebitda": 385085000, "ebitdaratio": 0.5178323615, "operatingIncome": 379845000, "operatingIncomeRatio": 0.510786017, "totalOtherIncomeExpensesNet": -207104000, "incomeBeforeTax": 172741000, "incomeBeforeTaxRatio": 0.2322886635, "incomeTaxExpense": 44409000, "netIncome": 128332000, "netIncomeRatio": 0.1725708938, "eps": 0.59, "epsdiluted": 0.59, "weightedAverageShsOut": 190860000, "weightedAverageShsOutDil": 191397000, "link": "https://www.sec.gov/Archives/edgar/data/700564/000119312511051784/0001193125-11-051784-index.htm", "finalLink": "https://www.sec.gov/Archives/edgar/data/700564/000119312511051784/d10k.htm", "calculatedOtherExpenses": 116438000, "calculatedOperatingExpenses": 363803000, "calculatedNetInterest": 558746000, "calculatedOtherIncome": -765850000, "calculatedIncomeNonControlling": 0, "calculatedEbitda": 385085000}, {"date": "2009-12-31", "symbol": "FULTP", "reportedCurrency": "USD", "cik": "0000700564", "fillingDate": "2010-03-01", "acceptedDate": "2010-03-01 16:57:37", "calendarYear": "2009", "period": "FY", "revenue": 693710000, "costOfRevenue": 0, "grossProfit": 693710000, "grossProfitRatio": 1, "researchAndDevelopmentExpenses": 0, "generalAndAdministrativeExpenses": 245391000, "sellingAndMarketingExpenses": 8915000, "sellingGeneralAndAdministrativeExpenses": 254306000, "otherExpenses": -572570000, "operatingExpenses": -318264000, "costAndExpenses": -318264000, "interestIncome": 786467000, "interestExpense": 265513000, "depreciationAndAmortization": 5747000, "ebitda": 381193000, "ebitdaratio": 0.5494990702, "operatingIncome": 375446000, "operatingIncomeRatio": 0.5412146286, "totalOtherIncomeExpensesNet": -286114000, "incomeBeforeTax": 89332000, "incomeBeforeTaxRatio": 0.1287742717, "incomeTaxExpense": 15408000, "netIncome": 73924000, "netIncomeRatio": 0.1065632613, "eps": 0.31, "epsdiluted": 0.31, "weightedAverageShsOut": 175662000, "weightedAverageShsOutDil": 175943000, "link": "https://www.sec.gov/Archives/edgar/data/700564/000119312510044816/0001193125-10-044816-index.htm", "finalLink": "https://www.sec.gov/Archives/edgar/data/700564/000119312510044816/d10k.htm", "calculatedOtherExpenses": 63958000, "calculatedOperatingExpenses": 318264000, "calculatedNetInterest": 520954000, "calculatedOtherIncome": -807068000, "calculatedIncomeNonControlling": 0, "calculatedEbitda": 381193000}, {"date": "2008-12-31", "symbol": "FULTP", "reportedCurrency": "USD", "cik": "0000700564", "fillingDate": "2009-03-02", "acceptedDate": "2009-03-02 16:58:57", "calendarYear": "2008", "period": "FY", "revenue": 635204000, "costOfRevenue": 0, "grossProfit": 635204000, "grossProfitRatio": 1, "researchAndDevelopmentExpenses": 0, "generalAndAdministrativeExpenses": 213557000, "sellingAndMarketingExpenses": 13267000, "sellingGeneralAndAdministrativeExpenses": 226824000, "otherExpenses": -480036000, "operatingExpenses": -253212000, "costAndExpenses": -253212000, "interestIncome": 867494000, "interestExpense": 343346000, "depreciationAndAmortization": 7162000, "ebitda": 389154000, "ebitdaratio": 0.6126441269, "operatingIncome": 381992000, "operatingIncomeRatio": 0.601369009, "totalOtherIncomeExpensesNet": -363039000, "incomeBeforeTax": 18953000, "incomeBeforeTaxRatio": 0.0298376585, "incomeTaxExpense": 24570000, "netIncome": -5617000, "netIncomeRatio": -0.0088428284, "eps": -0.0322, "epsdiluted": -0.0322, "weightedAverageShsOut": 174236000, "weightedAverageShsOutDil": 174236000, "link": "https://www.sec.gov/Archives/edgar/data/700564/000089322009000450/0000893220-09-000450-index.htm", "finalLink": "https://www.sec.gov/Archives/edgar/data/700564/000089322009000450/w73014e10vk.htm", "calculatedOtherExpenses": 26388000, "calculatedOperatingExpenses": 253212000, "calculatedNetInterest": 524148000, "calculatedOtherIncome": -887187000, "calculatedIncomeNonControlling": 0, "calculatedEbitda": 389154000}, {"date": "2007-12-31", "symbol": "FULTP", "reportedCurrency": "USD", "cik": "0000700564", "fillingDate": "2008-02-29", "acceptedDate": "2008-02-29 16:22:38", "calendarYear": "2007", "period": "FY", "revenue": 634668000, "costOfRevenue": 0, "grossProfit": 634668000, "grossProfitRatio": 1, "researchAndDevelopmentExpenses": 0, "generalAndAdministrativeExpenses": 215526000, "sellingAndMarketingExpenses": 11334000, "sellingGeneralAndAdministrativeExpenses": 226860000, "otherExpenses": 0, "operatingExpenses": 11334000, "costAndExpenses": 11334000, "interestIncome": 931350000, "interestExpense": 450833000, "depreciationAndAmortization": 28045000, "ebitda": 695128000, "ebitdaratio": 1.0952624049, "operatingIncome": 667083000, "operatingIncomeRatio": 1.0510739473, "totalOtherIncomeExpensesNet": -450833000, "incomeBeforeTax": 216250000, "incomeBeforeTaxRatio": 0.3407293262, "incomeTaxExpense": 63532000, "netIncome": 152718000, "netIncomeRatio": 0.2406265953, "eps": 0.88, "epsdiluted": 0.88, "weightedAverageShsOut": 173295000, "weightedAverageShsOutDil": 174386000, "link": "https://www.sec.gov/Archives/edgar/data/700564/000089322008000580/0000893220-08-000580-index.htm", "finalLink": "https://www.sec.gov/Archives/edgar/data/700564/000089322008000580/w50502e10vk.htm", "calculatedOtherExpenses": -259275000, "calculatedOperatingExpenses": -32415000, "calculatedNetInterest": 480517000, "calculatedOtherIncome": -931350000, "calculatedIncomeNonControlling": 0, "calculatedEbitda": 695128000}, {"date": "2006-12-31", "symbol": "FULTP", "reportedCurrency": "USD", "cik": "0000700564", "fillingDate": "2007-03-01", "acceptedDate": "2007-03-01 16:48:45", "calendarYear": "2006", "period": "FY", "revenue": 635438000, "costOfRevenue": 0, "grossProfit": 635438000, "grossProfitRatio": 1, "researchAndDevelopmentExpenses": 0, "generalAndAdministrativeExpenses": 213913000, "sellingAndMarketingExpenses": 10638000, "sellingGeneralAndAdministrativeExpenses": 224551000, "otherExpenses": 0, "operatingExpenses": 10638000, "costAndExpenses": 10638000, "interestIncome": 857939000, "interestExpense": 378944000, "depreciationAndAmortization": 24812000, "ebitda": 669705000, "ebitdaratio": 1.0539265829, "operatingIncome": 644893000, "operatingIncomeRatio": 1.0148795004, "totalOtherIncomeExpensesNet": -378944000, "incomeBeforeTax": 265949000, "incomeBeforeTaxRatio": 0.4185286369, "incomeTaxExpense": 80422000, "netIncome": 185527000, "netIncomeRatio": 0.2919671156, "eps": 1.07, "epsdiluted": 1.06, "weightedAverageShsOut": 172830000, "weightedAverageShsOutDil": 174872000, "link": "https://www.sec.gov/Archives/edgar/data/700564/000089322007000546/0000893220-07-000546-index.htm", "finalLink": "https://www.sec.gov/Archives/edgar/data/700564/000089322007000546/w31101e10vk.htm", "calculatedOtherExpenses": -234006000, "calculatedOperatingExpenses": -9455000, "calculatedNetInterest": 478995000, "calculatedOtherIncome": -857939000, "calculatedIncomeNonControlling": 0, "calculatedEbitda": 669705000}, {"date": "2005-12-31", "symbol": "FULTP", "reportedCurrency": "USD", "cik": "0000700564", "fillingDate": "2006-03-16", "acceptedDate": "2006-03-16 14:18:09", "calendarYear": "2005", "period": "FY", "revenue": 556846000, "costOfRevenue": 0, "grossProfit": 556846000, "grossProfitRatio": 1, "researchAndDevelopmentExpenses": 0, "generalAndAdministrativeExpenses": 181889000, "sellingAndMarketingExpenses": 8823000, "sellingGeneralAndAdministrativeExpenses": 190712000, "otherExpenses": 0, "operatingExpenses": 8823000, "costAndExpenses": 8823000, "interestIncome": 625797000, "interestExpense": 213219000, "depreciationAndAmortization": 24807000, "ebitda": 475461000, "ebitdaratio": 0.8538464854, "operatingIncome": 450654000, "operatingIncomeRatio": 0.8092973641, "totalOtherIncomeExpensesNet": -213219000, "incomeBeforeTax": 237435000, "incomeBeforeTaxRatio": 0.4263925753, "incomeTaxExpense": 71361000, "netIncome": 166074000, "netIncomeRatio": 0.2982404471, "eps": 1.01, "epsdiluted": 1, "weightedAverageShsOut": 164234000, "weightedAverageShsOutDil": 166260000, "link": "https://www.sec.gov/Archives/edgar/data/700564/000089322006000571/0000893220-06-000571-index.htm", "finalLink": "https://www.sec.gov/Archives/edgar/data/700564/000089322006000571/w18509e10vk.htm", "calculatedOtherExpenses": -84520000, "calculatedOperatingExpenses": 106192000, "calculatedNetInterest": 412578000, "calculatedOtherIncome": -625797000, "calculatedIncomeNonControlling": 0, "calculatedEbitda": 475461000}, {"date": "2004-12-31", "symbol": "FULTP", "reportedCurrency": "USD", "cik": "0000700564", "fillingDate": "2005-03-16", "acceptedDate": "2005-03-16 16:23:58", "calendarYear": "2004", "period": "FY", "revenue": 496513000, "costOfRevenue": 0, "grossProfit": 496513000, "grossProfitRatio": 1, "researchAndDevelopmentExpenses": 0, "generalAndAdministrativeExpenses": 162126000, "sellingAndMarketingExpenses": 6943000, "sellingGeneralAndAdministrativeExpenses": 169069000, "otherExpenses": 0, "operatingExpenses": 6943000, "costAndExpenses": 6943000, "interestIncome": 493643000, "interestExpense": 135994000, "depreciationAndAmortization": 27041000, "ebitda": 381216000, "ebitdaratio": 0.7677865434, "operatingIncome": 354175000, "operatingIncomeRatio": 0.7133247266, "totalOtherIncomeExpensesNet": -135994000, "incomeBeforeTax": 218181000, "incomeBeforeTaxRatio": 0.4394265608, "incomeTaxExpense": 65264000, "netIncome": 152917000, "netIncomeRatio": 0.3079818655, "eps": 0.95, "epsdiluted": 0.94, "weightedAverageShsOut": 156759000, "weightedAverageShsOutDil": 158453000, "link": "https://www.sec.gov/Archives/edgar/data/700564/000119312505052766/0001193125-05-052766-index.htm", "finalLink": "https://www.sec.gov/Archives/edgar/data/700564/000119312505052766/d10k.htm", "calculatedOtherExpenses": -26731000, "calculatedOperatingExpenses": 142338000, "calculatedNetInterest": 357649000, "calculatedOtherIncome": -493643000, "calculatedIncomeNonControlling": 0, "calculatedEbitda": 381216000}, {"date": "2003-12-31", "symbol": "FULTP", "reportedCurrency": "USD", "cik": "0000700564", "fillingDate": "2004-03-15", "acceptedDate": "2004-03-15 09:48:11", "calendarYear": "2003", "period": "FY", "revenue": 441424000, "costOfRevenue": 0, "grossProfit": 441424000, "grossProfitRatio": 1, "researchAndDevelopmentExpenses": 0, "generalAndAdministrativeExpenses": 138619000, "sellingAndMarketingExpenses": 6039000, "sellingGeneralAndAdministrativeExpenses": 144658000, "otherExpenses": 0, "operatingExpenses": 6039000, "costAndExpenses": 6039000, "interestIncome": 435531000, "interestExpense": 131094000, "depreciationAndAmortization": 33681000, "ebitda": 362318000, "ebitdaratio": 0.8207936134, "operatingIncome": 328637000, "operatingIncomeRatio": 0.7444928232, "totalOtherIncomeExpensesNet": -131094000, "incomeBeforeTax": 197543000, "incomeBeforeTaxRatio": 0.4475130487, "incomeTaxExpense": 59363000, "netIncome": 138180000, "netIncomeRatio": 0.313032368, "eps": 0.94, "epsdiluted": 0.93, "weightedAverageShsOut": 147619622, "weightedAverageShsOutDil": 148772900, "link": "https://www.sec.gov/Archives/edgar/data/700564/000119312504041592/0001193125-04-041592-index.htm", "finalLink": "https://www.sec.gov/Archives/edgar/data/700564/000119312504041592/d10k.htm", "calculatedOtherExpenses": -31871000, "calculatedOperatingExpenses": 112787000, "calculatedNetInterest": 304437000, "calculatedOtherIncome": -435531000, "calculatedIncomeNonControlling": 0, "calculatedEbitda": 362318000}, {"date": "2002-12-31", "symbol": "FULTP", "reportedCurrency": "USD", "cik": "0000700564", "fillingDate": "2003-03-27", "acceptedDate": "2003-03-27 12:45:01", "calendarYear": "2002", "period": "FY", "revenue": 426852000, "costOfRevenue": 0, "grossProfit": 426852000, "grossProfitRatio": 1, "researchAndDevelopmentExpenses": 0, "generalAndAdministrativeExpenses": 129355000, "sellingAndMarketingExpenses": 6525000, "sellingGeneralAndAdministrativeExpenses": 135880000, "otherExpenses": -215097000, "operatingExpenses": -79217000, "costAndExpenses": -79217000, "interestIncome": 469288000, "interestExpense": 158219000, "depreciationAndAmortization": 18598000, "ebitda": 366233000, "ebitdaratio": 0.8579859061, "operatingIncome": 347635000, "operatingIncomeRatio": 0.8144157694, "totalOtherIncomeExpensesNet": -158219000, "incomeBeforeTax": 189416000, "incomeBeforeTaxRatio": 0.4437509957, "incomeTaxExpense": 56468000, "netIncome": 132948000, "netIncomeRatio": 0.3114615839, "eps": 0.9, "epsdiluted": 0.89, "weightedAverageShsOut": 147984547, "weightedAverageShsOutDil": 149131714, "link": "https://www.sec.gov/Archives/edgar/data/700564/000095010903001738/0000950109-03-001738-index.htm", "finalLink": "https://www.sec.gov/Archives/edgar/data/700564/000095010903001738/d10k.txt", "calculatedOtherExpenses": -56663000, "calculatedOperatingExpenses": 79217000, "calculatedNetInterest": 311069000, "calculatedOtherIncome": -469288000, "calculatedIncomeNonControlling": 0, "calculatedEbitda": 366233000}, {"date": "2001-12-31", "symbol": "FULTP", "reportedCurrency": "USD", "cik": "0000700564", "fillingDate": "2002-03-29", "acceptedDate": "2002-03-29 00:00:00", "calendarYear": "2001", "period": "FY", "revenue": 391210000, "costOfRevenue": 0, "grossProfit": 391210000, "grossProfitRatio": 1, "researchAndDevelopmentExpenses": 0, "generalAndAdministrativeExpenses": 116907000, "sellingAndMarketingExpenses": 0, "sellingGeneralAndAdministrativeExpenses": 116907000, "otherExpenses": -120199000, "operatingExpenses": -3292000, "costAndExpenses": -3292000, "interestIncome": 518178000, "interestExpense": 227962000, "depreciationAndAmortization": 12990000, "ebitda": 400908000, "ebitdaratio": 1.0247897549, "operatingIncome": 387918000, "operatingIncomeRatio": 0.9915850822, "totalOtherIncomeExpensesNet": -227962000, "incomeBeforeTax": 159956000, "incomeBeforeTaxRatio": 0.4088750288, "incomeTaxExpense": 46367000, "netIncome": 113589000, "netIncomeRatio": 0.2903530073, "eps": 0.75, "epsdiluted": 0.74, "weightedAverageShsOut": 150972722, "weightedAverageShsOutDil": 152908269, "link": "https://www.sec.gov/Archives/edgar/data/700564/000095010902001809/0000950109-02-001809-index.htm", "finalLink": "https://www.sec.gov/Archives/edgar/data/700564/000095010902001809/d10k.txt", "calculatedOtherExpenses": -113615000, "calculatedOperatingExpenses": 3292000, "calculatedNetInterest": 290216000, "calculatedOtherIncome": -518178000, "calculatedIncomeNonControlling": 0, "calculatedEbitda": 400908000}, {"date": "2000-12-31", "symbol": "FULTP", "reportedCurrency": "USD", "cik": "0000700564", "fillingDate": "2001-03-20", "acceptedDate": "2001-03-20 00:00:00", "calendarYear": "2000", "period": "FY", "revenue": 321711000, "costOfRevenue": 0, "grossProfit": 321711000, "grossProfitRatio": 1, "researchAndDevelopmentExpenses": 0, "generalAndAdministrativeExpenses": 93109000, "sellingAndMarketingExpenses": 0, "sellingGeneralAndAdministrativeExpenses": 93109000, "otherExpenses": -56295000, "operatingExpenses": 36814000, "costAndExpenses": 36814000, "interestIncome": 462581000, "interestExpense": 210481000, "depreciationAndAmortization": 12096000, "ebitda": 370621000, "ebitdaratio": 1.15203086, "operatingIncome": 358525000, "operatingIncomeRatio": 1.114431897, "totalOtherIncomeExpensesNet": -210481000, "incomeBeforeTax": 148044000, "incomeBeforeTaxRatio": 0.4601769912, "incomeTaxExpense": 44240000, "netIncome": 103804000, "netIncomeRatio": 0.3226622652, "eps": 0.73, "epsdiluted": 0.72, "weightedAverageShsOut": 146394069, "weightedAverageShsOutDil": 147511581, "link": "https://www.sec.gov/Archives/edgar/data/700564/000095010901500258/0000950109-01-500258-index.htm", "finalLink": "https://www.sec.gov/Archives/edgar/data/700564/000095010901500258/d10k405.txt", "calculatedOtherExpenses": -129923000, "calculatedOperatingExpenses": -36814000, "calculatedNetInterest": 252100000, "calculatedOtherIncome": -462581000, "calculatedIncomeNonControlling": 0, "calculatedEbitda": 370621000}, {"date": "1999-12-31", "symbol": "FULTP", "reportedCurrency": "USD", "cik": "0000700564", "fillingDate": "2000-03-29", "acceptedDate": "2000-03-29 00:00:00", "calendarYear": "1999", "period": "FY", "revenue": 306900000, "costOfRevenue": 0, "grossProfit": 306900000, "grossProfitRatio": 1, "researchAndDevelopmentExpenses": 0, "generalAndAdministrativeExpenses": 88700000, "sellingAndMarketingExpenses": 0, "sellingGeneralAndAdministrativeExpenses": 88700000, "otherExpenses": -83100000, "operatingExpenses": 5600000, "costAndExpenses": 5600000, "interestIncome": 418900000, "interestExpense": 174800000, "depreciationAndAmortization": 12400000, "ebitda": 324900000, "ebitdaratio": 1.0586510264, "operatingIncome": 312500000, "operatingIncomeRatio": 1.018246986, "totalOtherIncomeExpensesNet": -174800000, "incomeBeforeTax": 137700000, "incomeBeforeTaxRatio": 0.4486803519, "incomeTaxExpense": 40500000, "netIncome": 97200000, "netIncomeRatio": 0.3167155425, "eps": 0.7, "epsdiluted": 0.7, "weightedAverageShsOut": 148648541, "weightedAverageShsOutDil": 150196963, "link": "https://www.sec.gov/Archives/edgar/data/700564/000095010900001208/0000950109-00-001208-index.html", "finalLink": "https://www.sec.gov/Archives/edgar/data/700564/000095010900001208/", "calculatedOtherExpenses": -94300000, "calculatedOperatingExpenses": -5600000, "calculatedNetInterest": 244100000, "calculatedOtherIncome": -418900000, "calculatedIncomeNonControlling": 0, "calculatedEbitda": 324900000}, {"date": "1998-12-31", "symbol": "FULTP", "reportedCurrency": "USD", "cik": "0000700564", "fillingDate": "1999-03-26", "acceptedDate": "1999-03-26 00:00:00", "calendarYear": "1998", "period": "FY", "revenue": 292100000, "costOfRevenue": 0, "grossProfit": 292100000, "grossProfitRatio": 1, "researchAndDevelopmentExpenses": 0, "generalAndAdministrativeExpenses": 83500000, "sellingAndMarketingExpenses": 0, "sellingGeneralAndAdministrativeExpenses": 83500000, "otherExpenses": -69500000, "operatingExpenses": 14000000, "costAndExpenses": 14000000, "interestIncome": 409300000, "interestExpense": 177800000, "depreciationAndAmortization": 10700000, "ebitda": 316800000, "ebitdaratio": 1.0845600822, "operatingIncome": 306100000, "operatingIncomeRatio": 1.0479287915, "totalOtherIncomeExpensesNet": -177800000, "incomeBeforeTax": 128300000, "incomeBeforeTaxRatio": 0.4392331393, "incomeTaxExpense": 39800000, "netIncome": 88500000, "netIncomeRatio": 0.302978432, "eps": 0.64, "epsdiluted": 0.64, "weightedAverageShsOut": 139215416, "weightedAverageShsOutDil": 139215416, "link": "https://www.sec.gov/Archives/edgar/data/700564/000095010999001060/0000950109-99-001060-index.html", "finalLink": "https://www.sec.gov/Archives/edgar/data/700564/", "calculatedOtherExpenses": -97500000, "calculatedOperatingExpenses": -14000000, "calculatedNetInterest": 231500000, "calculatedOtherIncome": -409300000, "calculatedIncomeNonControlling": 0, "calculatedEbitda": 316800000}, {"date": "1997-12-31", "symbol": "FULTP", "reportedCurrency": "USD", "cik": "0000700564", "fillingDate": "1998-03-19", "acceptedDate": "1998-03-19 00:00:00", "calendarYear": "1997", "period": "FY", "revenue": 223700000, "costOfRevenue": 0, "grossProfit": 223700000, "grossProfitRatio": 1, "researchAndDevelopmentExpenses": 0, "generalAndAdministrativeExpenses": 65200000, "sellingAndMarketingExpenses": 0, "sellingGeneralAndAdministrativeExpenses": 65200000, "otherExpenses": -58300000, "operatingExpenses": 6900000, "costAndExpenses": 6900000, "interestIncome": 319600000, "interestExpense": 137000000, "depreciationAndAmortization": 8800000, "ebitda": 239400000, "ebitdaratio": 1.0701832812, "operatingIncome": 230600000, "operatingIncomeRatio": 1.0308448815, "totalOtherIncomeExpensesNet": -137000000, "incomeBeforeTax": 93600000, "incomeBeforeTaxRatio": 0.4184175235, "incomeTaxExpense": 28400000, "netIncome": 65200000, "netIncomeRatio": 0.2914617792, "eps": 0.56, "epsdiluted": 0.55, "weightedAverageShsOut": 110720901, "weightedAverageShsOutDil": 112140159, "link": "https://www.sec.gov/Archives/edgar/data/700564/000095010998001872/0000950109-98-001872-index.html", "finalLink": "https://www.sec.gov/Archives/edgar/data/700564/", "calculatedOtherExpenses": -72100000, "calculatedOperatingExpenses": -6900000, "calculatedNetInterest": 182600000, "calculatedOtherIncome": -319600000, "calculatedIncomeNonControlling": 0, "calculatedEbitda": 239400000}, {"date": "1996-12-31", "symbol": "FULTP", "reportedCurrency": "USD", "cik": "0000700564", "fillingDate": "1997-03-27", "acceptedDate": "1997-03-27 00:00:00", "calendarYear": "1996", "period": "FY", "revenue": 187700000, "costOfRevenue": 0, "grossProfit": 187700000, "grossProfitRatio": 1, "researchAndDevelopmentExpenses": 0, "generalAndAdministrativeExpenses": 56500000, "sellingAndMarketingExpenses": 0, "sellingGeneralAndAdministrativeExpenses": 56500000, "otherExpenses": -57100000, "operatingExpenses": -600000, "costAndExpenses": -600000, "interestIncome": 268700000, "interestExpense": 113800000, "depreciationAndAmortization": 7600000, "ebitda": 194700000, "ebitdaratio": 1.0372935535, "operatingIncome": 187100000, "operatingIncomeRatio": 0.9968034097, "totalOtherIncomeExpensesNet": -113800000, "incomeBeforeTax": 73300000, "incomeBeforeTaxRatio": 0.3905167821, "incomeTaxExpense": 21300000, "netIncome": 52000000, "netIncomeRatio": 0.2770378263, "eps": 0.48, "epsdiluted": 0.47, "weightedAverageShsOut": 101999782, "weightedAverageShsOutDil": 101999782, "link": "https://www.sec.gov/Archives/edgar/data/700564/000095010997002526/0000950109-97-002526-index.html", "finalLink": "https://www.sec.gov/Archives/edgar/data/700564/", "calculatedOtherExpenses": -55900000, "calculatedOperatingExpenses": 600000, "calculatedNetInterest": 154900000, "calculatedOtherIncome": -268700000, "calculatedIncomeNonControlling": 0, "calculatedEbitda": 194700000}, {"date": "1995-12-31", "symbol": "FULTP", "reportedCurrency": "USD", "cik": "0000700564", "fillingDate": "1996-03-27", "acceptedDate": "1996-03-27 00:00:00", "calendarYear": "1995", "period": "FY", "revenue": 162800000, "costOfRevenue": 0, "grossProfit": 162800000, "grossProfitRatio": 1, "researchAndDevelopmentExpenses": 0, "generalAndAdministrativeExpenses": 52300000, "sellingAndMarketingExpenses": 0, "sellingGeneralAndAdministrativeExpenses": 52300000, "otherExpenses": -52300000, "operatingExpenses": 0, "costAndExpenses": 0, "interestIncome": 235900000, "interestExpense": 102100000, "depreciationAndAmortization": 8100000, "ebitda": 170900000, "ebitdaratio": 1.0497542998, "operatingIncome": 162800000, "operatingIncomeRatio": 1, "totalOtherIncomeExpensesNet": -102100000, "incomeBeforeTax": 60700000, "incomeBeforeTaxRatio": 0.3728501229, "incomeTaxExpense": 15100000, "netIncome": 45600000, "netIncomeRatio": 0.2800982801, "eps": 0.47, "epsdiluted": 0.47, "weightedAverageShsOut": 109935764, "weightedAverageShsOutDil": 109935764, "link": "https://www.sec.gov/Archives/edgar/data/700564/000095010996001768/0000950109-96-001768-index.html", "finalLink": "https://www.sec.gov/Archives/edgar/data/700564/", "calculatedOtherExpenses": -52300000, "calculatedOperatingExpenses": 0, "calculatedNetInterest": 133800000, "calculatedOtherIncome": -235900000, "calculatedIncomeNonControlling": 0, "calculatedEbitda": 170900000}, {"date": "1994-12-31", "symbol": "FULTP", "reportedCurrency": "USD", "cik": "0000700564", "fillingDate": "1994-12-31", "acceptedDate": "1994-12-30 19:00:00", "calendarYear": "1994", "period": "FY", "revenue": 145400000, "costOfRevenue": 0, "grossProfit": 145400000, "grossProfitRatio": 1, "researchAndDevelopmentExpenses": 0, "generalAndAdministrativeExpenses": 46700000, "sellingAndMarketingExpenses": 0, "sellingGeneralAndAdministrativeExpenses": 46700000, "otherExpenses": -66000000, "operatingExpenses": -19300000, "costAndExpenses": -19300000, "interestIncome": 193000000, "interestExpense": 73000000, "depreciationAndAmortization": 6800000, "ebitda": 132900000, "ebitdaratio": 0.9140302613, "operatingIncome": 126100000, "operatingIncomeRatio": 0.8672627235, "totalOtherIncomeExpensesNet": -73000000, "incomeBeforeTax": 53100000, "incomeBeforeTaxRatio": 0.3651994498, "incomeTaxExpense": 13100000, "netIncome": 40000000, "netIncomeRatio": 0.2751031637, "eps": 0.43, "epsdiluted": 0.42, "weightedAverageShsOut": 94076032, "weightedAverageShsOutDil": 95313892, "link": "", "finalLink": "", "calculatedOtherExpenses": -27400000, "calculatedOperatingExpenses": 19300000, "calculatedNetInterest": 120000000, "calculatedOtherIncome": -193000000, "calculatedIncomeNonControlling": 0, "calculatedEbitda": 132900000}, {"date": "1993-12-31", "symbol": "FULTP", "reportedCurrency": "USD", "cik": "0000700564", "fillingDate": "1993-12-31", "acceptedDate": "1993-12-30 19:00:00", "calendarYear": "1993", "period": "FY", "revenue": 122100000, "costOfRevenue": 0, "grossProfit": 122100000, "grossProfitRatio": 1, "researchAndDevelopmentExpenses": 0, "generalAndAdministrativeExpenses": 38500000, "sellingAndMarketingExpenses": 0, "sellingGeneralAndAdministrativeExpenses": 38500000, "otherExpenses": -58700000, "operatingExpenses": -20200000, "costAndExpenses": -20200000, "interestIncome": 159700000, "interestExpense": 63100000, "depreciationAndAmortization": 6500000, "ebitda": 108400000, "ebitdaratio": 0.8877968878, "operatingIncome": 101900000, "operatingIncomeRatio": 0.8345618346, "totalOtherIncomeExpensesNet": -60300000, "incomeBeforeTax": 41600000, "incomeBeforeTaxRatio": 0.3407043407, "incomeTaxExpense": 8700000, "netIncome": 30100000, "netIncomeRatio": 0.2465192465, "eps": 0.38, "epsdiluted": 0.35, "weightedAverageShsOut": 78999929, "weightedAverageShsOutDil": 85171886, "link": "", "finalLink": "", "calculatedOtherExpenses": -18300000, "calculatedOperatingExpenses": 20200000, "calculatedNetInterest": 96600000, "calculatedOtherIncome": -156900000, "calculatedIncomeNonControlling": 2800000, "calculatedEbitda": 108400000}, {"date": "1992-12-31", "symbol": "FULTP", "reportedCurrency": "USD", "cik": "0000700564", "fillingDate": "1992-12-31", "acceptedDate": "1992-12-30 19:00:00", "calendarYear": "1992", "period": "FY", "revenue": 103800000, "costOfRevenue": 0, "grossProfit": 103800000, "grossProfitRatio": 1, "researchAndDevelopmentExpenses": 0, "generalAndAdministrativeExpenses": 34600000, "sellingAndMarketingExpenses": 0, "sellingGeneralAndAdministrativeExpenses": 34600000, "otherExpenses": -31700000, "operatingExpenses": 2900000, "costAndExpenses": 2900000, "interestIncome": 155700000, "interestExpense": 73500000, "depreciationAndAmortization": 3500000, "ebitda": 110200000, "ebitdaratio": 1.0616570328, "operatingIncome": 106700000, "operatingIncomeRatio": 1.027938343, "totalOtherIncomeExpensesNet": -73500000, "incomeBeforeTax": 33200000, "incomeBeforeTaxRatio": 0.3198458574, "incomeTaxExpense": 6600000, "netIncome": 26600000, "netIncomeRatio": 0.2562620424, "eps": 0.4, "epsdiluted": 0.4, "weightedAverageShsOut": 65988261, "weightedAverageShsOutDil": 66904942, "link": "", "finalLink": "", "calculatedOtherExpenses": -37500000, "calculatedOperatingExpenses": -2900000, "calculatedNetInterest": 82200000, "calculatedOtherIncome": -155700000, "calculatedIncomeNonControlling": 0, "calculatedEbitda": 110200000}, {"date": "1991-12-31", "symbol": "FULTP", "reportedCurrency": "USD", "cik": "0000700564", "fillingDate": "1991-12-31", "acceptedDate": "1991-12-30 19:00:00", "calendarYear": "1991", "period": "FY", "revenue": 94300000, "costOfRevenue": 0, "grossProfit": 94300000, "grossProfitRatio": 1, "researchAndDevelopmentExpenses": 0, "generalAndAdministrativeExpenses": 31700000, "sellingAndMarketingExpenses": 0, "sellingGeneralAndAdministrativeExpenses": 31700000, "otherExpenses": -1900000, "operatingExpenses": 29800000, "costAndExpenses": 29800000, "interestIncome": 170900000, "interestExpense": 93600000, "depreciationAndAmortization": 2900000, "ebitda": 127000000, "ebitdaratio": 1.3467656416, "operatingIncome": 124100000, "operatingIncomeRatio": 1.3160127253, "totalOtherIncomeExpensesNet": -93600000, "incomeBeforeTax": 30500000, "incomeBeforeTaxRatio": 0.3234358431, "incomeTaxExpense": 5600000, "netIncome": 24900000, "netIncomeRatio": 0.2640509014, "eps": 0.38, "epsdiluted": 0.38, "weightedAverageShsOut": 65352101, "weightedAverageShsOutDil": 66313174, "link": "", "finalLink": "", "calculatedOtherExpenses": -61500000, "calculatedOperatingExpenses": -29800000, "calculatedNetInterest": 77300000, "calculatedOtherIncome": -170900000, "calculatedIncomeNonControlling": 0, "calculatedEbitda": 127000000}, {"date": "1990-12-31", "symbol": "FULTP", "reportedCurrency": "USD", "cik": "0000700564", "fillingDate": "1990-12-31", "acceptedDate": "1990-12-30 19:00:00", "calendarYear": "1990", "period": "FY", "revenue": 94300000, "costOfRevenue": 0, "grossProfit": 94300000, "grossProfitRatio": 1, "researchAndDevelopmentExpenses": 0, "generalAndAdministrativeExpenses": 31700000, "sellingAndMarketingExpenses": 0, "sellingGeneralAndAdministrativeExpenses": 31700000, "otherExpenses": -1900000, "operatingExpenses": 29800000, "costAndExpenses": 29800000, "interestIncome": 170900000, "interestExpense": 93600000, "depreciationAndAmortization": 3100000, "ebitda": 127200000, "ebitdaratio": 1.3488865323, "operatingIncome": 124100000, "operatingIncomeRatio": 1.3160127253, "totalOtherIncomeExpensesNet": -93600000, "incomeBeforeTax": 30500000, "incomeBeforeTaxRatio": 0.3234358431, "incomeTaxExpense": 5600000, "netIncome": 24900000, "netIncomeRatio": 0.2640509014, "eps": 0.36, "epsdiluted": 0.36, "weightedAverageShsOut": 68322692, "weightedAverageShsOutDil": 68322692, "link": "", "finalLink": "", "calculatedOtherExpenses": -61500000, "calculatedOperatingExpenses": -29800000, "calculatedNetInterest": 77300000, "calculatedOtherIncome": -170900000, "calculatedIncomeNonControlling": 0, "calculatedEbitda": 127200000}, {"date": "1989-12-31", "symbol": "FULTP", "reportedCurrency": "USD", "cik": "0000700564", "fillingDate": "1989-12-31", "acceptedDate": "1989-12-30 19:00:00", "calendarYear": "1989", "period": "FY", "revenue": 67700000, "costOfRevenue": 0, "grossProfit": 67700000, "grossProfitRatio": 1, "researchAndDevelopmentExpenses": 0, "generalAndAdministrativeExpenses": 21800000, "sellingAndMarketingExpenses": 0, "sellingGeneralAndAdministrativeExpenses": 21800000, "otherExpenses": 6400000, "operatingExpenses": 28200000, "costAndExpenses": 28200000, "interestIncome": 127800000, "interestExpense": 73200000, "depreciationAndAmortization": -1100000, "ebitda": 94800000, "ebitdaratio": 1.400295421, "operatingIncome": 95900000, "operatingIncomeRatio": 1.4165435746, "totalOtherIncomeExpensesNet": -73200000, "incomeBeforeTax": 22700000, "incomeBeforeTaxRatio": 0.3353028065, "incomeTaxExpense": 3300000, "netIncome": 19400000, "netIncomeRatio": 0.2865583456, "eps": 0.39, "epsdiluted": 0.38, "weightedAverageShsOut": 50189504, "weightedAverageShsOutDil": 50916898, "link": "", "finalLink": "", "calculatedOtherExpenses": -50000000, "calculatedOperatingExpenses": -28200000, "calculatedNetInterest": 54600000, "calculatedOtherIncome": -127800000, "calculatedIncomeNonControlling": 0, "calculatedEbitda": 94800000}, {"date": "1988-12-31", "symbol": "FULTP", "reportedCurrency": "USD", "cik": "0000700564", "fillingDate": "1988-12-31", "acceptedDate": "1988-12-30 19:00:00", "calendarYear": "1988", "period": "FY", "revenue": 0, "costOfRevenue": 0, "grossProfit": 0, "grossProfitRatio": 0, "researchAndDevelopmentExpenses": 0, "generalAndAdministrativeExpenses": 0, "sellingAndMarketingExpenses": 0, "sellingGeneralAndAdministrativeExpenses": 0, "otherExpenses": 17800000, "operatingExpenses": 17800000, "costAndExpenses": 17800000, "interestIncome": 0, "interestExpense": 0, "depreciationAndAmortization": 0, "ebitda": 17800000, "ebitdaratio": 0, "operatingIncome": 17800000, "operatingIncomeRatio": 0, "totalOtherIncomeExpensesNet": 0, "incomeBeforeTax": 0, "incomeBeforeTaxRatio": 0, "incomeTaxExpense": -17800000, "netIncome": 17800000, "netIncomeRatio": 0, "eps": 0.36, "epsdiluted": 0.36, "weightedAverageShsOut": 48841121, "weightedAverageShsOutDil": 48841121, "link": "", "finalLink": "", "calculatedOtherExpenses": -17800000, "calculatedOperatingExpenses": -17800000, "calculatedNetInterest": 0, "calculatedOtherIncome": -17800000, "calculatedIncomeNonControlling": 0, "calculatedEbitda": 17800000}, {"date": "1987-12-31", "symbol": "FULTP", "reportedCurrency": "USD", "cik": "0000700564", "fillingDate": "1987-12-31", "acceptedDate": "1987-12-30 19:00:00", "calendarYear": "1987", "period": "FY", "revenue": 0, "costOfRevenue": 0, "grossProfit": 0, "grossProfitRatio": 0, "researchAndDevelopmentExpenses": 0, "generalAndAdministrativeExpenses": 0, "sellingAndMarketingExpenses": 0, "sellingGeneralAndAdministrativeExpenses": 0, "otherExpenses": 15100000, "operatingExpenses": 15100000, "costAndExpenses": 15100000, "interestIncome": 0, "interestExpense": 0, "depreciationAndAmortization": 0, "ebitda": 15100000, "ebitdaratio": 0, "operatingIncome": 15100000, "operatingIncomeRatio": 0, "totalOtherIncomeExpensesNet": 0, "incomeBeforeTax": 0, "incomeBeforeTaxRatio": 0, "incomeTaxExpense": -15100000, "netIncome": 15100000, "netIncomeRatio": 0, "eps": 0.35, "epsdiluted": 0.35, "weightedAverageShsOut": 42727424, "weightedAverageShsOutDil": 43405523, "link": "", "finalLink": "", "calculatedOtherExpenses": -15100000, "calculatedOperatingExpenses": -15100000, "calculatedNetInterest": 0, "calculatedOtherIncome": -15100000, "calculatedIncomeNonControlling": 0, "calculatedEbitda": 15100000}, {"date": "1986-12-31", "symbol": "FULTP", "reportedCurrency": "USD", "cik": "0000700564", "fillingDate": "1986-12-31", "acceptedDate": "1986-12-30 19:00:00", "calendarYear": "1986", "period": "FY", "revenue": 0, "costOfRevenue": 0, "grossProfit": 0, "grossProfitRatio": 0, "researchAndDevelopmentExpenses": 0, "generalAndAdministrativeExpenses": 0, "sellingAndMarketingExpenses": 0, "sellingGeneralAndAdministrativeExpenses": 0, "otherExpenses": 13400000, "operatingExpenses": 13400000, "costAndExpenses": 13400000, "interestIncome": 0, "interestExpense": 0, "depreciationAndAmortization": 0, "ebitda": 13400000, "ebitdaratio": 0, "operatingIncome": 13400000, "operatingIncomeRatio": 0, "totalOtherIncomeExpensesNet": 0, "incomeBeforeTax": 0, "incomeBeforeTaxRatio": 0, "incomeTaxExpense": -13400000, "netIncome": 13400000, "netIncomeRatio": 0, "eps": 0.31, "epsdiluted": 0.31, "weightedAverageShsOut": 42573471, "weightedAverageShsOutDil": 42573471, "link": "", "finalLink": "", "calculatedOtherExpenses": -13400000, "calculatedOperatingExpenses": -13400000, "calculatedNetInterest": 0, "calculatedOtherIncome": -13400000, "calculatedIncomeNonControlling": 0, "calculatedEbitda": 13400000}, {"date": "1985-12-31", "symbol": "FULTP", "reportedCurrency": "USD", "cik": "0000700564", "fillingDate": "1985-12-31", "acceptedDate": "1985-12-30 19:00:00", "calendarYear": "1985", "period": "FY", "revenue": 0, "costOfRevenue": 0, "grossProfit": 0, "grossProfitRatio": 0, "researchAndDevelopmentExpenses": 0, "generalAndAdministrativeExpenses": 0, "sellingAndMarketingExpenses": 0, "sellingGeneralAndAdministrativeExpenses": 0, "otherExpenses": 9800000, "operatingExpenses": 9800000, "costAndExpenses": 9800000, "interestIncome": 0, "interestExpense": 0, "depreciationAndAmortization": 0, "ebitda": 9800000, "ebitdaratio": 0, "operatingIncome": 9800000, "operatingIncomeRatio": 0, "totalOtherIncomeExpensesNet": 0, "incomeBeforeTax": 0, "incomeBeforeTaxRatio": 0, "incomeTaxExpense": -9800000, "netIncome": 9800000, "netIncomeRatio": 0, "eps": 0.28, "epsdiluted": 0.28, "weightedAverageShsOut": 35494772, "weightedAverageShsOutDil": 35494772, "link": "", "finalLink": "", "calculatedOtherExpenses": -9800000, "calculatedOperatingExpenses": -9800000, "calculatedNetInterest": 0, "calculatedOtherIncome": -9800000, "calculatedIncomeNonControlling": 0, "calculatedEbitda": 9800000}]}