{"originalCurrency": "USD", "convertedCurrency": "USD", "report": [{"date": "2023-12-31", "symbol": "FUN", "reportedCurrency": "USD", "cik": "0000811532", "fillingDate": "2024-02-16", "acceptedDate": "2024-02-16 13:36:10", "calendarYear": "2023", "period": "FY", "revenue": 1798668000, "costOfRevenue": 1177979000, "grossProfit": 620689000, "grossProfitRatio": 0.3450825833, "researchAndDevelopmentExpenses": 0, "generalAndAdministrativeExpenses": 0, "sellingAndMarketingExpenses": 0, "sellingGeneralAndAdministrativeExpenses": 274171000, "otherExpenses": 2683000, "operatingExpenses": 274171000, "costAndExpenses": 1452150000, "interestIncome": 0, "interestExpense": 141770000, "depreciationAndAmortization": 157995000, "ebitda": 504513000, "ebitdaratio": 0.2804925645, "operatingIncome": 346518000, "operatingIncomeRatio": 0.1926525629, "totalOtherIncomeExpensesNet": -173916000, "incomeBeforeTax": 172602000, "incomeBeforeTaxRatio": 0.0959610111, "incomeTaxExpense": 48043000, "netIncome": 124559000, "netIncomeRatio": 0.06925069, "eps": 2.45, "epsdiluted": 2.42, "weightedAverageShsOut": 50938000, "weightedAverageShsOutDil": 51508000, "link": "https://www.sec.gov/Archives/edgar/data/811532/000081153224000035/0000811532-24-000035-index.htm", "finalLink": "https://www.sec.gov/Archives/edgar/data/811532/000081153224000035/fun-20231231.htm", "calculatedOtherExpenses": 0, "calculatedOperatingExpenses": 274171000, "calculatedNetInterest": -141770000, "calculatedOtherIncome": -32146000, "calculatedIncomeNonControlling": 0, "calculatedEbitda": 504513000}, {"date": "2022-12-31", "symbol": "FUN", "reportedCurrency": "USD", "cik": "0000811532", "fillingDate": "2023-02-17", "acceptedDate": "2023-02-17 13:34:00", "calendarYear": "2022", "period": "FY", "revenue": 1817383000, "costOfRevenue": 164246000, "grossProfit": 1653137000, "grossProfitRatio": 0.9096249937, "researchAndDevelopmentExpenses": 0, "generalAndAdministrativeExpenses": 0, "sellingAndMarketingExpenses": 0, "sellingGeneralAndAdministrativeExpenses": 260592000, "otherExpenses": 1017578000, "operatingExpenses": 1278170000, "costAndExpenses": 1442416000, "interestIncome": 126299000, "interestExpense": 151940000, "depreciationAndAmortization": 153274000, "ebitda": 531849000, "ebitdaratio": 0.2926455238, "operatingIncome": 378575000, "operatingIncomeRatio": 0.20830777, "totalOtherIncomeExpensesNet": -6918000, "incomeBeforeTax": 371657000, "incomeBeforeTaxRatio": 0.2045011976, "incomeTaxExpense": 63989000, "netIncome": 307668000, "netIncomeRatio": 0.1692917783, "eps": 5.51, "epsdiluted": 5.45, "weightedAverageShsOut": 55825000, "weightedAverageShsOutDil": 56414000, "link": "https://www.sec.gov/Archives/edgar/data/811532/000081153223000047/0000811532-23-000047-index.htm", "finalLink": "https://www.sec.gov/Archives/edgar/data/811532/000081153223000047/fun-20221231.htm", "calculatedOtherExpenses": 1013970000, "calculatedOperatingExpenses": 1274562000, "calculatedNetInterest": -25641000, "calculatedOtherIncome": 18723000, "calculatedIncomeNonControlling": 0, "calculatedEbitda": 531849000}, {"date": "2021-12-31", "symbol": "FUN", "reportedCurrency": "USD", "cik": "0000811532", "fillingDate": "2022-02-18", "acceptedDate": "2022-02-18 16:02:27", "calendarYear": "2021", "period": "FY", "revenue": 1338219000, "costOfRevenue": 112466000, "grossProfit": 1225753000, "grossProfitRatio": 0.9159584493, "researchAndDevelopmentExpenses": 0, "generalAndAdministrativeExpenses": 0, "sellingAndMarketingExpenses": 0, "sellingGeneralAndAdministrativeExpenses": 219758000, "otherExpenses": 847045000, "operatingExpenses": 1066803000, "costAndExpenses": 1179269000, "interestIncome": 165032000, "interestExpense": 184032000, "depreciationAndAmortization": 159718000, "ebitda": 308053000, "ebitdaratio": 0.2301962534, "operatingIncome": 148335000, "operatingIncomeRatio": 0.1108450859, "totalOtherIncomeExpensesNet": -176818000, "incomeBeforeTax": -28483000, "incomeBeforeTaxRatio": -0.0212842592, "incomeTaxExpense": 20035000, "netIncome": -48518000, "netIncomeRatio": -0.0362556502, "eps": -0.86, "epsdiluted": -0.86, "weightedAverageShsOut": 56610000, "weightedAverageShsOutDil": 56610000, "link": "https://www.sec.gov/Archives/edgar/data/811532/000081153222000029/0000811532-22-000029-index.htm", "finalLink": "https://www.sec.gov/Archives/edgar/data/811532/000081153222000029/fun-20211231.htm", "calculatedOtherExpenses": 857660000, "calculatedOperatingExpenses": 1077418000, "calculatedNetInterest": -19000000, "calculatedOtherIncome": -157818000, "calculatedIncomeNonControlling": 0, "calculatedEbitda": 308053000}, {"date": "2020-12-31", "symbol": "FUN", "reportedCurrency": "USD", "cik": "0000811532", "fillingDate": "2021-02-19", "acceptedDate": "2021-02-19 15:28:25", "calendarYear": "2020", "period": "FY", "revenue": 181555000, "costOfRevenue": 27991000, "grossProfit": 153564000, "grossProfitRatio": 0.8458263336, "researchAndDevelopmentExpenses": 0, "generalAndAdministrativeExpenses": 0, "sellingAndMarketingExpenses": 0, "sellingGeneralAndAdministrativeExpenses": 108118000, "otherExpenses": 505331000, "operatingExpenses": 613449000, "costAndExpenses": 641440000, "interestIncome": 166518000, "interestExpense": 150669000, "depreciationAndAmortization": 157996000, "ebitda": -301889000, "ebitdaratio": -1.6627963978, "operatingIncome": -459885000, "operatingIncomeRatio": -2.5330340668, "totalOtherIncomeExpensesNet": -268273000, "incomeBeforeTax": -728158000, "incomeBeforeTaxRatio": -4.0106744513, "incomeTaxExpense": -137915000, "netIncome": -590243000, "netIncomeRatio": -3.2510423839, "eps": -10.45, "epsdiluted": -10.45, "weightedAverageShsOut": 56476000, "weightedAverageShsOutDil": 56476000, "link": "https://www.sec.gov/Archives/edgar/data/811532/000081153221000033/0000811532-21-000033-index.htm", "finalLink": "https://www.sec.gov/Archives/edgar/data/811532/000081153221000033/fun-20201231.htm", "calculatedOtherExpenses": 505331000, "calculatedOperatingExpenses": 613449000, "calculatedNetInterest": 15849000, "calculatedOtherIncome": -284122000, "calculatedIncomeNonControlling": 0, "calculatedEbitda": -301889000}, {"date": "2019-12-31", "symbol": "FUN", "reportedCurrency": "USD", "cik": "0000811532", "fillingDate": "2020-02-21", "acceptedDate": "2020-02-21 16:08:31", "calendarYear": "2019", "period": "FY", "revenue": 1474925000, "costOfRevenue": 126264000, "grossProfit": 1348661000, "grossProfitRatio": 0.9143929352, "researchAndDevelopmentExpenses": 0, "generalAndAdministrativeExpenses": 0, "sellingAndMarketingExpenses": 0, "sellingGeneralAndAdministrativeExpenses": 222252000, "otherExpenses": 812656000, "operatingExpenses": 1034908000, "costAndExpenses": 1161172000, "interestIncome": 116896000, "interestExpense": 100364000, "depreciationAndAmortization": 176274000, "ebitda": 485713000, "ebitdaratio": 0.3293136939, "operatingIncome": 309439000, "operatingIncomeRatio": 0.2097998203, "totalOtherIncomeExpensesNet": -94285000, "incomeBeforeTax": 215154000, "incomeBeforeTaxRatio": 0.145874536, "incomeTaxExpense": 42789000, "netIncome": 172365000, "netIncomeRatio": 0.1168635693, "eps": 3.06, "epsdiluted": 3.03, "weightedAverageShsOut": 56349000, "weightedAverageShsOutDil": 56921000, "link": "https://www.sec.gov/Archives/edgar/data/811532/000081153220000029/0000811532-20-000029-index.htm", "finalLink": "https://www.sec.gov/Archives/edgar/data/811532/000081153220000029/cedarfair-10kx2019.htm", "calculatedOtherExpenses": 816970000, "calculatedOperatingExpenses": 1039222000, "calculatedNetInterest": 16532000, "calculatedOtherIncome": -110817000, "calculatedIncomeNonControlling": 0, "calculatedEbitda": 485713000}, {"date": "2018-12-31", "symbol": "FUN", "reportedCurrency": "USD", "cik": "0000811532", "fillingDate": "2019-02-22", "acceptedDate": "2019-02-22 13:51:56", "calendarYear": "2018", "period": "FY", "revenue": 1348530000, "costOfRevenue": 114733000, "grossProfit": 1233797000, "grossProfitRatio": 0.9149199499, "researchAndDevelopmentExpenses": 0, "generalAndAdministrativeExpenses": 0, "sellingAndMarketingExpenses": 0, "sellingGeneralAndAdministrativeExpenses": 193333000, "otherExpenses": 1333000, "operatingExpenses": 933212000, "costAndExpenses": 1047945000, "interestIncome": 0, "interestExpense": 85687000, "depreciationAndAmortization": 155529000, "ebitda": 457447000, "ebitdaratio": 0.3392190014, "operatingIncome": 290519000, "operatingIncomeRatio": 0.2154338428, "totalOtherIncomeExpensesNet": -53502000, "incomeBeforeTax": 161396000, "incomeBeforeTaxRatio": 0.119682914, "incomeTaxExpense": 34743000, "netIncome": 126653000, "netIncomeRatio": 0.0939193047, "eps": 2.25, "epsdiluted": 2.23, "weightedAverageShsOut": 56212000, "weightedAverageShsOutDil": 56860000, "link": "https://www.sec.gov/Archives/edgar/data/811532/000081153219000037/0000811532-19-000037-index.htm", "finalLink": "https://www.sec.gov/Archives/edgar/data/811532/000081153219000037/cedarfair-10kx2018.htm", "calculatedOtherExpenses": 749945000, "calculatedOperatingExpenses": 943278000, "calculatedNetInterest": -85687000, "calculatedOtherIncome": -43436000, "calculatedIncomeNonControlling": 0, "calculatedEbitda": 446048000}, {"date": "2017-12-31", "symbol": "FUN", "reportedCurrency": "USD", "cik": "0000811532", "fillingDate": "2018-02-23", "acceptedDate": "2018-02-23 10:34:14", "calendarYear": "2017", "period": "FY", "revenue": 1321967000, "costOfRevenue": 110811000, "grossProfit": 1211156000, "grossProfitRatio": 0.9161771814, "researchAndDevelopmentExpenses": 0, "generalAndAdministrativeExpenses": 0, "sellingAndMarketingExpenses": 0, "sellingGeneralAndAdministrativeExpenses": 193770000, "otherExpenses": 970000, "operatingExpenses": 905094000, "costAndExpenses": 1015905000, "interestIncome": 0, "interestExpense": 85603000, "depreciationAndAmortization": 153222000, "ebitda": 460254000, "ebitdaratio": 0.3481584639, "operatingIncome": 295211000, "operatingIncomeRatio": 0.2233119284, "totalOtherIncomeExpensesNet": -3871000, "incomeBeforeTax": 216588000, "incomeBeforeTaxRatio": 0.1638376752, "incomeTaxExpense": 1112000, "netIncome": 215476000, "netIncomeRatio": 0.1629965045, "eps": 3.84, "epsdiluted": 3.79, "weightedAverageShsOut": 56061000, "weightedAverageShsOutDil": 56800000, "link": "https://www.sec.gov/Archives/edgar/data/811532/000081153218000040/0000811532-18-000040-index.htm", "finalLink": "https://www.sec.gov/Archives/edgar/data/811532/000081153218000040/cedarfair-10kx2017.htm", "calculatedOtherExpenses": 722175000, "calculatedOperatingExpenses": 915945000, "calculatedNetInterest": -85603000, "calculatedOtherIncome": 6980000, "calculatedIncomeNonControlling": 0, "calculatedEbitda": 448433000}, {"date": "2016-12-31", "symbol": "FUN", "reportedCurrency": "USD", "cik": "0000811532", "fillingDate": "2017-02-24", "acceptedDate": "2017-02-24 16:43:39", "calendarYear": "2016", "period": "FY", "revenue": 1288721000, "costOfRevenue": 106608000, "grossProfit": 1182113000, "grossProfitRatio": 0.9172761211, "researchAndDevelopmentExpenses": 0, "generalAndAdministrativeExpenses": 0, "sellingAndMarketingExpenses": 0, "sellingGeneralAndAdministrativeExpenses": 181830000, "otherExpenses": 670757000, "operatingExpenses": 852587000, "costAndExpenses": 959195000, "interestIncome": 177000, "interestExpense": 83863000, "depreciationAndAmortization": 131876000, "ebitda": 461579000, "ebitdaratio": 0.3581682924, "operatingIncome": 316939000, "operatingIncomeRatio": 0.2459329832, "totalOtherIncomeExpensesNet": 3266000, "incomeBeforeTax": 249106000, "incomeBeforeTaxRatio": 0.1932970752, "incomeTaxExpense": 71418000, "netIncome": 177688000, "netIncomeRatio": 0.1378793393, "eps": 3.18, "epsdiluted": 3.14, "weightedAverageShsOut": 55933000, "weightedAverageShsOutDil": 56562000, "link": "https://www.sec.gov/Archives/edgar/data/811532/000081153217000062/0000811532-17-000062-index.htm", "finalLink": "https://www.sec.gov/Archives/edgar/data/811532/000081153217000062/cedarfair-10kx2016.htm", "calculatedOtherExpenses": 683344000, "calculatedOperatingExpenses": 865174000, "calculatedNetInterest": -83686000, "calculatedOtherIncome": 15853000, "calculatedIncomeNonControlling": 0, "calculatedEbitda": 448815000}, {"date": "2015-12-31", "symbol": "FUN", "reportedCurrency": "USD", "cik": "0000811532", "fillingDate": "2016-02-26", "acceptedDate": "2016-02-26 13:54:35", "calendarYear": "2015", "period": "FY", "revenue": 1235778000, "costOfRevenue": 104827000, "grossProfit": 1130951000, "grossProfitRatio": 0.9151732755, "researchAndDevelopmentExpenses": 0, "generalAndAdministrativeExpenses": 0, "sellingAndMarketingExpenses": 0, "sellingGeneralAndAdministrativeExpenses": 171490000, "otherExpenses": 643257000, "operatingExpenses": 814747000, "costAndExpenses": 919574000, "interestIncome": 64000, "interestExpense": 86849000, "depreciationAndAmortization": 125631000, "ebitda": 441899000, "ebitdaratio": 0.3575876897, "operatingIncome": 295331000, "operatingIncomeRatio": 0.2389838628, "totalOtherIncomeExpensesNet": -95005000, "incomeBeforeTax": 134414000, "incomeBeforeTaxRatio": 0.1087687271, "incomeTaxExpense": 22192000, "netIncome": 112222000, "netIncomeRatio": 0.0908108091, "eps": 2.01, "epsdiluted": 1.99, "weightedAverageShsOut": 55745000, "weightedAverageShsOutDil": 56356000, "link": "https://www.sec.gov/Archives/edgar/data/811532/000081153216000223/0000811532-16-000223-index.htm", "finalLink": "https://www.sec.gov/Archives/edgar/data/811532/000081153216000223/cedarfair-10kx2015.htm", "calculatedOtherExpenses": 664130000, "calculatedOperatingExpenses": 835620000, "calculatedNetInterest": -86785000, "calculatedOtherIncome": -74132000, "calculatedIncomeNonControlling": 0, "calculatedEbitda": 420962000}, {"date": "2014-12-31", "symbol": "FUN", "reportedCurrency": "USD", "cik": "0000811532", "fillingDate": "2015-02-26", "acceptedDate": "2015-02-26 15:30:44", "calendarYear": "2014", "period": "FY", "revenue": 1159605000, "costOfRevenue": 95208000, "grossProfit": 1064397000, "grossProfitRatio": 0.9178961802, "researchAndDevelopmentExpenses": 0, "generalAndAdministrativeExpenses": 98464000, "sellingAndMarketingExpenses": 58400000, "sellingGeneralAndAdministrativeExpenses": 156864000, "otherExpenses": 126000, "operatingExpenses": 777229000, "costAndExpenses": 872437000, "interestIncome": 0, "interestExpense": 96286000, "depreciationAndAmortization": 124286000, "ebitda": 411580000, "ebitdaratio": 0.354931205, "operatingIncome": 278332000, "operatingIncomeRatio": 0.2400231113, "totalOtherIncomeExpensesNet": -76782000, "incomeBeforeTax": 114100000, "incomeBeforeTaxRatio": 0.0983955744, "incomeTaxExpense": 9885000, "netIncome": 104215000, "netIncomeRatio": 0.0898711199, "eps": 1.88, "epsdiluted": 1.86, "weightedAverageShsOut": 55548000, "weightedAverageShsOutDil": 55992000, "link": "https://www.sec.gov/Archives/edgar/data/811532/000081153215000057/0000811532-15-000057-index.htm", "finalLink": "https://www.sec.gov/Archives/edgar/data/811532/000081153215000057/cedarfair-10kx2014.htm", "calculatedOtherExpenses": 629201000, "calculatedOperatingExpenses": 786065000, "calculatedNetInterest": -96286000, "calculatedOtherIncome": -67946000, "calculatedIncomeNonControlling": 0, "calculatedEbitda": 402618000}, {"date": "2013-12-31", "symbol": "FUN", "reportedCurrency": "USD", "cik": "0000811532", "fillingDate": "2014-02-26", "acceptedDate": "2014-02-26 17:08:30", "calendarYear": "2013", "period": "FY", "revenue": 1134572000, "costOfRevenue": 91772000, "grossProfit": 1042800000, "grossProfitRatio": 0.9191131105, "researchAndDevelopmentExpenses": 0, "generalAndAdministrativeExpenses": 94612000, "sellingAndMarketingExpenses": 57800000, "sellingGeneralAndAdministrativeExpenses": 152412000, "otherExpenses": 154000, "operatingExpenses": 747243000, "costAndExpenses": 839015000, "interestIncome": 0, "interestExpense": 103071000, "depreciationAndAmortization": 122487000, "ebitda": 418198000, "ebitdaratio": 0.3685953822, "operatingIncome": 301761000, "operatingIncomeRatio": 0.2659690174, "totalOtherIncomeExpensesNet": -64039000, "incomeBeforeTax": 128447000, "incomeBeforeTaxRatio": 0.1132118543, "incomeTaxExpense": 20243000, "netIncome": 108204000, "netIncomeRatio": 0.095369884, "eps": 1.95, "epsdiluted": 1.94, "weightedAverageShsOut": 55476000, "weightedAverageShsOutDil": 55825000, "link": "https://www.sec.gov/Archives/edgar/data/811532/000081153214000042/0000811532-14-000042-index.htm", "finalLink": "https://www.sec.gov/Archives/edgar/data/811532/000081153214000042/cedarfair-10kx2013.htm", "calculatedOtherExpenses": 588627000, "calculatedOperatingExpenses": 741039000, "calculatedNetInterest": -103071000, "calculatedOtherIncome": -70243000, "calculatedIncomeNonControlling": 0, "calculatedEbitda": 424248000}, {"date": "2012-12-31", "symbol": "FUN", "reportedCurrency": "USD", "cik": "0000811532", "fillingDate": "2013-02-25", "acceptedDate": "2013-02-25 14:42:30", "calendarYear": "2012", "period": "FY", "revenue": 1068454000, "costOfRevenue": 95048000, "grossProfit": 973406000, "grossProfitRatio": 0.911041561, "researchAndDevelopmentExpenses": 0, "generalAndAdministrativeExpenses": 82911000, "sellingAndMarketingExpenses": 55400000, "sellingGeneralAndAdministrativeExpenses": 138311000, "otherExpenses": 68000, "operatingExpenses": 717053000, "costAndExpenses": 812101000, "interestIncome": 0, "interestExpense": 110619000, "depreciationAndAmortization": 127339000, "ebitda": 383760000, "ebitdaratio": 0.3591731605, "operatingIncome": 232642000, "operatingIncomeRatio": 0.2177370294, "totalOtherIncomeExpensesNet": -13153000, "incomeBeforeTax": 132581000, "incomeBeforeTaxRatio": 0.1240867646, "incomeTaxExpense": 31365000, "netIncome": 101216000, "netIncomeRatio": 0.0947312659, "eps": 1.82, "epsdiluted": 1.81, "weightedAverageShsOut": 55518000, "weightedAverageShsOutDil": 55895000, "link": "https://www.sec.gov/Archives/edgar/data/811532/000081153213000018/0000811532-13-000018-index.htm", "finalLink": "https://www.sec.gov/Archives/edgar/data/811532/000081153213000018/cedarfair-10kx2012.htm", "calculatedOtherExpenses": 602453000, "calculatedOperatingExpenses": 740764000, "calculatedNetInterest": -110619000, "calculatedOtherIncome": 10558000, "calculatedIncomeNonControlling": 0, "calculatedEbitda": 359981000}, {"date": "2011-12-31", "symbol": "FUN", "reportedCurrency": "USD", "cik": "0000811532", "fillingDate": "2012-02-29", "acceptedDate": "2012-02-29 16:20:28", "calendarYear": "2011", "period": "FY", "revenue": 1028472000, "costOfRevenue": 522908000, "grossProfit": 505564000, "grossProfitRatio": 0.4915680738, "researchAndDevelopmentExpenses": 0, "generalAndAdministrativeExpenses": 0, "sellingAndMarketingExpenses": 0, "sellingGeneralAndAdministrativeExpenses": 140426000, "otherExpenses": 123805000, "operatingExpenses": 264231000, "costAndExpenses": 787139000, "interestIncome": 0, "interestExpense": 157185000, "depreciationAndAmortization": 123805000, "ebitda": 365138000, "ebitdaratio": 0.3550295973, "operatingIncome": 238768000, "operatingIncomeRatio": 0.2321579975, "totalOtherIncomeExpensesNet": -153000, "incomeBeforeTax": 83995000, "incomeBeforeTaxRatio": 0.0816697003, "incomeTaxExpense": 11837000, "netIncome": 144316000, "netIncomeRatio": 0.1403207866, "eps": 1.18, "epsdiluted": 1.17, "weightedAverageShsOut": 55345000, "weightedAverageShsOutDil": 55886000, "link": "https://www.sec.gov/Archives/edgar/data/811532/000081153212000037/0000811532-12-000037-index.htm", "finalLink": "https://www.sec.gov/Archives/edgar/data/811532/000081153212000037/cedarfair-10kx2011.htm", "calculatedOtherExpenses": 126370000, "calculatedOperatingExpenses": 266796000, "calculatedNetInterest": -157185000, "calculatedOtherIncome": 2412000, "calculatedIncomeNonControlling": -72158000, "calculatedEbitda": 362573000}, {"date": "2010-12-31", "symbol": "FUN", "reportedCurrency": "USD", "cik": "0000811532", "fillingDate": "2011-03-01", "acceptedDate": "2011-03-01 16:42:03", "calendarYear": "2010", "period": "FY", "revenue": 977592000, "costOfRevenue": 498021000, "grossProfit": 479571000, "grossProfitRatio": 0.490563548, "researchAndDevelopmentExpenses": 0, "generalAndAdministrativeExpenses": 0, "sellingAndMarketingExpenses": 0, "sellingGeneralAndAdministrativeExpenses": 134001000, "otherExpenses": 126796000, "operatingExpenses": 260797000, "costAndExpenses": 758818000, "interestIncome": 0, "interestExpense": 150285000, "depreciationAndAmortization": 126796000, "ebitda": 345570000, "ebitdaratio": 0.3534910269, "operatingIncome": 153729000, "operatingIncomeRatio": 0.1572527189, "totalOtherIncomeExpensesNet": -96811000, "incomeBeforeTax": -28322000, "incomeBeforeTaxRatio": -0.0289711863, "incomeTaxExpense": 3245000, "netIncome": -31567000, "netIncomeRatio": -0.032290567, "eps": -0.57, "epsdiluted": -0.57, "weightedAverageShsOut": 55316000, "weightedAverageShsOutDil": 55316000, "link": "https://www.sec.gov/Archives/edgar/data/811532/000081153211000019/0000811532-11-000019-index.htm", "finalLink": "https://www.sec.gov/Archives/edgar/data/811532/000081153211000019/cedarfair10k2010.htm", "calculatedOtherExpenses": 191841000, "calculatedOperatingExpenses": 325842000, "calculatedNetInterest": -150285000, "calculatedOtherIncome": -31766000, "calculatedIncomeNonControlling": 0, "calculatedEbitda": 280525000}, {"date": "2009-12-31", "symbol": "FUN", "reportedCurrency": "USD", "cik": "0000811532", "fillingDate": "2010-02-26", "acceptedDate": "2010-02-26 17:24:28", "calendarYear": "2009", "period": "FY", "revenue": 916075000, "costOfRevenue": 487668000, "grossProfit": 428407000, "grossProfitRatio": 0.4676549409, "researchAndDevelopmentExpenses": 0, "generalAndAdministrativeExpenses": 0, "sellingAndMarketingExpenses": 0, "sellingGeneralAndAdministrativeExpenses": 128473000, "otherExpenses": 109647000, "operatingExpenses": 238120000, "costAndExpenses": 725788000, "interestIncome": 0, "interestExpense": 124706000, "depreciationAndAmortization": 132745000, "ebitda": 323032000, "ebitdaratio": 0.3526261496, "operatingIncome": 185543000, "operatingIncomeRatio": 0.2025412766, "totalOtherIncomeExpensesNet": -15174000, "incomeBeforeTax": 50407000, "incomeBeforeTaxRatio": 0.0550249707, "incomeTaxExpense": 14978000, "netIncome": 35429000, "netIncomeRatio": 0.038674781, "eps": 0.64, "epsdiluted": 0.63, "weightedAverageShsOut": 55186000, "weightedAverageShsOutDil": 55906000, "link": "https://www.sec.gov/Archives/edgar/data/811532/000119312510043175/0001193125-10-043175-index.htm", "finalLink": "https://www.sec.gov/Archives/edgar/data/811532/000119312510043175/d10k.htm", "calculatedOtherExpenses": 114391000, "calculatedOperatingExpenses": 242864000, "calculatedNetInterest": -124706000, "calculatedOtherIncome": -10430000, "calculatedIncomeNonControlling": 0, "calculatedEbitda": 318288000}, {"date": "2008-12-31", "symbol": "FUN", "reportedCurrency": "USD", "cik": "0000811532", "fillingDate": "2009-03-02", "acceptedDate": "2009-03-02 16:10:45", "calendarYear": "2008", "period": "FY", "revenue": 996232000, "costOfRevenue": 90626000, "grossProfit": 905606000, "grossProfitRatio": 0.9090312297, "researchAndDevelopmentExpenses": 0, "generalAndAdministrativeExpenses": 0, "sellingAndMarketingExpenses": 0, "sellingGeneralAndAdministrativeExpenses": 131882000, "otherExpenses": 409000, "operatingExpenses": 676270000, "costAndExpenses": 766896000, "interestIncome": 0, "interestExpense": 129561000, "depreciationAndAmortization": 125838000, "ebitda": 355583000, "ebitdaratio": 0.3569279043, "operatingIncome": 133923000, "operatingIncomeRatio": 0.1344295305, "totalOtherIncomeExpensesNet": -95004000, "incomeBeforeTax": 4771000, "incomeBeforeTaxRatio": 0.0047890451, "incomeTaxExpense": -935000, "netIncome": 5706000, "netIncomeRatio": 0.0057275815, "eps": 0.1, "epsdiluted": 0.1, "weightedAverageShsOut": 54811000, "weightedAverageShsOutDil": 55446000, "link": "https://www.sec.gov/Archives/edgar/data/811532/000119312509042534/0001193125-09-042534-index.htm", "finalLink": "https://www.sec.gov/Archives/edgar/data/811532/000119312509042534/d10k.htm", "calculatedOtherExpenses": 639801000, "calculatedOperatingExpenses": 771683000, "calculatedNetInterest": -129561000, "calculatedOtherIncome": 409000, "calculatedIncomeNonControlling": 0, "calculatedEbitda": 259761000}, {"date": "2007-12-31", "symbol": "FUN", "reportedCurrency": "USD", "cik": "0000811532", "fillingDate": "2008-02-29", "acceptedDate": "2008-02-29 16:34:18", "calendarYear": "2007", "period": "FY", "revenue": 986973000, "costOfRevenue": 511679000, "grossProfit": 475294000, "grossProfitRatio": 0.4815673782, "researchAndDevelopmentExpenses": 0, "generalAndAdministrativeExpenses": 0, "sellingAndMarketingExpenses": 0, "sellingGeneralAndAdministrativeExpenses": 135202000, "otherExpenses": 185521000, "operatingExpenses": 320723000, "costAndExpenses": 832402000, "interestIncome": 0, "interestExpense": 0, "depreciationAndAmortization": 130623000, "ebitda": 339357000, "ebitdaratio": 0.3438361536, "operatingIncome": 154571000, "operatingIncomeRatio": 0.1566111738, "totalOtherIncomeExpensesNet": -54163000, "incomeBeforeTax": 9738000, "incomeBeforeTaxRatio": 0.0098665313, "incomeTaxExpense": 14229000, "netIncome": -4491000, "netIncomeRatio": -0.0045502765, "eps": -0.0829, "epsdiluted": -0.0829, "weightedAverageShsOut": 54200000, "weightedAverageShsOutDil": 54200000, "link": "https://www.sec.gov/Archives/edgar/data/811532/000119312508043745/0001193125-08-043745-index.htm", "finalLink": "https://www.sec.gov/Archives/edgar/data/811532/000119312508043745/d10k.htm", "calculatedOtherExpenses": 185521000, "calculatedOperatingExpenses": 320723000, "calculatedNetInterest": 0, "calculatedOtherIncome": -144833000, "calculatedIncomeNonControlling": 0, "calculatedEbitda": 285194000}, {"date": "2006-12-31", "symbol": "FUN", "reportedCurrency": "USD", "cik": "0000811532", "fillingDate": "2007-03-01", "acceptedDate": "2007-03-01 17:09:05", "calendarYear": "2006", "period": "FY", "revenue": 831389000, "costOfRevenue": 420466000, "grossProfit": 410923000, "grossProfitRatio": 0.4942608093, "researchAndDevelopmentExpenses": 0, "generalAndAdministrativeExpenses": 0, "sellingAndMarketingExpenses": 0, "sellingGeneralAndAdministrativeExpenses": 100724000, "otherExpenses": 90703000, "operatingExpenses": 191427000, "costAndExpenses": 611893000, "interestIncome": 0, "interestExpense": 0, "depreciationAndAmortization": 90703000, "ebitda": 314837000, "ebitdaratio": 0.3786879547, "operatingIncome": 219496000, "operatingIncomeRatio": 0.2640111909, "totalOtherIncomeExpensesNet": -4638000, "incomeBeforeTax": 126564000, "incomeBeforeTaxRatio": 0.1522319877, "incomeTaxExpense": 39087000, "netIncome": 87477000, "netIncomeRatio": 0.1052178944, "eps": 1.62, "epsdiluted": 1.59, "weightedAverageShsOut": 53957000, "weightedAverageShsOutDil": 54872000, "link": "https://www.sec.gov/Archives/edgar/data/811532/000095015207001685/0000950152-07-001685-index.htm", "finalLink": "https://www.sec.gov/Archives/edgar/data/811532/000095015207001685/l24898ae10vk.htm", "calculatedOtherExpenses": 90703000, "calculatedOperatingExpenses": 191427000, "calculatedNetInterest": 0, "calculatedOtherIncome": -92932000, "calculatedIncomeNonControlling": 0, "calculatedEbitda": 310199000}, {"date": "2005-12-31", "symbol": "FUN", "reportedCurrency": "USD", "cik": "0000811532", "fillingDate": "2006-03-14", "acceptedDate": "2006-03-14 09:47:52", "calendarYear": "2005", "period": "FY", "revenue": 568707000, "costOfRevenue": 301249000, "grossProfit": 267458000, "grossProfitRatio": 0.4702913803, "researchAndDevelopmentExpenses": 0, "generalAndAdministrativeExpenses": 0, "sellingAndMarketingExpenses": 0, "sellingGeneralAndAdministrativeExpenses": 74371000, "otherExpenses": 55765000, "operatingExpenses": 130136000, "costAndExpenses": 431385000, "interestIncome": 0, "interestExpense": 0, "depreciationAndAmortization": 55765000, "ebitda": 192628000, "ebitdaratio": 0.3387122015, "operatingIncome": 137322000, "operatingIncomeRatio": 0.2414635304, "totalOtherIncomeExpensesNet": 459000, "incomeBeforeTax": 111576000, "incomeBeforeTaxRatio": 0.1961924154, "incomeTaxExpense": -49276000, "netIncome": 160852000, "netIncomeRatio": 0.2828380871, "eps": 3, "epsdiluted": 2.93, "weightedAverageShsOut": 53659000, "weightedAverageShsOutDil": 54950000, "link": "https://www.sec.gov/Archives/edgar/data/811532/000081153206000034/0000811532-06-000034-index.htm", "finalLink": "https://www.sec.gov/Archives/edgar/data/811532/000081153206000034/filing10-k_2005.htm", "calculatedOtherExpenses": 55765000, "calculatedOperatingExpenses": 130136000, "calculatedNetInterest": 0, "calculatedOtherIncome": -25746000, "calculatedIncomeNonControlling": 0, "calculatedEbitda": 193087000}, {"date": "2004-12-31", "symbol": "FUN", "reportedCurrency": "USD", "cik": "0000811532", "fillingDate": "2005-03-16", "acceptedDate": "2005-03-16 16:38:10", "calendarYear": "2004", "period": "FY", "revenue": 541972000, "costOfRevenue": 298783000, "grossProfit": 243189000, "grossProfitRatio": 0.4487113725, "researchAndDevelopmentExpenses": 0, "generalAndAdministrativeExpenses": 0, "sellingAndMarketingExpenses": 0, "sellingGeneralAndAdministrativeExpenses": 70171000, "otherExpenses": 55188000, "operatingExpenses": 125359000, "costAndExpenses": 424142000, "interestIncome": 0, "interestExpense": 0, "depreciationAndAmortization": 50690000, "ebitda": 168555000, "ebitdaratio": 0.3110031515, "operatingIncome": 117830000, "operatingIncomeRatio": 0.2174097555, "totalOtherIncomeExpensesNet": -35000, "incomeBeforeTax": 97030000, "incomeBeforeTaxRatio": 0.1790313891, "incomeTaxExpense": 18715000, "netIncome": 78315000, "netIncomeRatio": 0.1445000849, "eps": 1.51, "epsdiluted": 1.47, "weightedAverageShsOut": 51968000, "weightedAverageShsOutDil": 53315000, "link": "https://www.sec.gov/Archives/edgar/data/811532/000081153205000026/0000811532-05-000026-index.htm", "finalLink": "https://www.sec.gov/Archives/edgar/data/811532/000081153205000026/r10k_2004-filing.htm", "calculatedOtherExpenses": 55188000, "calculatedOperatingExpenses": 125359000, "calculatedNetInterest": 0, "calculatedOtherIncome": -20800000, "calculatedIncomeNonControlling": 0, "calculatedEbitda": 168520000}, {"date": "2003-12-31", "symbol": "FUN", "reportedCurrency": "USD", "cik": "0000811532", "fillingDate": "2004-03-15", "acceptedDate": "2004-03-15 16:49:49", "calendarYear": "2003", "period": "FY", "revenue": 509976000, "costOfRevenue": 269611000, "grossProfit": 240365000, "grossProfitRatio": 0.4713261016, "researchAndDevelopmentExpenses": 0, "generalAndAdministrativeExpenses": 0, "sellingAndMarketingExpenses": 0, "sellingGeneralAndAdministrativeExpenses": 64658000, "otherExpenses": 50558000, "operatingExpenses": 115216000, "costAndExpenses": 384827000, "interestIncome": 0, "interestExpense": 0, "depreciationAndAmortization": 44693000, "ebitda": 172980000, "ebitdaratio": 0.3391924326, "operatingIncome": 125149000, "operatingIncomeRatio": 0.2454017444, "totalOtherIncomeExpensesNet": -3138000, "incomeBeforeTax": 103806000, "incomeBeforeTaxRatio": 0.2035507553, "incomeTaxExpense": 17918000, "netIncome": 85888000, "netIncomeRatio": 0.1684157686, "eps": 1.7, "epsdiluted": 1.67, "weightedAverageShsOut": 50615000, "weightedAverageShsOutDil": 51334000, "link": "https://www.sec.gov/Archives/edgar/data/811532/000081153204000013/0000811532-04-000013-index.htm", "finalLink": "https://www.sec.gov/Archives/edgar/data/811532/000081153204000013/r10k_2003-filing.htm", "calculatedOtherExpenses": 50558000, "calculatedOperatingExpenses": 115216000, "calculatedNetInterest": 0, "calculatedOtherIncome": -21343000, "calculatedIncomeNonControlling": 0, "calculatedEbitda": 169842000}, {"date": "2002-12-31", "symbol": "FUN", "reportedCurrency": "USD", "cik": "0000811532", "fillingDate": "2003-03-28", "acceptedDate": "2003-03-28 13:52:53", "calendarYear": "2002", "period": "FY", "revenue": 502851000, "costOfRevenue": 269517000, "grossProfit": 233334000, "grossProfitRatio": 0.4640221457, "researchAndDevelopmentExpenses": 0, "generalAndAdministrativeExpenses": 0, "sellingAndMarketingExpenses": 0, "sellingGeneralAndAdministrativeExpenses": 63231000, "otherExpenses": 48911000, "operatingExpenses": 112142000, "costAndExpenses": 381659000, "interestIncome": 0, "interestExpense": 0, "depreciationAndAmortization": 41682000, "ebitda": 177752000, "ebitdaratio": 0.3534884091, "operatingIncome": 121192000, "operatingIncomeRatio": 0.2410097623, "totalOtherIncomeExpensesNet": -14878000, "incomeBeforeTax": 88576000, "incomeBeforeTaxRatio": 0.1761476063, "incomeTaxExpense": 17159000, "netIncome": 71417000, "netIncomeRatio": 0.1420241781, "eps": 1.41, "epsdiluted": 1.39, "weightedAverageShsOut": 50523000, "weightedAverageShsOutDil": 51263000, "link": "https://www.sec.gov/Archives/edgar/data/811532/000081153203000033/0000811532-03-000033-index.htm", "finalLink": "https://www.sec.gov/Archives/edgar/data/811532/000081153203000033/r10k2002doc.htm", "calculatedOtherExpenses": 48911000, "calculatedOperatingExpenses": 112142000, "calculatedNetInterest": 0, "calculatedOtherIncome": -32616000, "calculatedIncomeNonControlling": 0, "calculatedEbitda": 162874000}, {"date": "2001-12-31", "symbol": "FUN", "reportedCurrency": "USD", "cik": "0000811532", "fillingDate": "2002-04-01", "acceptedDate": "2002-04-01 00:00:00", "calendarYear": "2001", "period": "FY", "revenue": 477256000, "costOfRevenue": 264258000, "grossProfit": 212998000, "grossProfitRatio": 0.4462971655, "researchAndDevelopmentExpenses": 0, "generalAndAdministrativeExpenses": 0, "sellingAndMarketingExpenses": 0, "sellingGeneralAndAdministrativeExpenses": 71955000, "otherExpenses": 42486000, "operatingExpenses": 114441000, "costAndExpenses": 378699000, "interestIncome": 0, "interestExpense": 4500, "depreciationAndAmortization": 42486000, "ebitda": 141043000, "ebitdaratio": 0.2955290243, "operatingIncome": 98557000, "operatingIncomeRatio": 0.2065076186, "totalOtherIncomeExpensesNet": -24143000, "incomeBeforeTax": 74414000, "incomeBeforeTaxRatio": 0.1559205123, "incomeTaxExpense": 16520000, "netIncome": 57894000, "netIncomeRatio": 0.1213059658, "eps": 1.14, "epsdiluted": 1.13, "weightedAverageShsOut": 50745000, "weightedAverageShsOutDil": 51113000, "link": "https://www.sec.gov/Archives/edgar/data/811532/000081153202000002/0000811532-02-000002-index.htm", "finalLink": "https://www.sec.gov/Archives/edgar/data/811532/000081153202000002/a123101k.htm", "calculatedOtherExpenses": 42486000, "calculatedOperatingExpenses": 114441000, "calculatedNetInterest": -4500, "calculatedOtherIncome": -24138500, "calculatedIncomeNonControlling": 0, "calculatedEbitda": 141043000}, {"date": "2000-12-31", "symbol": "FUN", "reportedCurrency": "USD", "cik": "0000811532", "fillingDate": "2001-03-30", "acceptedDate": "2001-03-30 00:00:00", "calendarYear": "2000", "period": "FY", "revenue": 472920000, "costOfRevenue": 255438000, "grossProfit": 217482000, "grossProfitRatio": 0.4598705912, "researchAndDevelopmentExpenses": 0, "generalAndAdministrativeExpenses": 0, "sellingAndMarketingExpenses": 0, "sellingGeneralAndAdministrativeExpenses": 54567000, "otherExpenses": 39572000, "operatingExpenses": 94139000, "costAndExpenses": 349577000, "interestIncome": 0, "interestExpense": 0, "depreciationAndAmortization": 39572000, "ebitda": 170742000, "ebitdaratio": 0.3610378077, "operatingIncome": 123343000, "operatingIncomeRatio": 0.2608115538, "totalOtherIncomeExpensesNet": -7827000, "incomeBeforeTax": 94159000, "incomeBeforeTaxRatio": 0.1991013279, "incomeTaxExpense": 16353000, "netIncome": 77806000, "netIncomeRatio": 0.1645225408, "eps": 1.51, "epsdiluted": 1.5, "weightedAverageShsOut": 51369000, "weightedAverageShsOutDil": 51679000, "link": "https://www.sec.gov/Archives/edgar/data/811532/000081153201500004/0000811532-01-500004-index.htm", "finalLink": "https://www.sec.gov/Archives/edgar/data/811532/000081153201500004/ex1017.htm", "calculatedOtherExpenses": 39572000, "calculatedOperatingExpenses": 94139000, "calculatedNetInterest": 0, "calculatedOtherIncome": -29184000, "calculatedIncomeNonControlling": 0, "calculatedEbitda": 162915000}, {"date": "1999-12-31", "symbol": "FUN", "reportedCurrency": "USD", "cik": "0000811532", "fillingDate": "2000-03-30", "acceptedDate": "2000-03-30 00:00:00", "calendarYear": "1999", "period": "FY", "revenue": 438000000, "costOfRevenue": 235300000, "grossProfit": 202700000, "grossProfitRatio": 0.4627853881, "researchAndDevelopmentExpenses": 0, "generalAndAdministrativeExpenses": 0, "sellingAndMarketingExpenses": 0, "sellingGeneralAndAdministrativeExpenses": 50900000, "otherExpenses": 35100000, "operatingExpenses": 86000000, "costAndExpenses": 321300000, "interestIncome": 0, "interestExpense": 0, "depreciationAndAmortization": 35100000, "ebitda": 151800000, "ebitdaratio": 0.3465753425, "operatingIncome": 116700000, "operatingIncomeRatio": 0.2664383562, "totalOtherIncomeExpensesNet": -15300000, "incomeBeforeTax": 101400000, "incomeBeforeTaxRatio": 0.2315068493, "incomeTaxExpense": 15600000, "netIncome": 85800000, "netIncomeRatio": 0.195890411, "eps": 1.64, "epsdiluted": 1.63, "weightedAverageShsOut": 51928000, "weightedAverageShsOutDil": 52390000, "link": "https://www.sec.gov/Archives/edgar/data/811532/000081153200000003/0000811532-00-000003-index.html", "finalLink": "https://www.sec.gov/Archives/edgar/data/811532/000081153200000003/", "calculatedOtherExpenses": 35100000, "calculatedOperatingExpenses": 86000000, "calculatedNetInterest": 0, "calculatedOtherIncome": -15300000, "calculatedIncomeNonControlling": 0, "calculatedEbitda": 151800000}, {"date": "1998-12-31", "symbol": "FUN", "reportedCurrency": "USD", "cik": "0000811532", "fillingDate": "1999-03-31", "acceptedDate": "1999-03-31 00:00:00", "calendarYear": "1998", "period": "FY", "revenue": 419500000, "costOfRevenue": 226900000, "grossProfit": 192600000, "grossProfitRatio": 0.4591179976, "researchAndDevelopmentExpenses": 0, "generalAndAdministrativeExpenses": 0, "sellingAndMarketingExpenses": 0, "sellingGeneralAndAdministrativeExpenses": 47900000, "otherExpenses": 32100000, "operatingExpenses": 80000000, "costAndExpenses": 306900000, "interestIncome": 0, "interestExpense": 0, "depreciationAndAmortization": 32100000, "ebitda": 144700000, "ebitdaratio": 0.3449344458, "operatingIncome": 112600000, "operatingIncomeRatio": 0.2684147795, "totalOtherIncomeExpensesNet": -14700000, "incomeBeforeTax": 97900000, "incomeBeforeTaxRatio": 0.2333730632, "incomeTaxExpense": 14500000, "netIncome": 83400000, "netIncomeRatio": 0.1988081049, "eps": 1.62, "epsdiluted": 1.58, "weightedAverageShsOut": 51161000, "weightedAverageShsOutDil": 52414000, "link": "https://www.sec.gov/Archives/edgar/data/811532/000081153299000003/0000811532-99-000003-index.html", "finalLink": "https://www.sec.gov/Archives/edgar/data/811532/", "calculatedOtherExpenses": 32100000, "calculatedOperatingExpenses": 80000000, "calculatedNetInterest": 0, "calculatedOtherIncome": -14700000, "calculatedIncomeNonControlling": 0, "calculatedEbitda": 144700000}, {"date": "1997-12-31", "symbol": "FUN", "reportedCurrency": "USD", "cik": "0000811532", "fillingDate": "1998-03-31", "acceptedDate": "1998-03-31 00:00:00", "calendarYear": "1997", "period": "FY", "revenue": 264100000, "costOfRevenue": 134800000, "grossProfit": 129300000, "grossProfitRatio": 0.4895872775, "researchAndDevelopmentExpenses": 0, "generalAndAdministrativeExpenses": 0, "sellingAndMarketingExpenses": 0, "sellingGeneralAndAdministrativeExpenses": 31500000, "otherExpenses": 21500000, "operatingExpenses": 53000000, "costAndExpenses": 187800000, "interestIncome": 0, "interestExpense": 0, "depreciationAndAmortization": 21500000, "ebitda": 97800000, "ebitdaratio": 0.3703142749, "operatingIncome": 76300000, "operatingIncomeRatio": 0.2889057175, "totalOtherIncomeExpensesNet": 0, "incomeBeforeTax": 0, "incomeBeforeTaxRatio": 0, "incomeTaxExpense": 7800000, "netIncome": 68500000, "netIncomeRatio": 0.2593714502, "eps": 1.48, "epsdiluted": 1.47, "weightedAverageShsOut": 46283784, "weightedAverageShsOutDil": 46598639, "link": "https://www.sec.gov/Archives/edgar/data/811532/000081153298000006/0000811532-98-000006-index.html", "finalLink": "https://www.sec.gov/Archives/edgar/data/811532/", "calculatedOtherExpenses": 21500000, "calculatedOperatingExpenses": 53000000, "calculatedNetInterest": 0, "calculatedOtherIncome": -76300000, "calculatedIncomeNonControlling": -76300000, "calculatedEbitda": 97800000}, {"date": "1996-12-31", "symbol": "FUN", "reportedCurrency": "USD", "cik": "0000811532", "fillingDate": "1997-03-27", "acceptedDate": "1997-03-27 00:00:00", "calendarYear": "1996", "period": "FY", "revenue": 250500000, "costOfRevenue": 121400000, "grossProfit": 129100000, "grossProfitRatio": 0.5153692615, "researchAndDevelopmentExpenses": 0, "generalAndAdministrativeExpenses": 0, "sellingAndMarketingExpenses": 0, "sellingGeneralAndAdministrativeExpenses": 29000000, "otherExpenses": 19100000, "operatingExpenses": 48100000, "costAndExpenses": 169500000, "interestIncome": 0, "interestExpense": 0, "depreciationAndAmortization": 19100000, "ebitda": 100100000, "ebitdaratio": 0.3996007984, "operatingIncome": 81000000, "operatingIncomeRatio": 0.3233532934, "totalOtherIncomeExpensesNet": 0, "incomeBeforeTax": 0, "incomeBeforeTaxRatio": 0, "incomeTaxExpense": 6800000, "netIncome": 74200000, "netIncomeRatio": 0.2962075848, "eps": 1.59, "epsdiluted": 1.59, "weightedAverageShsOut": 46116000, "weightedAverageShsOutDil": 46595745, "link": "https://www.sec.gov/Archives/edgar/data/811532/000081153297000002/0000811532-97-000002-index.html", "finalLink": "https://www.sec.gov/Archives/edgar/data/811532/", "calculatedOtherExpenses": 19100000, "calculatedOperatingExpenses": 48100000, "calculatedNetInterest": 0, "calculatedOtherIncome": -81000000, "calculatedIncomeNonControlling": -81000000, "calculatedEbitda": 100100000}, {"date": "1995-12-31", "symbol": "FUN", "reportedCurrency": "USD", "cik": "0000811532", "fillingDate": "1996-03-29", "acceptedDate": "1996-03-29 00:00:00", "calendarYear": "1995", "period": "FY", "revenue": 218200000, "costOfRevenue": 103700000, "grossProfit": 114500000, "grossProfitRatio": 0.5247479377, "researchAndDevelopmentExpenses": 0, "generalAndAdministrativeExpenses": 0, "sellingAndMarketingExpenses": 0, "sellingGeneralAndAdministrativeExpenses": 24800000, "otherExpenses": 16700000, "operatingExpenses": 41500000, "costAndExpenses": 145200000, "interestIncome": 0, "interestExpense": 0, "depreciationAndAmortization": 16700000, "ebitda": 89700000, "ebitdaratio": 0.4110907424, "operatingIncome": 73000000, "operatingIncomeRatio": 0.3345554537, "totalOtherIncomeExpensesNet": 0, "incomeBeforeTax": 0, "incomeBeforeTaxRatio": 0, "incomeTaxExpense": 6900000, "netIncome": 66100000, "netIncomeRatio": 0.3029330889, "eps": 1.45, "epsdiluted": 1.45, "weightedAverageShsOut": 45214000, "weightedAverageShsOutDil": 45862069, "link": "https://www.sec.gov/Archives/edgar/data/811532/000081153296000003/0000811532-96-000003-index.html", "finalLink": "https://www.sec.gov/Archives/edgar/data/811532/", "calculatedOtherExpenses": 16700000, "calculatedOperatingExpenses": 41500000, "calculatedNetInterest": 0, "calculatedOtherIncome": -73000000, "calculatedIncomeNonControlling": -73000000, "calculatedEbitda": 89700000}, {"date": "1994-12-31", "symbol": "FUN", "reportedCurrency": "USD", "cik": "0000811532", "fillingDate": "1995-03-29", "acceptedDate": "1995-03-29 00:00:00", "calendarYear": "1994", "period": "FY", "revenue": 198400000, "costOfRevenue": 94000000, "grossProfit": 104400000, "grossProfitRatio": 0.5262096774, "researchAndDevelopmentExpenses": 0, "generalAndAdministrativeExpenses": 0, "sellingAndMarketingExpenses": 0, "sellingGeneralAndAdministrativeExpenses": 21300000, "otherExpenses": 15000000, "operatingExpenses": 36300000, "costAndExpenses": 130300000, "interestIncome": 0, "interestExpense": 0, "depreciationAndAmortization": 15000000, "ebitda": 81000000, "ebitdaratio": 0.408266129, "operatingIncome": 68100000, "operatingIncomeRatio": 0.3432459677, "totalOtherIncomeExpensesNet": 2100000, "incomeBeforeTax": 70200000, "incomeBeforeTaxRatio": 0.3538306452, "incomeTaxExpense": 5300000, "netIncome": 62800000, "netIncomeRatio": 0.3165322581, "eps": 1.4, "epsdiluted": 1.4, "weightedAverageShsOut": 44534000, "weightedAverageShsOutDil": 44909091, "link": "https://www.sec.gov/Archives/edgar/data/811532/000081153295000010/0000811532-95-000010-index.html", "finalLink": "https://www.sec.gov/Archives/edgar/data/811532/", "calculatedOtherExpenses": 15000000, "calculatedOperatingExpenses": 36300000, "calculatedNetInterest": 0, "calculatedOtherIncome": 2100000, "calculatedIncomeNonControlling": 2100000, "calculatedEbitda": 83100000}, {"date": "1993-12-31", "symbol": "FUN", "reportedCurrency": "USD", "cik": "0000811532", "fillingDate": "1994-03-23", "acceptedDate": "1994-03-23 00:00:00", "calendarYear": "1993", "period": "FY", "revenue": 178900000, "costOfRevenue": 85900000, "grossProfit": 93000000, "grossProfitRatio": 0.519843488, "researchAndDevelopmentExpenses": 0, "generalAndAdministrativeExpenses": 0, "sellingAndMarketingExpenses": 0, "sellingGeneralAndAdministrativeExpenses": 21100000, "otherExpenses": 14500000, "operatingExpenses": 35600000, "costAndExpenses": 121500000, "interestIncome": 0, "interestExpense": 0, "depreciationAndAmortization": 14500000, "ebitda": 71900000, "ebitdaratio": 0.4019005031, "operatingIncome": 57400000, "operatingIncomeRatio": 0.3208496367, "totalOtherIncomeExpensesNet": -6500000, "incomeBeforeTax": 50900000, "incomeBeforeTaxRatio": 0.2845164897, "incomeTaxExpense": -11000000, "netIncome": 61900000, "netIncomeRatio": 0.3460033538, "eps": 1.38, "epsdiluted": 1.38, "weightedAverageShsOut": 44855072, "weightedAverageShsOutDil": 44855072, "link": "https://www.sec.gov/Archives/edgar/data/811532/000081153294000011/0000811532-94-000011-index.html", "finalLink": "https://www.sec.gov/Archives/edgar/data/811532/", "calculatedOtherExpenses": 14500000, "calculatedOperatingExpenses": 35600000, "calculatedNetInterest": 0, "calculatedOtherIncome": -6500000, "calculatedIncomeNonControlling": 0, "calculatedEbitda": 71900000}, {"date": "1992-12-31", "symbol": "FUN", "reportedCurrency": "USD", "cik": "0000811532", "fillingDate": "1992-12-31", "acceptedDate": "1992-12-30 19:00:00", "calendarYear": "1992", "period": "FY", "revenue": 153000000, "costOfRevenue": 74000000, "grossProfit": 79000000, "grossProfitRatio": 0.5163398693, "researchAndDevelopmentExpenses": 0, "generalAndAdministrativeExpenses": 0, "sellingAndMarketingExpenses": 0, "sellingGeneralAndAdministrativeExpenses": 17400000, "otherExpenses": 12400000, "operatingExpenses": 29800000, "costAndExpenses": 103800000, "interestIncome": 0, "interestExpense": 0, "depreciationAndAmortization": 12400000, "ebitda": 61600000, "ebitdaratio": 0.4026143791, "operatingIncome": 49200000, "operatingIncomeRatio": 0.3215686275, "totalOtherIncomeExpensesNet": 0, "incomeBeforeTax": 0, "incomeBeforeTaxRatio": 0, "incomeTaxExpense": 6300000, "netIncome": 42900000, "netIncomeRatio": 0.2803921569, "eps": 0.98, "epsdiluted": 0.98, "weightedAverageShsOut": 43775510, "weightedAverageShsOutDil": 43775510, "link": "", "finalLink": "", "calculatedOtherExpenses": 12400000, "calculatedOperatingExpenses": 29800000, "calculatedNetInterest": 0, "calculatedOtherIncome": -49200000, "calculatedIncomeNonControlling": -49200000, "calculatedEbitda": 61600000}, {"date": "1991-12-31", "symbol": "FUN", "reportedCurrency": "USD", "cik": "0000811532", "fillingDate": "1991-12-31", "acceptedDate": "1991-12-30 19:00:00", "calendarYear": "1991", "period": "FY", "revenue": 128000000, "costOfRevenue": 60100000, "grossProfit": 67900000, "grossProfitRatio": 0.53046875, "researchAndDevelopmentExpenses": 0, "generalAndAdministrativeExpenses": 0, "sellingAndMarketingExpenses": 0, "sellingGeneralAndAdministrativeExpenses": 15100000, "otherExpenses": 10300000, "operatingExpenses": 25400000, "costAndExpenses": 85500000, "interestIncome": 0, "interestExpense": 0, "depreciationAndAmortization": 10300000, "ebitda": 52800000, "ebitdaratio": 0.4125, "operatingIncome": 42500000, "operatingIncomeRatio": 0.33203125, "totalOtherIncomeExpensesNet": 0, "incomeBeforeTax": 0, "incomeBeforeTaxRatio": 0, "incomeTaxExpense": 6500000, "netIncome": 36000000, "netIncomeRatio": 0.28125, "eps": 0.84, "epsdiluted": 0.84, "weightedAverageShsOut": 42857143, "weightedAverageShsOutDil": 42857143, "link": "", "finalLink": "", "calculatedOtherExpenses": 10300000, "calculatedOperatingExpenses": 25400000, "calculatedNetInterest": 0, "calculatedOtherIncome": -42500000, "calculatedIncomeNonControlling": -42500000, "calculatedEbitda": 52800000}, {"date": "1990-12-31", "symbol": "FUN", "reportedCurrency": "USD", "cik": "0000811532", "fillingDate": "1990-12-31", "acceptedDate": "1990-12-30 19:00:00", "calendarYear": "1990", "period": "FY", "revenue": 122000000, "costOfRevenue": 57500000, "grossProfit": 64500000, "grossProfitRatio": 0.5286885246, "researchAndDevelopmentExpenses": 0, "generalAndAdministrativeExpenses": 0, "sellingAndMarketingExpenses": 0, "sellingGeneralAndAdministrativeExpenses": 14400000, "otherExpenses": 9700000, "operatingExpenses": 24100000, "costAndExpenses": 81600000, "interestIncome": 0, "interestExpense": 0, "depreciationAndAmortization": 9700000, "ebitda": 50100000, "ebitdaratio": 0.4106557377, "operatingIncome": 40400000, "operatingIncomeRatio": 0.331147541, "totalOtherIncomeExpensesNet": 0, "incomeBeforeTax": 0, "incomeBeforeTaxRatio": 0, "incomeTaxExpense": 7200000, "netIncome": 33200000, "netIncomeRatio": 0.2721311475, "eps": 0.78, "epsdiluted": 0.78, "weightedAverageShsOut": 42564103, "weightedAverageShsOutDil": 42564103, "link": "", "finalLink": "", "calculatedOtherExpenses": 9700000, "calculatedOperatingExpenses": 24100000, "calculatedNetInterest": 0, "calculatedOtherIncome": -40400000, "calculatedIncomeNonControlling": -40400000, "calculatedEbitda": 50100000}, {"date": "1989-12-31", "symbol": "FUN", "reportedCurrency": "USD", "cik": "0000811532", "fillingDate": "1989-12-31", "acceptedDate": "1989-12-30 19:00:00", "calendarYear": "1989", "period": "FY", "revenue": 120000000, "costOfRevenue": 56500000, "grossProfit": 63500000, "grossProfitRatio": 0.5291666667, "researchAndDevelopmentExpenses": 0, "generalAndAdministrativeExpenses": 0, "sellingAndMarketingExpenses": 0, "sellingGeneralAndAdministrativeExpenses": 14700000, "otherExpenses": 9200000, "operatingExpenses": 23900000, "costAndExpenses": 80400000, "interestIncome": 0, "interestExpense": 0, "depreciationAndAmortization": 9200000, "ebitda": 48800000, "ebitdaratio": 0.4066666667, "operatingIncome": 39600000, "operatingIncomeRatio": 0.33, "totalOtherIncomeExpensesNet": 0, "incomeBeforeTax": 0, "incomeBeforeTaxRatio": 0, "incomeTaxExpense": 8000000, "netIncome": 31600000, "netIncomeRatio": 0.2633333333, "eps": 0.74, "epsdiluted": 0.74, "weightedAverageShsOut": 42702703, "weightedAverageShsOutDil": 42702703, "link": "", "finalLink": "", "calculatedOtherExpenses": 9200000, "calculatedOperatingExpenses": 23900000, "calculatedNetInterest": 0, "calculatedOtherIncome": -39600000, "calculatedIncomeNonControlling": -39600000, "calculatedEbitda": 48800000}, {"date": "1988-12-31", "symbol": "FUN", "reportedCurrency": "USD", "cik": "0000811532", "fillingDate": "1988-12-31", "acceptedDate": "1988-12-30 19:00:00", "calendarYear": "1988", "period": "FY", "revenue": 103200000, "costOfRevenue": 51000000, "grossProfit": 52200000, "grossProfitRatio": 0.5058139535, "researchAndDevelopmentExpenses": 0, "generalAndAdministrativeExpenses": 0, "sellingAndMarketingExpenses": 0, "sellingGeneralAndAdministrativeExpenses": 12900000, "otherExpenses": 9100000, "operatingExpenses": 22000000, "costAndExpenses": 73000000, "interestIncome": 0, "interestExpense": 0, "depreciationAndAmortization": 9100000, "ebitda": 39300000, "ebitdaratio": 0.3808139535, "operatingIncome": 30200000, "operatingIncomeRatio": 0.2926356589, "totalOtherIncomeExpensesNet": 0, "incomeBeforeTax": 0, "incomeBeforeTaxRatio": 0, "incomeTaxExpense": 7600000, "netIncome": 22600000, "netIncomeRatio": 0.2189922481, "eps": 0.53, "epsdiluted": 0.53, "weightedAverageShsOut": 42641509, "weightedAverageShsOutDil": 42641509, "link": "", "finalLink": "", "calculatedOtherExpenses": 9100000, "calculatedOperatingExpenses": 22000000, "calculatedNetInterest": 0, "calculatedOtherIncome": -30200000, "calculatedIncomeNonControlling": -30200000, "calculatedEbitda": 39300000}, {"date": "1987-12-31", "symbol": "FUN", "reportedCurrency": "USD", "cik": "0000811532", "fillingDate": "1987-12-31", "acceptedDate": "1987-12-30 19:00:00", "calendarYear": "1987", "period": "FY", "revenue": 102800000, "costOfRevenue": 51500000, "grossProfit": 51300000, "grossProfitRatio": 0.4990272374, "researchAndDevelopmentExpenses": 0, "generalAndAdministrativeExpenses": 0, "sellingAndMarketingExpenses": 0, "sellingGeneralAndAdministrativeExpenses": 12400000, "otherExpenses": 8800000, "operatingExpenses": 21200000, "costAndExpenses": 72700000, "interestIncome": 0, "interestExpense": 0, "depreciationAndAmortization": 8800000, "ebitda": 41500000, "ebitdaratio": 0.4036964981, "operatingIncome": 30100000, "operatingIncomeRatio": 0.2928015564, "totalOtherIncomeExpensesNet": -2600000, "incomeBeforeTax": 27500000, "incomeBeforeTaxRatio": 0.2675097276, "incomeTaxExpense": 17300000, "netIncome": 12800000, "netIncomeRatio": 0.1245136187, "eps": 0.4, "epsdiluted": 0.4, "weightedAverageShsOut": 32000000, "weightedAverageShsOutDil": 32000000, "link": "", "finalLink": "", "calculatedOtherExpenses": 8800000, "calculatedOperatingExpenses": 21200000, "calculatedNetInterest": 0, "calculatedOtherIncome": -2600000, "calculatedIncomeNonControlling": -2600000, "calculatedEbitda": 38900000}]}