{"originalCurrency": "USD", "convertedCurrency": "USD", "report": [{"date": "2023-12-31", "symbol": "FWONK", "reportedCurrency": "USD", "cik": "0001560385", "fillingDate": "2024-02-28", "acceptedDate": "2024-02-28 16:25:20", "calendarYear": "2023", "period": "FY", "revenue": 3222000000, "costOfRevenue": 2609000000, "grossProfit": 613000000, "grossProfitRatio": 0.1902545003, "researchAndDevelopmentExpenses": 0, "generalAndAdministrativeExpenses": 0, "sellingAndMarketingExpenses": 0, "sellingGeneralAndAdministrativeExpenses": 316000000, "otherExpenses": 90000000, "operatingExpenses": 316000000, "costAndExpenses": 2925000000, "interestIncome": 0, "interestExpense": 214000000, "depreciationAndAmortization": 369000000, "ebitda": 666000000, "ebitdaratio": 0.2067039106, "operatingIncome": 297000000, "operatingIncomeRatio": 0.0921787709, "totalOtherIncomeExpensesNet": -86000000, "incomeBeforeTax": 211000000, "incomeBeforeTaxRatio": 0.065487275, "incomeTaxExpense": 27000000, "netIncome": 185000000, "netIncomeRatio": 0.0574177529, "eps": 0.79, "epsdiluted": 0.62, "weightedAverageShsOut": 234000000, "weightedAverageShsOutDil": 240000000, "link": "https://www.sec.gov/Archives/edgar/data/1560385/000155837024002013/0001558370-24-002013-index.htm", "finalLink": "https://www.sec.gov/Archives/edgar/data/1560385/000155837024002013/lmca-20231231x10k.htm", "calculatedOtherExpenses": 0, "calculatedOperatingExpenses": 316000000, "calculatedNetInterest": -214000000, "calculatedOtherIncome": 128000000, "calculatedIncomeNonControlling": -1000000, "calculatedEbitda": 666000000}, {"date": "2022-12-31", "symbol": "FWONK", "reportedCurrency": "USD", "cik": "0001560385", "fillingDate": "2023-03-01", "acceptedDate": "2023-03-01 12:00:48", "calendarYear": "2022", "period": "FY", "revenue": 2573000000, "costOfRevenue": 1750000000, "grossProfit": 823000000, "grossProfitRatio": 0.3198600855, "researchAndDevelopmentExpenses": 0, "generalAndAdministrativeExpenses": 0, "sellingAndMarketingExpenses": 0, "sellingGeneralAndAdministrativeExpenses": 288000000, "otherExpenses": 362000000, "operatingExpenses": 650000000, "costAndExpenses": 2400000000, "interestIncome": 149000000, "interestExpense": 149000000, "depreciationAndAmortization": 362000000, "ebitda": 593000000, "ebitdaratio": 0.2304702682, "operatingIncome": 231000000, "operatingIncomeRatio": 0.0897784687, "totalOtherIncomeExpensesNet": 20000000, "incomeBeforeTax": 251000000, "incomeBeforeTaxRatio": 0.0975514963, "incomeTaxExpense": -311000000, "netIncome": 558000000, "netIncomeRatio": 0.2168674699, "eps": 2.39, "epsdiluted": 2.15, "weightedAverageShsOut": 233000000, "weightedAverageShsOutDil": 244000000, "link": "https://www.sec.gov/Archives/edgar/data/1560385/000155837023002514/0001558370-23-002514-index.htm", "finalLink": "https://www.sec.gov/Archives/edgar/data/1560385/000155837023002514/lmca-20221231x10k.htm", "calculatedOtherExpenses": 304000000, "calculatedOperatingExpenses": 592000000, "calculatedNetInterest": 0, "calculatedOtherIncome": 20000000, "calculatedIncomeNonControlling": 4000000, "calculatedEbitda": 593000000}, {"date": "2021-12-31", "symbol": "FWONK", "reportedCurrency": "USD", "cik": "0001560385", "fillingDate": "2022-02-25", "acceptedDate": "2022-02-25 17:25:28", "calendarYear": "2021", "period": "FY", "revenue": 2136000000, "costOfRevenue": 1489000000, "grossProfit": 647000000, "grossProfitRatio": 0.3029026217, "researchAndDevelopmentExpenses": 0, "generalAndAdministrativeExpenses": 0, "sellingAndMarketingExpenses": 0, "sellingGeneralAndAdministrativeExpenses": 210000000, "otherExpenses": 397000000, "operatingExpenses": 607000000, "costAndExpenses": 2096000000, "interestIncome": 123000000, "interestExpense": 123000000, "depreciationAndAmortization": 397000000, "ebitda": 474000000, "ebitdaratio": 0.2219101124, "operatingIncome": 77000000, "operatingIncomeRatio": 0.0360486891, "totalOtherIncomeExpensesNet": -234000000, "incomeBeforeTax": -157000000, "incomeBeforeTaxRatio": -0.0735018727, "incomeTaxExpense": -37000000, "netIncome": -120000000, "netIncomeRatio": -0.0561797753, "eps": -0.52, "epsdiluted": -0.52, "weightedAverageShsOut": 232000000, "weightedAverageShsOutDil": 232000000, "link": "https://www.sec.gov/Archives/edgar/data/1560385/000155837022002199/0001558370-22-002199-index.htm", "finalLink": "https://www.sec.gov/Archives/edgar/data/1560385/000155837022002199/lmca-20211231x10k.htm", "calculatedOtherExpenses": 360000000, "calculatedOperatingExpenses": 570000000, "calculatedNetInterest": 0, "calculatedOtherIncome": -234000000, "calculatedIncomeNonControlling": 0, "calculatedEbitda": 474000000}, {"date": "2020-12-31", "symbol": "FWONK", "reportedCurrency": "USD", "cik": "0001560385", "fillingDate": "2021-02-26", "acceptedDate": "2021-02-26 13:31:12", "calendarYear": "2020", "period": "FY", "revenue": 1145000000, "costOfRevenue": 974000000, "grossProfit": 171000000, "grossProfitRatio": 0.1493449782, "researchAndDevelopmentExpenses": 0, "generalAndAdministrativeExpenses": 0, "sellingAndMarketingExpenses": 174000000, "sellingGeneralAndAdministrativeExpenses": 174000000, "otherExpenses": 441000000, "operatingExpenses": 615000000, "costAndExpenses": 1589000000, "interestIncome": 7000000, "interestExpense": 146000000, "depreciationAndAmortization": 363000000, "ebitda": -81000000, "ebitdaratio": -0.0707423581, "operatingIncome": -444000000, "operatingIncomeRatio": -0.3877729258, "totalOtherIncomeExpensesNet": -262000000, "incomeBeforeTax": -706000000, "incomeBeforeTaxRatio": -0.6165938865, "incomeTaxExpense": -112000000, "netIncome": -594000000, "netIncomeRatio": -0.5187772926, "eps": -2.56, "epsdiluted": -2.56, "weightedAverageShsOut": 232000000, "weightedAverageShsOutDil": 232000000, "link": "https://www.sec.gov/Archives/edgar/data/1560385/000155837021001967/0001558370-21-001967-index.htm", "finalLink": "https://www.sec.gov/Archives/edgar/data/1560385/000155837021001967/lmca-20201231x10k.htm", "calculatedOtherExpenses": 441000000, "calculatedOperatingExpenses": 615000000, "calculatedNetInterest": -139000000, "calculatedOtherIncome": -123000000, "calculatedIncomeNonControlling": 0, "calculatedEbitda": -81000000}, {"date": "2019-12-31", "symbol": "FWONK", "reportedCurrency": "USD", "cik": "0001560385", "fillingDate": "2020-02-26", "acceptedDate": "2020-02-26 17:18:11", "calendarYear": "2019", "period": "FY", "revenue": 2022000000, "costOfRevenue": 1394000000, "grossProfit": 628000000, "grossProfitRatio": 0.3105835806, "researchAndDevelopmentExpenses": 0, "generalAndAdministrativeExpenses": 0, "sellingAndMarketingExpenses": 210000000, "sellingGeneralAndAdministrativeExpenses": 210000000, "otherExpenses": 453000000, "operatingExpenses": 663000000, "costAndExpenses": 2057000000, "interestIncome": 195000000, "interestExpense": 195000000, "depreciationAndAmortization": 453000000, "ebitda": 475000000, "ebitdaratio": 0.2349159248, "operatingIncome": 22000000, "operatingIncomeRatio": 0.0108803165, "totalOtherIncomeExpensesNet": -423000000, "incomeBeforeTax": -401000000, "incomeBeforeTaxRatio": -0.1983184965, "incomeTaxExpense": -90000000, "netIncome": -311000000, "netIncomeRatio": -0.1538081108, "eps": -1.35, "epsdiluted": -1.35, "weightedAverageShsOut": 231000000, "weightedAverageShsOutDil": 231000000, "link": "https://www.sec.gov/Archives/edgar/data/1560385/000155837020001494/0001558370-20-001494-index.htm", "finalLink": "https://www.sec.gov/Archives/edgar/data/1560385/000155837020001494/lmca-20191231x10ked33ee.htm", "calculatedOtherExpenses": 396000000, "calculatedOperatingExpenses": 606000000, "calculatedNetInterest": 0, "calculatedOtherIncome": -423000000, "calculatedIncomeNonControlling": 0, "calculatedEbitda": 475000000}, {"date": "2018-12-31", "symbol": "FWONK", "reportedCurrency": "USD", "cik": "0001560385", "fillingDate": "2019-02-28", "acceptedDate": "2019-02-28 16:45:09", "calendarYear": "2018", "period": "FY", "revenue": 1827000000, "costOfRevenue": 1273000000, "grossProfit": 554000000, "grossProfitRatio": 0.3032293377, "researchAndDevelopmentExpenses": 0, "generalAndAdministrativeExpenses": 0, "sellingAndMarketingExpenses": 204000000, "sellingGeneralAndAdministrativeExpenses": 204000000, "otherExpenses": 18000000, "operatingExpenses": 664000000, "costAndExpenses": 1937000000, "interestIncome": 0, "interestExpense": 192000000, "depreciationAndAmortization": 460000000, "ebitda": 385000000, "ebitdaratio": 0.2107279693, "operatingIncome": -110000000, "operatingIncomeRatio": -0.0602079912, "totalOtherIncomeExpensesNet": 102000000, "incomeBeforeTax": -200000000, "incomeBeforeTaxRatio": -0.109469075, "incomeTaxExpense": -50000000, "netIncome": -150000000, "netIncomeRatio": -0.0821018062, "eps": -0.65, "epsdiluted": -0.65, "weightedAverageShsOut": 231000000, "weightedAverageShsOutDil": 232000000, "link": "https://www.sec.gov/Archives/edgar/data/1560385/000155837019001329/0001558370-19-001329-index.htm", "finalLink": "https://www.sec.gov/Archives/edgar/data/1560385/000155837019001329/lmca-20181231x10k.htm", "calculatedOtherExpenses": 460000000, "calculatedOperatingExpenses": 664000000, "calculatedNetInterest": -192000000, "calculatedOtherIncome": 102000000, "calculatedIncomeNonControlling": 0, "calculatedEbitda": 350000000}, {"date": "2017-12-31", "symbol": "FWONK", "reportedCurrency": "USD", "cik": "0001560385", "fillingDate": "2018-03-01", "acceptedDate": "2018-02-28 21:43:46", "calendarYear": "2017", "period": "FY", "revenue": 1783000000, "costOfRevenue": 1219000000, "grossProfit": 564000000, "grossProfitRatio": 0.3163208076, "researchAndDevelopmentExpenses": 0, "generalAndAdministrativeExpenses": 0, "sellingAndMarketingExpenses": 199000000, "sellingGeneralAndAdministrativeExpenses": 199000000, "otherExpenses": 16000000, "operatingExpenses": 604000000, "costAndExpenses": 1823000000, "interestIncome": 0, "interestExpense": 220000000, "depreciationAndAmortization": 405000000, "ebitda": 378000000, "ebitdaratio": 0.2120022434, "operatingIncome": -40000000, "operatingIncomeRatio": -0.0224340998, "totalOtherIncomeExpensesNet": -44000000, "incomeBeforeTax": -304000000, "incomeBeforeTaxRatio": -0.1704991587, "incomeTaxExpense": -561000000, "netIncome": 255000000, "netIncomeRatio": 0.1430173864, "eps": 1.23, "epsdiluted": 1.21, "weightedAverageShsOut": 207000000, "weightedAverageShsOutDil": 211000000, "link": "https://www.sec.gov/Archives/edgar/data/1560385/000155837018001342/0001558370-18-001342-index.htm", "finalLink": "https://www.sec.gov/Archives/edgar/data/1560385/000155837018001342/lmc-20171231x10k.htm", "calculatedOtherExpenses": 405000000, "calculatedOperatingExpenses": 604000000, "calculatedNetInterest": -220000000, "calculatedOtherIncome": -44000000, "calculatedIncomeNonControlling": 2000000, "calculatedEbitda": 365000000}, {"date": "2016-12-31", "symbol": "FWONK", "reportedCurrency": "USD", "cik": "0001560385", "fillingDate": "2017-02-28", "acceptedDate": "2017-02-28 16:21:11", "calendarYear": "2016", "period": "FY", "revenue": 0, "costOfRevenue": 10000000, "grossProfit": -10000000, "grossProfitRatio": 0, "researchAndDevelopmentExpenses": 0, "generalAndAdministrativeExpenses": 0, "sellingAndMarketingExpenses": 58000000, "sellingGeneralAndAdministrativeExpenses": 58000000, "otherExpenses": 21000000, "operatingExpenses": 68000000, "costAndExpenses": 68000000, "interestIncome": 0, "interestExpense": 19000000, "depreciationAndAmortization": 10000000, "ebitda": -45000000, "ebitdaratio": 0, "operatingIncome": 443000000, "operatingIncomeRatio": 0, "totalOtherIncomeExpensesNet": 587000000, "incomeBeforeTax": 500000000, "incomeBeforeTaxRatio": 0, "incomeTaxExpense": 171000000, "netIncome": 329000000, "netIncomeRatio": 0, "eps": 3.93, "epsdiluted": 3.93, "weightedAverageShsOut": 83797309, "weightedAverageShsOutDil": 83797309, "link": "https://www.sec.gov/Archives/edgar/data/1560385/000155837017001148/0001558370-17-001148-index.htm", "finalLink": "https://www.sec.gov/Archives/edgar/data/1560385/000155837017001148/lmca-20161231x10k.htm", "calculatedOtherExpenses": -511000000, "calculatedOperatingExpenses": -453000000, "calculatedNetInterest": -19000000, "calculatedOtherIncome": 76000000, "calculatedIncomeNonControlling": 0, "calculatedEbitda": 453000000}, {"date": "2015-12-31", "symbol": "FWONK", "reportedCurrency": "USD", "cik": "0001560385", "fillingDate": "2016-02-26", "acceptedDate": "2016-02-26 14:38:16", "calendarYear": "2015", "period": "FY", "revenue": 4795000000, "costOfRevenue": 2718000000, "grossProfit": 2077000000, "grossProfitRatio": 0.4331595412, "researchAndDevelopmentExpenses": 0, "generalAndAdministrativeExpenses": 0, "sellingAndMarketingExpenses": 72000000, "sellingGeneralAndAdministrativeExpenses": 72000000, "otherExpenses": 12000000, "operatingExpenses": 81000000, "costAndExpenses": 81000000, "interestIncome": 0, "interestExpense": 20000000, "depreciationAndAmortization": 9000000, "ebitda": -108000000, "ebitdaratio": -0.0225234619, "operatingIncome": -81000000, "operatingIncomeRatio": -0.0168925965, "totalOtherIncomeExpensesNet": -176000000, "incomeBeforeTax": -277000000, "incomeBeforeTaxRatio": -0.0577685089, "incomeTaxExpense": -102000000, "netIncome": -175000000, "netIncomeRatio": -0.0364963504, "eps": -0.38, "epsdiluted": -0.38, "weightedAverageShsOut": 463015550, "weightedAverageShsOutDil": 463015550, "link": "https://www.sec.gov/Archives/edgar/data/1560385/000155837016003609/0001558370-16-003609-index.htm", "finalLink": "https://www.sec.gov/Archives/edgar/data/1560385/000155837016003609/lmca-20151231x10k.htm", "calculatedOtherExpenses": 2086000000, "calculatedOperatingExpenses": 2158000000, "calculatedNetInterest": -20000000, "calculatedOtherIncome": -176000000, "calculatedIncomeNonControlling": 0, "calculatedEbitda": -72000000}, {"date": "2014-12-31", "symbol": "FWONK", "reportedCurrency": "USD", "cik": "0001560385", "fillingDate": "2015-02-26", "acceptedDate": "2015-02-26 17:22:44", "calendarYear": "2014", "period": "FY", "revenue": 4450000000, "costOfRevenue": 2073000000, "grossProfit": 2377000000, "grossProfitRatio": 0.5341573034, "researchAndDevelopmentExpenses": 48843000, "generalAndAdministrativeExpenses": 261905000, "sellingAndMarketingExpenses": 873000000, "sellingGeneralAndAdministrativeExpenses": 873000000, "otherExpenses": -77000000, "operatingExpenses": 1536000000, "costAndExpenses": 3609000000, "interestIncome": 716000, "interestExpense": 255000000, "depreciationAndAmortization": 359000000, "ebitda": 1010000000, "ebitdaratio": 0.2269662921, "operatingIncome": 841000000, "operatingIncomeRatio": 0.188988764, "totalOtherIncomeExpensesNet": -125000000, "incomeBeforeTax": 461000000, "incomeBeforeTaxRatio": 0.1035955056, "incomeTaxExpense": 66000000, "netIncome": 178000000, "netIncomeRatio": 0.04, "eps": -0.061, "epsdiluted": -0.061, "weightedAverageShsOut": 475377565, "weightedAverageShsOutDil": 475377565, "link": "https://www.sec.gov/Archives/edgar/data/1560385/000155837015000201/0001558370-15-000201-index.htm", "finalLink": "https://www.sec.gov/Archives/edgar/data/1560385/000155837015000201/lvnt-20141231x10k.htm", "calculatedOtherExpenses": 614157000, "calculatedOperatingExpenses": 1536000000, "calculatedNetInterest": -254284000, "calculatedOtherIncome": -125716000, "calculatedIncomeNonControlling": 217000000, "calculatedEbitda": 1200000000}, {"date": "2013-12-31", "symbol": "FWONK", "reportedCurrency": "USD", "cik": "0001560385", "fillingDate": "2014-02-28", "acceptedDate": "2014-02-28 15:01:59", "calendarYear": "2013", "period": "FY", "revenue": 4002000000, "costOfRevenue": 1825000000, "grossProfit": 2177000000, "grossProfitRatio": 0.543978011, "researchAndDevelopmentExpenses": 0, "generalAndAdministrativeExpenses": 0, "sellingAndMarketingExpenses": 764000000, "sellingGeneralAndAdministrativeExpenses": 764000000, "otherExpenses": 7863000000, "operatingExpenses": 1363000000, "costAndExpenses": 3188000000, "interestIncome": 0, "interestExpense": 132000000, "depreciationAndAmortization": 315000000, "ebitda": 8960000000, "ebitdaratio": 2.2388805597, "operatingIncome": 814000000, "operatingIncomeRatio": 0.2033983008, "totalOtherIncomeExpensesNet": 8174000000, "incomeBeforeTax": 8856000000, "incomeBeforeTaxRatio": 2.2128935532, "incomeTaxExpense": -135000000, "netIncome": 8780000000, "netIncomeRatio": 2.1939030485, "eps": 17.37, "epsdiluted": 17.18, "weightedAverageShsOut": 505515740, "weightedAverageShsOutDil": 511211692, "link": "https://www.sec.gov/Archives/edgar/data/1560385/000156038514000012/0001560385-14-000012-index.htm", "finalLink": "https://www.sec.gov/Archives/edgar/data/1560385/000156038514000012/lmc1231201310k.htm", "calculatedOtherExpenses": 599000000, "calculatedOperatingExpenses": 1363000000, "calculatedNetInterest": -132000000, "calculatedOtherIncome": 8174000000, "calculatedIncomeNonControlling": 211000000, "calculatedEbitda": 1129000000}, {"date": "2012-12-31", "symbol": "FWONK", "reportedCurrency": "USD", "cik": "0001560385", "fillingDate": "2013-02-28", "acceptedDate": "2013-02-27 17:47:46", "calendarYear": "2012", "period": "FY", "revenue": 1999000000, "costOfRevenue": 1631452000000, "grossProfit": -1629453000000, "grossProfitRatio": -815.1340670335, "researchAndDevelopmentExpenses": 48843000000, "generalAndAdministrativeExpenses": 261905000000, "sellingAndMarketingExpenses": 248905000000, "sellingGeneralAndAdministrativeExpenses": 414000000, "otherExpenses": 41000000, "operatingExpenses": 1673000000, "costAndExpenses": 1673000000, "interestIncome": 716000000, "interestExpense": 33000000, "depreciationAndAmortization": 817000000, "ebitda": 2530000000, "ebitdaratio": 1.2656328164, "operatingIncome": 326000000, "operatingIncomeRatio": 0.1630815408, "totalOtherIncomeExpensesNet": 1719000000, "incomeBeforeTax": 2012000000, "incomeBeforeTaxRatio": 1.0065032516, "incomeTaxExpense": 600000000, "netIncome": 1414000000, "netIncomeRatio": 0.7073536768, "eps": 8.2, "epsdiluted": 8.2, "weightedAverageShsOut": 172487902, "weightedAverageShsOutDil": 172487902, "link": "https://www.sec.gov/Archives/edgar/data/1560385/000156038513000012/0001560385-13-000012-index.htm", "finalLink": "https://www.sec.gov/Archives/edgar/data/1560385/000156038513000012/lmc1231201210k.htm", "calculatedOtherExpenses": -1679036000000, "calculatedOperatingExpenses": -1629779000000, "calculatedNetInterest": 683000000, "calculatedOtherIncome": 1003000000, "calculatedIncomeNonControlling": -2000000, "calculatedEbitda": 1143000000}, {"date": "2011-12-31", "symbol": "FWONK", "reportedCurrency": "USD", "cik": "0001560385", "fillingDate": "2011-12-31", "acceptedDate": "2011-12-30 19:00:00", "calendarYear": "2011", "period": "FY", "revenue": 1409000000, "costOfRevenue": 0, "grossProfit": 1409000000, "grossProfitRatio": 1, "researchAndDevelopmentExpenses": 0, "generalAndAdministrativeExpenses": 0, "sellingAndMarketingExpenses": 151000000, "sellingGeneralAndAdministrativeExpenses": 151000000, "otherExpenses": 9000000, "operatingExpenses": 878000000, "costAndExpenses": 878000000, "interestIncome": 0, "interestExpense": 16000000, "depreciationAndAmortization": 53000000, "ebitda": 680000000, "ebitdaratio": 0.4826117814, "operatingIncome": 531000000, "operatingIncomeRatio": 0.3768630234, "totalOtherIncomeExpensesNet": 243000000, "incomeBeforeTax": 758000000, "incomeBeforeTaxRatio": 0.5379701916, "incomeTaxExpense": 165000000, "netIncome": 836000000, "netIncomeRatio": 0.5933286018, "eps": 4.85, "epsdiluted": 4.85, "weightedAverageShsOut": 172487902, "weightedAverageShsOutDil": 172487902, "link": "", "finalLink": "", "calculatedOtherExpenses": 727000000, "calculatedOperatingExpenses": 878000000, "calculatedNetInterest": -16000000, "calculatedOtherIncome": 243000000, "calculatedIncomeNonControlling": -243000000, "calculatedEbitda": 584000000}, {"date": "2010-12-31", "symbol": "FWONK", "reportedCurrency": "USD", "cik": "0001560385", "fillingDate": "2010-12-31", "acceptedDate": "2010-12-30 19:00:00", "calendarYear": "2010", "period": "FY", "revenue": 2050000000, "costOfRevenue": 0, "grossProfit": 2050000000, "grossProfitRatio": 1, "researchAndDevelopmentExpenses": 0, "generalAndAdministrativeExpenses": 0, "sellingAndMarketingExpenses": 0, "sellingGeneralAndAdministrativeExpenses": 525000000, "otherExpenses": 10000000, "operatingExpenses": 1903000000, "costAndExpenses": 1903000000, "interestIncome": 0, "interestExpense": 65000000, "depreciationAndAmortization": 823000000, "ebitda": 882000000, "ebitdaratio": 0.4302439024, "operatingIncome": 195000000, "operatingIncomeRatio": 0.0951219512, "totalOtherIncomeExpensesNet": 344000000, "incomeBeforeTax": 426000000, "incomeBeforeTaxRatio": 0.207804878, "incomeTaxExpense": -571000000, "netIncome": 1000000000, "netIncomeRatio": 0.487804878, "eps": 5.8, "epsdiluted": 5.8, "weightedAverageShsOut": 172487902, "weightedAverageShsOutDil": 172487902, "link": "", "finalLink": "", "calculatedOtherExpenses": 1330000000, "calculatedOperatingExpenses": 1855000000, "calculatedNetInterest": -65000000, "calculatedOtherIncome": 296000000, "calculatedIncomeNonControlling": -3000000, "calculatedEbitda": 1018000000}]}