{"originalCurrency": "USD", "convertedCurrency": "USD", "report": [{"date": "2023-12-31", "symbol": "FYBR", "reportedCurrency": "USD", "cik": "0000020520", "fillingDate": "2024-02-23", "acceptedDate": "2024-02-23 07:23:37", "calendarYear": "2023", "period": "FY", "revenue": 5751000000, "costOfRevenue": 3540000000, "grossProfit": 2211000000, "grossProfitRatio": 0.3844548774, "researchAndDevelopmentExpenses": 0, "generalAndAdministrativeExpenses": 0, "sellingAndMarketingExpenses": 0, "sellingGeneralAndAdministrativeExpenses": 1646000000, "otherExpenses": 191000000, "operatingExpenses": 1646000000, "costAndExpenses": 5186000000, "interestIncome": 87000000, "interestExpense": 653000000, "depreciationAndAmortization": 1415000000, "ebitda": 1980000000, "ebitdaratio": 0.3442879499, "operatingIncome": 565000000, "operatingIncomeRatio": 0.0982437837, "totalOtherIncomeExpensesNet": -448000000, "incomeBeforeTax": 117000000, "incomeBeforeTaxRatio": 0.0203442879, "incomeTaxExpense": 88000000, "netIncome": 29000000, "netIncomeRatio": 0.0050426013, "eps": 0.12, "epsdiluted": 0.12, "weightedAverageShsOut": 245517000, "weightedAverageShsOutDil": 248459000, "link": "https://www.sec.gov/Archives/edgar/data/20520/000114036124009145/0001140361-24-009145-index.htm", "finalLink": "https://www.sec.gov/Archives/edgar/data/20520/000114036124009145/ef20021912_ex99-1.htm", "calculatedOtherExpenses": 0, "calculatedOperatingExpenses": 1646000000, "calculatedNetInterest": -566000000, "calculatedOtherIncome": 118000000, "calculatedIncomeNonControlling": 0, "calculatedEbitda": 1980000000}, {"date": "2022-12-31", "symbol": "FYBR", "reportedCurrency": "USD", "cik": "0000020520", "fillingDate": "2023-02-24", "acceptedDate": "2023-02-24 16:08:08", "calendarYear": "2022", "period": "FY", "revenue": 5787000000, "costOfRevenue": 2169000000, "grossProfit": 3618000000, "grossProfitRatio": 0.6251944012, "researchAndDevelopmentExpenses": 0, "generalAndAdministrativeExpenses": 0, "sellingAndMarketingExpenses": 0, "sellingGeneralAndAdministrativeExpenses": 1745000000, "otherExpenses": 1182000000, "operatingExpenses": 2927000000, "costAndExpenses": 5096000000, "interestIncome": 42000000, "interestExpense": 492000000, "depreciationAndAmortization": 1281000000, "ebitda": 1873000000, "ebitdaratio": 0.3236564714, "operatingIncome": 592000000, "operatingIncomeRatio": 0.1022982547, "totalOtherIncomeExpensesNet": 7000000, "incomeBeforeTax": 599000000, "incomeBeforeTaxRatio": 0.1035078625, "incomeTaxExpense": 158000000, "netIncome": 441000000, "netIncomeRatio": 0.0762052877, "eps": 1.8, "epsdiluted": 1.8, "weightedAverageShsOut": 244781000, "weightedAverageShsOutDil": 245280000, "link": "https://www.sec.gov/Archives/edgar/data/20520/000156276223000055/0001562762-23-000055-index.htm", "finalLink": "https://www.sec.gov/Archives/edgar/data/20520/000156276223000055/fybr-20221231x10k.htm", "calculatedOtherExpenses": 1281000000, "calculatedOperatingExpenses": 3026000000, "calculatedNetInterest": -450000000, "calculatedOtherIncome": 457000000, "calculatedIncomeNonControlling": 0, "calculatedEbitda": 1873000000}, {"date": "2021-12-31", "symbol": "FYBR", "reportedCurrency": "USD", "cik": "0000020520", "fillingDate": "2022-02-25", "acceptedDate": "2022-02-25 16:02:57", "calendarYear": "2021", "period": "FY", "revenue": 7155000000, "costOfRevenue": 3602000000, "grossProfit": 3553000000, "grossProfitRatio": 0.4965758211, "researchAndDevelopmentExpenses": 0, "generalAndAdministrativeExpenses": 0, "sellingAndMarketingExpenses": 0, "sellingGeneralAndAdministrativeExpenses": 1648000000, "otherExpenses": 4548000000, "operatingExpenses": 6196000000, "costAndExpenses": 6196000000, "interestIncome": 374000000, "interestExpense": -762000000, "depreciationAndAmortization": 1240000000, "ebitda": 350000000, "ebitdaratio": 0.0489168414, "operatingIncome": 162000000, "operatingIncomeRatio": 0.0226415094, "totalOtherIncomeExpensesNet": -648000000, "incomeBeforeTax": -486000000, "incomeBeforeTaxRatio": -0.0679245283, "incomeTaxExpense": -84000000, "netIncome": -402000000, "netIncomeRatio": -0.0561844864, "eps": -1.64, "epsdiluted": -1.64, "weightedAverageShsOut": 244416000, "weightedAverageShsOutDil": 244416000, "link": "https://www.sec.gov/Archives/edgar/data/20520/000002052022000004/0000020520-22-000004-index.htm", "finalLink": "https://www.sec.gov/Archives/edgar/data/20520/000002052022000004/fybr-20211231x10k.htm", "calculatedOtherExpenses": 1743000000, "calculatedOperatingExpenses": 3391000000, "calculatedNetInterest": 1136000000, "calculatedOtherIncome": -1784000000, "calculatedIncomeNonControlling": 0, "calculatedEbitda": 1402000000}, {"date": "2020-12-31", "symbol": "FYBR", "reportedCurrency": "USD", "cik": "0000020520", "fillingDate": "2021-03-03", "acceptedDate": "2021-03-03 16:44:49", "calendarYear": "2020", "period": "FY", "revenue": 7155000000, "costOfRevenue": 2701000000, "grossProfit": 4454000000, "grossProfitRatio": 0.622501747, "researchAndDevelopmentExpenses": 0, "generalAndAdministrativeExpenses": 0, "sellingAndMarketingExpenses": 0, "sellingGeneralAndAdministrativeExpenses": 1648000000, "otherExpenses": 1598000000, "operatingExpenses": 3246000000, "costAndExpenses": 5947000000, "interestIncome": 4000000, "interestExpense": 762000000, "depreciationAndAmortization": 1804000000, "ebitda": 2763000000, "ebitdaratio": 0.386163522, "operatingIncome": 959000000, "operatingIncomeRatio": 0.1340321454, "totalOtherIncomeExpensesNet": -1445000000, "incomeBeforeTax": -486000000, "incomeBeforeTaxRatio": -0.0679245283, "incomeTaxExpense": -84000000, "netIncome": -402000000, "netIncomeRatio": -0.0561844864, "eps": -3.85, "epsdiluted": -3.85, "weightedAverageShsOut": 104467000, "weightedAverageShsOutDil": 104467000, "link": "https://www.sec.gov/Archives/edgar/data/20520/000156276221000097/0001562762-21-000097-index.htm", "finalLink": "https://www.sec.gov/Archives/edgar/data/20520/000156276221000097/c520-20201231x10k.htm", "calculatedOtherExpenses": 1847000000, "calculatedOperatingExpenses": 3495000000, "calculatedNetInterest": -758000000, "calculatedOtherIncome": -687000000, "calculatedIncomeNonControlling": 0, "calculatedEbitda": 2763000000}, {"date": "2019-12-31", "symbol": "FYBR", "reportedCurrency": "USD", "cik": "0000020520", "fillingDate": "2020-03-31", "acceptedDate": "2020-03-31 17:21:02", "calendarYear": "2019", "period": "FY", "revenue": 8107000000, "costOfRevenue": 3057000000, "grossProfit": 5050000000, "grossProfitRatio": 0.6229184655, "researchAndDevelopmentExpenses": 0, "generalAndAdministrativeExpenses": 0, "sellingAndMarketingExpenses": 0, "sellingGeneralAndAdministrativeExpenses": 1804000000, "otherExpenses": 1780000000, "operatingExpenses": 3584000000, "costAndExpenses": 6641000000, "interestIncome": 9000000, "interestExpense": 1535000000, "depreciationAndAmortization": 1780000000, "ebitda": 3209000000, "ebitdaratio": 0.3958307635, "operatingIncome": 1429000000, "operatingIncomeRatio": 0.1762674232, "totalOtherIncomeExpensesNet": -7951000000, "incomeBeforeTax": -6522000000, "incomeBeforeTaxRatio": -0.804489947, "incomeTaxExpense": -611000000, "netIncome": -5911000000, "netIncomeRatio": -0.7291229801, "eps": -56.8, "epsdiluted": -56.8, "weightedAverageShsOut": 104065000, "weightedAverageShsOutDil": 104065000, "link": "https://www.sec.gov/Archives/edgar/data/20520/000114036120007583/0001140361-20-007583-index.htm", "finalLink": "https://www.sec.gov/Archives/edgar/data/20520/000114036120007583/form10k.htm", "calculatedOtherExpenses": 1817000000, "calculatedOperatingExpenses": 3621000000, "calculatedNetInterest": -1526000000, "calculatedOtherIncome": -6425000000, "calculatedIncomeNonControlling": 0, "calculatedEbitda": 3209000000}, {"date": "2018-12-31", "symbol": "FYBR", "reportedCurrency": "USD", "cik": "0000020520", "fillingDate": "2019-03-01", "acceptedDate": "2019-02-28 17:50:54", "calendarYear": "2018", "period": "FY", "revenue": 0, "costOfRevenue": 0, "grossProfit": 0, "grossProfitRatio": 0, "researchAndDevelopmentExpenses": 0, "generalAndAdministrativeExpenses": 0, "sellingAndMarketingExpenses": 0, "sellingGeneralAndAdministrativeExpenses": 0, "otherExpenses": -1483000000, "operatingExpenses": -1483000000, "costAndExpenses": -1483000000, "interestIncome": 0, "interestExpense": 0, "depreciationAndAmortization": 0, "ebitda": -1483000000, "ebitdaratio": 0, "operatingIncome": -1483000000, "operatingIncomeRatio": 0, "totalOtherIncomeExpensesNet": 0, "incomeBeforeTax": 0, "incomeBeforeTaxRatio": 0, "incomeTaxExpense": 0, "netIncome": 0, "netIncomeRatio": 0, "eps": 0, "epsdiluted": 0, "weightedAverageShsOut": 89605734, "weightedAverageShsOutDil": 89683000, "link": "https://www.sec.gov/Archives/edgar/data/20520/000002052019000005/0000020520-19-000005-index.htm", "finalLink": "https://www.sec.gov/Archives/edgar/data/20520/000002052019000005/ftr-20181231x10k.htm", "calculatedOtherExpenses": 1483000000, "calculatedOperatingExpenses": 1483000000, "calculatedNetInterest": 0, "calculatedOtherIncome": 1483000000, "calculatedIncomeNonControlling": 0, "calculatedEbitda": -1483000000}, {"date": "2017-12-31", "symbol": "FYBR", "reportedCurrency": "USD", "cik": "0000020520", "fillingDate": "2018-03-01", "acceptedDate": "2018-02-28 18:12:14", "calendarYear": "2017", "period": "FY", "revenue": 9128000000, "costOfRevenue": 0, "grossProfit": 9128000000, "grossProfitRatio": 1, "researchAndDevelopmentExpenses": 0, "generalAndAdministrativeExpenses": 0, "sellingAndMarketingExpenses": 0, "sellingGeneralAndAdministrativeExpenses": 0, "otherExpenses": -10696000000, "operatingExpenses": -10696000000, "costAndExpenses": -10696000000, "interestIncome": 0, "interestExpense": 0, "depreciationAndAmortization": 0, "ebitda": -1568000000, "ebitdaratio": -0.1717791411, "operatingIncome": -1568000000, "operatingIncomeRatio": -0.1717791411, "totalOtherIncomeExpensesNet": 0, "incomeBeforeTax": 0, "incomeBeforeTaxRatio": 0, "incomeTaxExpense": 0, "netIncome": 0, "netIncomeRatio": -0.1978527607, "eps": -23.23, "epsdiluted": -23.23, "weightedAverageShsOut": 77722200, "weightedAverageShsOutDil": 77736000, "link": "https://www.sec.gov/Archives/edgar/data/20520/000002052018000007/0000020520-18-000007-index.htm", "finalLink": "https://www.sec.gov/Archives/edgar/data/20520/000002052018000007/ftr-20171231x10k.htm", "calculatedOtherExpenses": 10696000000, "calculatedOperatingExpenses": 10696000000, "calculatedNetInterest": 0, "calculatedOtherIncome": 1568000000, "calculatedIncomeNonControlling": 0, "calculatedEbitda": -1568000000}, {"date": "2016-12-31", "symbol": "FYBR", "reportedCurrency": "USD", "cik": "0000020520", "fillingDate": "2017-03-01", "acceptedDate": "2017-02-28 17:41:53", "calendarYear": "2016", "period": "FY", "revenue": 8896000000, "costOfRevenue": 0, "grossProfit": 8896000000, "grossProfitRatio": 1, "researchAndDevelopmentExpenses": 0, "generalAndAdministrativeExpenses": 0, "sellingAndMarketingExpenses": 0, "sellingGeneralAndAdministrativeExpenses": 0, "otherExpenses": -8008000000, "operatingExpenses": -8008000000, "costAndExpenses": -8008000000, "interestIncome": 0, "interestExpense": 0, "depreciationAndAmortization": 0, "ebitda": 888000000, "ebitdaratio": 0.0998201439, "operatingIncome": 888000000, "operatingIncomeRatio": 0.0998201439, "totalOtherIncomeExpensesNet": 0, "incomeBeforeTax": 0, "incomeBeforeTaxRatio": 0, "incomeTaxExpense": 0, "netIncome": 0, "netIncomeRatio": -0.0422661871, "eps": -4.84, "epsdiluted": -4.84, "weightedAverageShsOut": 77529566, "weightedAverageShsOutDil": 77607000, "link": "https://www.sec.gov/Archives/edgar/data/20520/000002052017000003/0000020520-17-000003-index.htm", "finalLink": "https://www.sec.gov/Archives/edgar/data/20520/000002052017000003/ftr-20161231x10k.htm", "calculatedOtherExpenses": 8008000000, "calculatedOperatingExpenses": 8008000000, "calculatedNetInterest": 0, "calculatedOtherIncome": -888000000, "calculatedIncomeNonControlling": 0, "calculatedEbitda": 888000000}, {"date": "2014-12-31", "symbol": "FYBR", "reportedCurrency": "USD", "cik": "0000020520", "fillingDate": "2015-02-25", "acceptedDate": "2015-02-24 21:17:02", "calendarYear": "2014", "period": "FY", "revenue": 4772490000, "costOfRevenue": 0, "grossProfit": 4772490000, "grossProfitRatio": 1, "researchAndDevelopmentExpenses": 0, "generalAndAdministrativeExpenses": 0, "sellingAndMarketingExpenses": 0, "sellingGeneralAndAdministrativeExpenses": 0, "otherExpenses": 0, "operatingExpenses": 0, "costAndExpenses": 0, "interestIncome": 0, "interestExpense": 0, "depreciationAndAmortization": 0, "ebitda": 4772490000, "ebitdaratio": 1, "operatingIncome": 4772490000, "operatingIncomeRatio": 1, "totalOtherIncomeExpensesNet": 0, "incomeBeforeTax": 0, "incomeBeforeTaxRatio": 0, "incomeTaxExpense": 0, "netIncome": 0, "netIncomeRatio": 0.0272394494, "eps": 1.95, "epsdiluted": 1.95, "weightedAverageShsOut": 66544137, "weightedAverageShsOutDil": 66666700, "link": "https://www.sec.gov/Archives/edgar/data/20520/000002052015000011/0000020520-15-000011-index.htm", "finalLink": "https://www.sec.gov/Archives/edgar/data/20520/000002052015000011/ftr-20141231x10k.htm", "calculatedOtherExpenses": 0, "calculatedOperatingExpenses": 0, "calculatedNetInterest": 0, "calculatedOtherIncome": -4772490000, "calculatedIncomeNonControlling": 0, "calculatedEbitda": 4772490000}, {"date": "2013-12-31", "symbol": "FYBR", "reportedCurrency": "USD", "cik": "0000020520", "fillingDate": "2014-02-27", "acceptedDate": "2014-02-27 10:39:06", "calendarYear": "2013", "period": "FY", "revenue": 4761576000, "costOfRevenue": 0, "grossProfit": 4761576000, "grossProfitRatio": 1, "researchAndDevelopmentExpenses": 0, "generalAndAdministrativeExpenses": 0, "sellingAndMarketingExpenses": 0, "sellingGeneralAndAdministrativeExpenses": 0, "otherExpenses": -4646098000, "operatingExpenses": -4646098000, "costAndExpenses": -4646098000, "interestIncome": 0, "interestExpense": 0, "depreciationAndAmortization": 0, "ebitda": 115478000, "ebitdaratio": 0.0242520544, "operatingIncome": 115478000, "operatingIncomeRatio": 0.0242520544, "totalOtherIncomeExpensesNet": 0, "incomeBeforeTax": 0, "incomeBeforeTaxRatio": 0, "incomeTaxExpense": 0, "netIncome": 0, "netIncomeRatio": 0.0231015949, "eps": 1.66, "epsdiluted": 1.66, "weightedAverageShsOut": 66266470, "weightedAverageShsOutDil": 66666666, "link": "https://www.sec.gov/Archives/edgar/data/20520/000002052014000017/0000020520-14-000017-index.htm", "finalLink": "https://www.sec.gov/Archives/edgar/data/20520/000002052014000017/ftr-20131231x10k.htm", "calculatedOtherExpenses": 4646098000, "calculatedOperatingExpenses": 4646098000, "calculatedNetInterest": 0, "calculatedOtherIncome": -115478000, "calculatedIncomeNonControlling": 0, "calculatedEbitda": 115478000}, {"date": "2012-12-31", "symbol": "FYBR", "reportedCurrency": "USD", "cik": "0000020520", "fillingDate": "2013-02-27", "acceptedDate": "2013-02-27 11:39:17", "calendarYear": "2012", "period": "FY", "revenue": 5011853000, "costOfRevenue": 0, "grossProfit": 5011853000, "grossProfitRatio": 1, "researchAndDevelopmentExpenses": 0, "generalAndAdministrativeExpenses": 0, "sellingAndMarketingExpenses": 0, "sellingGeneralAndAdministrativeExpenses": 0, "otherExpenses": -4858539000, "operatingExpenses": -4858539000, "costAndExpenses": -4858539000, "interestIncome": 0, "interestExpense": 0, "depreciationAndAmortization": 0, "ebitda": 153314000, "ebitdaratio": 0.0305902827, "operatingIncome": 153314000, "operatingIncomeRatio": 0.0305902827, "totalOtherIncomeExpensesNet": 0, "incomeBeforeTax": 0, "incomeBeforeTaxRatio": 0, "incomeTaxExpense": 0, "netIncome": 0, "netIncomeRatio": 0.0266837435, "eps": 2.02, "epsdiluted": 2.02, "weightedAverageShsOut": 66120003, "weightedAverageShsOutDil": 68582051, "link": "https://www.sec.gov/Archives/edgar/data/20520/000002052013000011/0000020520-13-000011-index.htm", "finalLink": "https://www.sec.gov/Archives/edgar/data/20520/000002052013000011/form10k2012.htm", "calculatedOtherExpenses": 4858539000, "calculatedOperatingExpenses": 4858539000, "calculatedNetInterest": 0, "calculatedOtherIncome": -153314000, "calculatedIncomeNonControlling": 0, "calculatedEbitda": 153314000}, {"date": "2011-12-31", "symbol": "FYBR", "reportedCurrency": "USD", "cik": "0000020520", "fillingDate": "2012-02-23", "acceptedDate": "2012-02-23 16:16:15", "calendarYear": "2011", "period": "FY", "revenue": 5243043000, "costOfRevenue": 0, "grossProfit": 5243043000, "grossProfitRatio": 1, "researchAndDevelopmentExpenses": 0, "generalAndAdministrativeExpenses": 0, "sellingAndMarketingExpenses": 0, "sellingGeneralAndAdministrativeExpenses": 0, "otherExpenses": -5085435000, "operatingExpenses": -5085435000, "costAndExpenses": -5085435000, "interestIncome": 0, "interestExpense": 0, "depreciationAndAmortization": 0, "ebitda": 157608000, "ebitdaratio": 0.0300604058, "operatingIncome": 157608000, "operatingIncomeRatio": 0.0300604058, "totalOtherIncomeExpensesNet": 0, "incomeBeforeTax": 0, "incomeBeforeTaxRatio": 0, "incomeTaxExpense": 0, "netIncome": 0, "netIncomeRatio": 0, "eps": 0, "epsdiluted": 0, "weightedAverageShsOut": 0, "weightedAverageShsOutDil": 0, "link": "https://www.sec.gov/Archives/edgar/data/20520/000002052012000020/0000020520-12-000020-index.htm", "finalLink": "https://www.sec.gov/Archives/edgar/data/20520/000002052012000020/form10k2011.htm", "calculatedOtherExpenses": 5085435000, "calculatedOperatingExpenses": 5085435000, "calculatedNetInterest": 0, "calculatedOtherIncome": -157608000, "calculatedIncomeNonControlling": 0, "calculatedEbitda": 157608000}, {"date": "2010-12-31", "symbol": "FYBR", "reportedCurrency": "USD", "cik": "0000020520", "fillingDate": "2011-02-25", "acceptedDate": "2011-02-25 12:25:21", "calendarYear": "2010", "period": "FY", "revenue": 0, "costOfRevenue": 0, "grossProfit": 0, "grossProfitRatio": 0, "researchAndDevelopmentExpenses": 0, "generalAndAdministrativeExpenses": 0, "sellingAndMarketingExpenses": 0, "sellingGeneralAndAdministrativeExpenses": 0, "otherExpenses": 155717000, "operatingExpenses": 155717000, "costAndExpenses": 155717000, "interestIncome": 0, "interestExpense": 0, "depreciationAndAmortization": 0, "ebitda": 155717000, "ebitdaratio": 0, "operatingIncome": 155717000, "operatingIncomeRatio": 0, "totalOtherIncomeExpensesNet": 0, "incomeBeforeTax": 0, "incomeBeforeTaxRatio": 0, "incomeTaxExpense": 0, "netIncome": 0, "netIncomeRatio": 0, "eps": 0.23, "epsdiluted": 0.23, "weightedAverageShsOut": 0, "weightedAverageShsOutDil": 0, "link": "https://www.sec.gov/Archives/edgar/data/20520/000002052011000010/0000020520-11-000010-index.htm", "finalLink": "https://www.sec.gov/Archives/edgar/data/20520/000002052011000010/form10k.htm", "calculatedOtherExpenses": -155717000, "calculatedOperatingExpenses": -155717000, "calculatedNetInterest": 0, "calculatedOtherIncome": -155717000, "calculatedIncomeNonControlling": 0, "calculatedEbitda": 155717000}, {"date": "2009-12-31", "symbol": "FYBR", "reportedCurrency": "USD", "cik": "0000020520", "fillingDate": "2010-02-26", "acceptedDate": "2010-02-26 10:49:36", "calendarYear": "2009", "period": "FY", "revenue": 0, "costOfRevenue": 0, "grossProfit": 0, "grossProfitRatio": 0, "researchAndDevelopmentExpenses": 0, "generalAndAdministrativeExpenses": 0, "sellingAndMarketingExpenses": 0, "sellingGeneralAndAdministrativeExpenses": 0, "otherExpenses": 123181000, "operatingExpenses": 123181000, "costAndExpenses": 123181000, "interestIncome": 0, "interestExpense": 0, "depreciationAndAmortization": 0, "ebitda": 123181000, "ebitdaratio": 0, "operatingIncome": 123181000, "operatingIncomeRatio": 0, "totalOtherIncomeExpensesNet": 0, "incomeBeforeTax": 0, "incomeBeforeTaxRatio": 0, "incomeTaxExpense": 0, "netIncome": 0, "netIncomeRatio": 0, "eps": 0.38, "epsdiluted": 0.38, "weightedAverageShsOut": 0, "weightedAverageShsOutDil": 0, "link": "https://www.sec.gov/Archives/edgar/data/20520/000002052010000026/0000020520-10-000026-index.htm", "finalLink": "https://www.sec.gov/Archives/edgar/data/20520/000002052010000026/form10k2009.htm", "calculatedOtherExpenses": -123181000, "calculatedOperatingExpenses": -123181000, "calculatedNetInterest": 0, "calculatedOtherIncome": -123181000, "calculatedIncomeNonControlling": 0, "calculatedEbitda": 123181000}]}