{"originalCurrency": "USD", "convertedCurrency": "USD", "report": [{"date": "2023-12-31", "symbol": "GATX", "reportedCurrency": "USD", "cik": "0000040211", "fillingDate": "2024-02-16", "acceptedDate": "2024-02-16 12:38:45", "calendarYear": "2023", "period": "FY", "revenue": 1410900000, "costOfRevenue": 763600000, "grossProfit": 647300000, "grossProfitRatio": 0.4587851726, "researchAndDevelopmentExpenses": 0, "generalAndAdministrativeExpenses": 0, "sellingAndMarketingExpenses": 0, "sellingGeneralAndAdministrativeExpenses": 212700000, "otherExpenses": -46600000, "operatingExpenses": 259300000, "costAndExpenses": 1022900000, "interestIncome": 15200000, "interestExpense": 278600000, "depreciationAndAmortization": 392100000, "ebitda": 780100000, "ebitdaratio": 0.5529094904, "operatingIncome": 388000000, "operatingIncomeRatio": 0.2750017719, "totalOtherIncomeExpensesNet": -142500000, "incomeBeforeTax": 245500000, "incomeBeforeTaxRatio": 0.1740024098, "incomeTaxExpense": 58700000, "netIncome": 259200000, "netIncomeRatio": 0.1837125239, "eps": 7.26, "epsdiluted": 7.26, "weightedAverageShsOut": 35700000, "weightedAverageShsOutDil": 35700000, "link": "https://www.sec.gov/Archives/edgar/data/40211/000004021124000023/0000040211-24-000023-index.htm", "finalLink": "https://www.sec.gov/Archives/edgar/data/40211/000004021124000023/gmt-20231231.htm", "calculatedOtherExpenses": 46600000, "calculatedOperatingExpenses": 259300000, "calculatedNetInterest": -263400000, "calculatedOtherIncome": 120900000, "calculatedIncomeNonControlling": -72400000, "calculatedEbitda": 780100000}, {"date": "2022-12-31", "symbol": "GATX", "reportedCurrency": "USD", "cik": "0000040211", "fillingDate": "2023-02-16", "acceptedDate": "2023-02-16 14:46:33", "calendarYear": "2022", "period": "FY", "revenue": 1273000000, "costOfRevenue": 700400000, "grossProfit": 572600000, "grossProfitRatio": 0.4498036135, "researchAndDevelopmentExpenses": 0, "generalAndAdministrativeExpenses": 0, "sellingAndMarketingExpenses": 0, "sellingGeneralAndAdministrativeExpenses": 195000000, "otherExpenses": 37400000, "operatingExpenses": 232400000, "costAndExpenses": 932800000, "interestIncome": 6400000, "interestExpense": 214000000, "depreciationAndAmortization": 371300000, "ebitda": 313200000, "ebitdaratio": 0.2460329929, "operatingIncome": -58100000, "operatingIncomeRatio": -0.04564022, "totalOtherIncomeExpensesNet": 235200000, "incomeBeforeTax": 177100000, "incomeBeforeTaxRatio": 0.1391201885, "incomeTaxExpense": 54800000, "netIncome": 122300000, "netIncomeRatio": 0.0960722702, "eps": 3.45, "epsdiluted": 3.41, "weightedAverageShsOut": 35400000, "weightedAverageShsOutDil": 35900000, "link": "https://www.sec.gov/Archives/edgar/data/40211/000004021123000023/0000040211-23-000023-index.htm", "finalLink": "https://www.sec.gov/Archives/edgar/data/40211/000004021123000023/gmt-20221231.htm", "calculatedOtherExpenses": 435700000, "calculatedOperatingExpenses": 630700000, "calculatedNetInterest": -207600000, "calculatedOtherIncome": 442800000, "calculatedIncomeNonControlling": 0, "calculatedEbitda": 313200000}, {"date": "2021-12-31", "symbol": "GATX", "reportedCurrency": "USD", "cik": "0000040211", "fillingDate": "2022-02-17", "acceptedDate": "2022-02-17 16:15:31", "calendarYear": "2021", "period": "FY", "revenue": 1257400000, "costOfRevenue": 718200000, "grossProfit": 539200000, "grossProfitRatio": 0.4288213774, "researchAndDevelopmentExpenses": 0, "generalAndAdministrativeExpenses": 0, "sellingAndMarketingExpenses": 0, "sellingGeneralAndAdministrativeExpenses": 198300000, "otherExpenses": 44000000, "operatingExpenses": 242300000, "costAndExpenses": 960500000, "interestIncome": 700000, "interestExpense": 204000000, "depreciationAndAmortization": 364400000, "ebitda": 293200000, "ebitdaratio": 0.2331795769, "operatingIncome": -71200000, "operatingIncomeRatio": -0.0566247813, "totalOtherIncomeExpensesNet": 266300000, "incomeBeforeTax": 195100000, "incomeBeforeTaxRatio": 0.1551614443, "incomeTaxExpense": 53200000, "netIncome": 143100000, "netIncomeRatio": 0.1138062669, "eps": 4.04, "epsdiluted": 3.98, "weightedAverageShsOut": 35400000, "weightedAverageShsOutDil": 36000000, "link": "https://www.sec.gov/Archives/edgar/data/40211/000004021122000023/0000040211-22-000023-index.htm", "finalLink": "https://www.sec.gov/Archives/edgar/data/40211/000004021122000023/gmt-20211231.htm", "calculatedOtherExpenses": 412100000, "calculatedOperatingExpenses": 610400000, "calculatedNetInterest": -203300000, "calculatedOtherIncome": 469600000, "calculatedIncomeNonControlling": -1200000, "calculatedEbitda": 293200000}, {"date": "2020-12-31", "symbol": "GATX", "reportedCurrency": "USD", "cik": "0000040211", "fillingDate": "2021-02-18", "acceptedDate": "2021-02-18 12:06:12", "calendarYear": "2020", "period": "FY", "revenue": 1209200000, "costOfRevenue": 715000000, "grossProfit": 494200000, "grossProfitRatio": 0.4086999669, "researchAndDevelopmentExpenses": 0, "generalAndAdministrativeExpenses": 0, "sellingAndMarketingExpenses": 0, "sellingGeneralAndAdministrativeExpenses": 172000000, "otherExpenses": 35300000, "operatingExpenses": 207300000, "costAndExpenses": 922300000, "interestIncome": 1500000, "interestExpense": 190300000, "depreciationAndAmortization": 330500000, "ebitda": 273900000, "ebitdaratio": 0.2265133973, "operatingIncome": -56600000, "operatingIncomeRatio": -0.0468078068, "totalOtherIncomeExpensesNet": 181900000, "incomeBeforeTax": 125300000, "incomeBeforeTaxRatio": 0.1036222296, "incomeTaxExpense": 37300000, "netIncome": 88000000, "netIncomeRatio": 0.0727753887, "eps": 2.51, "epsdiluted": 2.49, "weightedAverageShsOut": 35000000, "weightedAverageShsOutDil": 35400000, "link": "https://www.sec.gov/Archives/edgar/data/40211/000004021121000018/0000040211-21-000018-index.htm", "finalLink": "https://www.sec.gov/Archives/edgar/data/40211/000004021121000018/gmt-20201231.htm", "calculatedOtherExpenses": 378800000, "calculatedOperatingExpenses": 550800000, "calculatedNetInterest": -188800000, "calculatedOtherIncome": 370700000, "calculatedIncomeNonControlling": 0, "calculatedEbitda": 273900000}, {"date": "2019-12-31", "symbol": "GATX", "reportedCurrency": "USD", "cik": "0000040211", "fillingDate": "2020-02-19", "acceptedDate": "2020-02-19 17:05:14", "calendarYear": "2019", "period": "FY", "revenue": 1202100000, "costOfRevenue": 709000000, "grossProfit": 493100000, "grossProfitRatio": 0.4101988187, "researchAndDevelopmentExpenses": 0, "generalAndAdministrativeExpenses": 188600000, "sellingAndMarketingExpenses": -8200000, "sellingGeneralAndAdministrativeExpenses": 180400000, "otherExpenses": 31300000, "operatingExpenses": 211700000, "costAndExpenses": 920700000, "interestIncome": 3800000, "interestExpense": 180500000, "depreciationAndAmortization": 332700000, "ebitda": 606800000, "ebitdaratio": 0.5047832959, "operatingIncome": 274100000, "operatingIncomeRatio": 0.2280176358, "totalOtherIncomeExpensesNet": -128900000, "incomeBeforeTax": 145200000, "incomeBeforeTaxRatio": 0.1207886199, "incomeTaxExpense": 40900000, "netIncome": 104300000, "netIncomeRatio": 0.0867648282, "eps": 2.92, "epsdiluted": 2.87, "weightedAverageShsOut": 35700000, "weightedAverageShsOutDil": 36400000, "link": "https://www.sec.gov/Archives/edgar/data/40211/000004021120000017/0000040211-20-000017-index.htm", "finalLink": "https://www.sec.gov/Archives/edgar/data/40211/000004021120000017/gatx20191231-10k.htm", "calculatedOtherExpenses": 38600000, "calculatedOperatingExpenses": 219000000, "calculatedNetInterest": -176700000, "calculatedOtherIncome": 47800000, "calculatedIncomeNonControlling": 0, "calculatedEbitda": 606800000}, {"date": "2018-12-31", "symbol": "GATX", "reportedCurrency": "USD", "cik": "0000040211", "fillingDate": "2019-02-25", "acceptedDate": "2019-02-25 14:53:14", "calendarYear": "2018", "period": "FY", "revenue": 1360900000, "costOfRevenue": 824200000, "grossProfit": 536700000, "grossProfitRatio": 0.3943713719, "researchAndDevelopmentExpenses": 0, "generalAndAdministrativeExpenses": 191100000, "sellingAndMarketingExpenses": 0, "sellingGeneralAndAdministrativeExpenses": 191100000, "otherExpenses": -21600000, "operatingExpenses": 224200000, "costAndExpenses": 1048400000, "interestIncome": 0, "interestExpense": 168600000, "depreciationAndAmortization": 321900000, "ebitda": 290900000, "ebitdaratio": 0.2137556029, "operatingIncome": 312500000, "operatingIncomeRatio": 0.2296274524, "totalOtherIncomeExpensesNet": 51200000, "incomeBeforeTax": 195100000, "incomeBeforeTaxRatio": 0.1433610111, "incomeTaxExpense": 34100000, "netIncome": 211300000, "netIncomeRatio": 0.1552648982, "eps": 5.62, "epsdiluted": 5.52, "weightedAverageShsOut": 37600000, "weightedAverageShsOutDil": 38300000, "link": "https://www.sec.gov/Archives/edgar/data/40211/000004021119000020/0000040211-19-000020-index.htm", "finalLink": "https://www.sec.gov/Archives/edgar/data/40211/000004021119000020/gatx20181231-10k.htm", "calculatedOtherExpenses": 33100000, "calculatedOperatingExpenses": 224200000, "calculatedNetInterest": -168600000, "calculatedOtherIncome": 51200000, "calculatedIncomeNonControlling": -50300000, "calculatedEbitda": 634400000}, {"date": "2017-12-31", "symbol": "GATX", "reportedCurrency": "USD", "cik": "0000040211", "fillingDate": "2018-02-21", "acceptedDate": "2018-02-21 16:51:46", "calendarYear": "2017", "period": "FY", "revenue": 1376900000, "costOfRevenue": 829100000, "grossProfit": 547800000, "grossProfitRatio": 0.3978502433, "researchAndDevelopmentExpenses": 0, "generalAndAdministrativeExpenses": 181500000, "sellingAndMarketingExpenses": 0, "sellingGeneralAndAdministrativeExpenses": 181500000, "otherExpenses": -11100000, "operatingExpenses": 215900000, "costAndExpenses": 1045000000, "interestIncome": 0, "interestExpense": 160500000, "depreciationAndAmortization": 307300000, "ebitda": 320800000, "ebitdaratio": 0.232987145, "operatingIncome": 331900000, "operatingIncomeRatio": 0.2410487327, "totalOtherIncomeExpensesNet": 43000000, "incomeBeforeTax": 214400000, "incomeBeforeTaxRatio": 0.1557121069, "incomeTaxExpense": -243700000, "netIncome": 502000000, "netIncomeRatio": 0.364587116, "eps": 12.94, "epsdiluted": 12.74, "weightedAverageShsOut": 38800000, "weightedAverageShsOutDil": 39400000, "link": "https://www.sec.gov/Archives/edgar/data/40211/000004021118000023/0000040211-18-000023-index.htm", "finalLink": "https://www.sec.gov/Archives/edgar/data/40211/000004021118000023/gatx20171231-10k.htm", "calculatedOtherExpenses": 34400000, "calculatedOperatingExpenses": 215900000, "calculatedNetInterest": -160500000, "calculatedOtherIncome": 43000000, "calculatedIncomeNonControlling": -43900000, "calculatedEbitda": 639200000}, {"date": "2016-12-31", "symbol": "GATX", "reportedCurrency": "USD", "cik": "0000040211", "fillingDate": "2017-02-22", "acceptedDate": "2017-02-22 16:50:52", "calendarYear": "2016", "period": "FY", "revenue": 1418300000, "costOfRevenue": 832500000, "grossProfit": 585800000, "grossProfitRatio": 0.4130296834, "researchAndDevelopmentExpenses": 0, "generalAndAdministrativeExpenses": 174700000, "sellingAndMarketingExpenses": 0, "sellingGeneralAndAdministrativeExpenses": 174700000, "otherExpenses": -11800000, "operatingExpenses": 218500000, "costAndExpenses": 1051000000, "interestIncome": 0, "interestExpense": 148100000, "depreciationAndAmortization": 297200000, "ebitda": 355500000, "ebitdaratio": 0.2506521892, "operatingIncome": 367300000, "operatingIncomeRatio": 0.2589720087, "totalOtherIncomeExpensesNet": 86200000, "incomeBeforeTax": 305400000, "incomeBeforeTaxRatio": 0.2153282098, "incomeTaxExpense": 95700000, "netIncome": 257100000, "netIncomeRatio": 0.1812733554, "eps": 6.35, "epsdiluted": 6.29, "weightedAverageShsOut": 40500000, "weightedAverageShsOutDil": 40900000, "link": "https://www.sec.gov/Archives/edgar/data/40211/000004021117000012/0000040211-17-000012-index.htm", "finalLink": "https://www.sec.gov/Archives/edgar/data/40211/000004021117000012/gatx20161231-10k.htm", "calculatedOtherExpenses": 43800000, "calculatedOperatingExpenses": 218500000, "calculatedNetInterest": -148100000, "calculatedOtherIncome": 86200000, "calculatedIncomeNonControlling": -47400000, "calculatedEbitda": 664500000}, {"date": "2015-12-31", "symbol": "GATX", "reportedCurrency": "USD", "cik": "0000040211", "fillingDate": "2016-02-24", "acceptedDate": "2016-02-24 14:48:34", "calendarYear": "2015", "period": "FY", "revenue": 1449900000, "costOfRevenue": 859700000, "grossProfit": 590200000, "grossProfitRatio": 0.407062556, "researchAndDevelopmentExpenses": 0, "generalAndAdministrativeExpenses": 192400000, "sellingAndMarketingExpenses": 0, "sellingGeneralAndAdministrativeExpenses": 192400000, "otherExpenses": -13200000, "operatingExpenses": 230800000, "costAndExpenses": 1090500000, "interestIncome": 0, "interestExpense": 155100000, "depreciationAndAmortization": 290500000, "ebitda": 346200000, "ebitdaratio": 0.2387750879, "operatingIncome": 359400000, "operatingIncomeRatio": 0.2478791641, "totalOtherIncomeExpensesNet": 66000000, "incomeBeforeTax": 270300000, "incomeBeforeTaxRatio": 0.1864266501, "incomeTaxExpense": 110900000, "netIncome": 205300000, "netIncomeRatio": 0.1415959721, "eps": 4.76, "epsdiluted": 4.69, "weightedAverageShsOut": 43100000, "weightedAverageShsOutDil": 43800000, "link": "https://www.sec.gov/Archives/edgar/data/40211/000004021116000064/0000040211-16-000064-index.htm", "finalLink": "https://www.sec.gov/Archives/edgar/data/40211/000004021116000064/gmt20151231-10k.htm", "calculatedOtherExpenses": 38400000, "calculatedOperatingExpenses": 230800000, "calculatedNetInterest": -155100000, "calculatedOtherIncome": 66000000, "calculatedIncomeNonControlling": -45900000, "calculatedEbitda": 649900000}, {"date": "2014-12-31", "symbol": "GATX", "reportedCurrency": "USD", "cik": "0000040211", "fillingDate": "2015-02-25", "acceptedDate": "2015-02-25 17:22:53", "calendarYear": "2014", "period": "FY", "revenue": 1451000000, "costOfRevenue": 917000000, "grossProfit": 534000000, "grossProfitRatio": 0.3680220538, "researchAndDevelopmentExpenses": 0, "generalAndAdministrativeExpenses": 189200000, "sellingAndMarketingExpenses": 0, "sellingGeneralAndAdministrativeExpenses": 189200000, "otherExpenses": -13500000, "operatingExpenses": 218100000, "costAndExpenses": 1135100000, "interestIncome": 0, "interestExpense": 158400000, "depreciationAndAmortization": 273500000, "ebitda": 302400000, "ebitdaratio": 0.2084079945, "operatingIncome": 315900000, "operatingIncomeRatio": 0.2177119228, "totalOtherIncomeExpensesNet": 73700000, "incomeBeforeTax": 231200000, "incomeBeforeTaxRatio": 0.1593383873, "incomeTaxExpense": 75700000, "netIncome": 205000000, "netIncomeRatio": 0.1412818746, "eps": 4.56, "epsdiluted": 4.48, "weightedAverageShsOut": 45000000, "weightedAverageShsOutDil": 45800000, "link": "https://www.sec.gov/Archives/edgar/data/40211/000004021115000009/0000040211-15-000009-index.htm", "finalLink": "https://www.sec.gov/Archives/edgar/data/40211/000004021115000009/gmt20141231-10k.htm", "calculatedOtherExpenses": 28900000, "calculatedOperatingExpenses": 218100000, "calculatedNetInterest": -158400000, "calculatedOtherIncome": 73700000, "calculatedIncomeNonControlling": -49500000, "calculatedEbitda": 589400000}, {"date": "2013-12-31", "symbol": "GATX", "reportedCurrency": "USD", "cik": "0000040211", "fillingDate": "2014-02-25", "acceptedDate": "2014-02-25 16:11:14", "calendarYear": "2013", "period": "FY", "revenue": 1321000000, "costOfRevenue": 868200000, "grossProfit": 452800000, "grossProfitRatio": 0.3427706283, "researchAndDevelopmentExpenses": 0, "generalAndAdministrativeExpenses": 178300000, "sellingAndMarketingExpenses": 0, "sellingGeneralAndAdministrativeExpenses": 178300000, "otherExpenses": -8400000, "operatingExpenses": 204400000, "costAndExpenses": 1072600000, "interestIncome": 0, "interestExpense": 166600000, "depreciationAndAmortization": 255000000, "ebitda": 240000000, "ebitdaratio": 0.181680545, "operatingIncome": 248400000, "operatingIncomeRatio": 0.1880393641, "totalOtherIncomeExpensesNet": 77200000, "incomeBeforeTax": 159000000, "incomeBeforeTaxRatio": 0.1203633611, "incomeTaxExpense": 65500000, "netIncome": 169300000, "netIncomeRatio": 0.1281604845, "eps": 3.65, "epsdiluted": 3.59, "weightedAverageShsOut": 46400000, "weightedAverageShsOutDil": 47100000, "link": "https://www.sec.gov/Archives/edgar/data/40211/000004021114000010/0000040211-14-000010-index.htm", "finalLink": "https://www.sec.gov/Archives/edgar/data/40211/000004021114000010/gmt20131231-10k.htm", "calculatedOtherExpenses": 26100000, "calculatedOperatingExpenses": 204400000, "calculatedNetInterest": -166600000, "calculatedOtherIncome": 77200000, "calculatedIncomeNonControlling": -75800000, "calculatedEbitda": 503400000}, {"date": "2012-12-31", "symbol": "GATX", "reportedCurrency": "USD", "cik": "0000040211", "fillingDate": "2013-02-26", "acceptedDate": "2013-02-26 16:15:54", "calendarYear": "2012", "period": "FY", "revenue": 1243200000, "costOfRevenue": 819700000, "grossProfit": 423500000, "grossProfitRatio": 0.3406531532, "researchAndDevelopmentExpenses": 0, "generalAndAdministrativeExpenses": 160200000, "sellingAndMarketingExpenses": 0, "sellingGeneralAndAdministrativeExpenses": 160200000, "otherExpenses": -8200000, "operatingExpenses": 184400000, "costAndExpenses": 1004100000, "interestIncome": 0, "interestExpense": 166600000, "depreciationAndAmortization": 237400000, "ebitda": 230900000, "ebitdaratio": 0.1857303732, "operatingIncome": 239100000, "operatingIncomeRatio": 0.1923262548, "totalOtherIncomeExpensesNet": 71300000, "incomeBeforeTax": 143800000, "incomeBeforeTaxRatio": 0.1156692407, "incomeTaxExpense": 26100000, "netIncome": 137300000, "netIncomeRatio": 0.1104407979, "eps": 2.93, "epsdiluted": 2.88, "weightedAverageShsOut": 46800000, "weightedAverageShsOutDil": 47600000, "link": "https://www.sec.gov/Archives/edgar/data/40211/000144530513000340/0001445305-13-000340-index.htm", "finalLink": "https://www.sec.gov/Archives/edgar/data/40211/000144530513000340/gatx-2012x10k.htm", "calculatedOtherExpenses": 24200000, "calculatedOperatingExpenses": 184400000, "calculatedNetInterest": -166600000, "calculatedOtherIncome": 71300000, "calculatedIncomeNonControlling": -19600000, "calculatedEbitda": 476500000}, {"date": "2011-12-31", "symbol": "GATX", "reportedCurrency": "USD", "cik": "0000040211", "fillingDate": "2012-02-24", "acceptedDate": "2012-02-24 13:01:56", "calendarYear": "2011", "period": "FY", "revenue": 1308500000, "costOfRevenue": 560400000, "grossProfit": 748100000, "grossProfitRatio": 0.5717233473, "researchAndDevelopmentExpenses": 0, "generalAndAdministrativeExpenses": 155300000, "sellingAndMarketingExpenses": 44600000, "sellingGeneralAndAdministrativeExpenses": 155300000, "otherExpenses": 503200000, "operatingExpenses": 431000000, "costAndExpenses": 991400000, "interestIncome": 700000, "interestExpense": 168900000, "depreciationAndAmortization": 226500000, "ebitda": 543600000, "ebitdaratio": 0.4154375239, "operatingIncome": 325700000, "operatingIncomeRatio": 0.2489109668, "totalOtherIncomeExpensesNet": -8600000, "incomeBeforeTax": 148200000, "incomeBeforeTaxRatio": 0.1132594574, "incomeTaxExpense": 37400000, "netIncome": 110800000, "netIncomeRatio": 0.0846771112, "eps": 2.39, "epsdiluted": 2.35, "weightedAverageShsOut": 46400000, "weightedAverageShsOutDil": 47200000, "link": "https://www.sec.gov/Archives/edgar/data/40211/000119312512077477/0001193125-12-077477-index.htm", "finalLink": "https://www.sec.gov/Archives/edgar/data/40211/000119312512077477/d262310d10k.htm", "calculatedOtherExpenses": 267100000, "calculatedOperatingExpenses": 422400000, "calculatedNetInterest": -168200000, "calculatedOtherIncome": -9300000, "calculatedIncomeNonControlling": 0, "calculatedEbitda": 552200000}, {"date": "2010-12-31", "symbol": "GATX", "reportedCurrency": "USD", "cik": "0000040211", "fillingDate": "2011-02-23", "acceptedDate": "2011-02-23 17:15:46", "calendarYear": "2010", "period": "FY", "revenue": 1204900000, "costOfRevenue": 536300000, "grossProfit": 668600000, "grossProfitRatio": 0.5549008216, "researchAndDevelopmentExpenses": 0, "generalAndAdministrativeExpenses": 134800000, "sellingAndMarketingExpenses": 31400000, "sellingGeneralAndAdministrativeExpenses": 187100000, "otherExpenses": 484000000, "operatingExpenses": 404100000, "costAndExpenses": 940400000, "interestIncome": 200000, "interestExpense": 167100000, "depreciationAndAmortization": 217000000, "ebitda": 481500000, "ebitdaratio": 0.3996182256, "operatingIncome": 278700000, "operatingIncomeRatio": 0.2313055025, "totalOtherIncomeExpensesNet": -14200000, "incomeBeforeTax": 97400000, "incomeBeforeTaxRatio": 0.0808365839, "incomeTaxExpense": 16600000, "netIncome": 80800000, "netIncomeRatio": 0.067059507, "eps": 1.75, "epsdiluted": 1.72, "weightedAverageShsOut": 46100000, "weightedAverageShsOutDil": 47000000, "link": "https://www.sec.gov/Archives/edgar/data/40211/000095012311017209/0000950123-11-017209-index.htm", "finalLink": "https://www.sec.gov/Archives/edgar/data/40211/000095012311017209/c61268e10vk.htm", "calculatedOtherExpenses": 202800000, "calculatedOperatingExpenses": 389900000, "calculatedNetInterest": -166900000, "calculatedOtherIncome": -14400000, "calculatedIncomeNonControlling": 0, "calculatedEbitda": 495700000}, {"date": "2009-12-31", "symbol": "GATX", "reportedCurrency": "USD", "cik": "0000040211", "fillingDate": "2010-02-25", "acceptedDate": "2010-02-25 16:59:24", "calendarYear": "2009", "period": "FY", "revenue": 1124900000, "costOfRevenue": 878000000, "grossProfit": 246900000, "grossProfitRatio": 0.2194861765, "researchAndDevelopmentExpenses": 0, "generalAndAdministrativeExpenses": 127800000, "sellingAndMarketingExpenses": 29800000, "sellingGeneralAndAdministrativeExpenses": 127800000, "otherExpenses": 217700000, "operatingExpenses": 168000000, "costAndExpenses": 1046000000, "interestIncome": 500000, "interestExpense": 167500000, "depreciationAndAmortization": 227300000, "ebitda": 275400000, "ebitdaratio": 0.2448217619, "operatingIncome": 286600000, "operatingIncomeRatio": 0.2547782025, "totalOtherIncomeExpensesNet": 29000000, "incomeBeforeTax": 107900000, "incomeBeforeTaxRatio": 0.0959196373, "incomeTaxExpense": 26500000, "netIncome": 81400000, "netIncomeRatio": 0.0723619877, "eps": 1.74, "epsdiluted": 1.66, "weightedAverageShsOut": 46800000, "weightedAverageShsOutDil": 48900000, "link": "https://www.sec.gov/Archives/edgar/data/40211/000095012310017129/0000950123-10-017129-index.htm", "finalLink": "https://www.sec.gov/Archives/edgar/data/40211/000095012310017129/c55369e10vk.htm", "calculatedOtherExpenses": -167500000, "calculatedOperatingExpenses": -39700000, "calculatedNetInterest": -167000000, "calculatedOtherIncome": -11700000, "calculatedIncomeNonControlling": 0, "calculatedEbitda": 513900000}, {"date": "2008-12-31", "symbol": "GATX", "reportedCurrency": "USD", "cik": "0000040211", "fillingDate": "2009-02-25", "acceptedDate": "2009-02-25 17:24:23", "calendarYear": "2008", "period": "FY", "revenue": 1443100000, "costOfRevenue": 604200000, "grossProfit": 838900000, "grossProfitRatio": 0.581317996, "researchAndDevelopmentExpenses": 0, "generalAndAdministrativeExpenses": 168000000, "sellingAndMarketingExpenses": 54600000, "sellingGeneralAndAdministrativeExpenses": 168000000, "otherExpenses": 208700000, "operatingExpenses": 422300000, "costAndExpenses": 1026500000, "interestIncome": 3100000, "interestExpense": 147000000, "depreciationAndAmortization": 208700000, "ebitda": 625300000, "ebitdaratio": 0.4333033054, "operatingIncome": 224600000, "operatingIncomeRatio": 0.15563717, "totalOtherIncomeExpensesNet": 45000000, "incomeBeforeTax": 269600000, "incomeBeforeTaxRatio": 0.1868200402, "incomeTaxExpense": 73600000, "netIncome": 196000000, "netIncomeRatio": 0.1358187236, "eps": 4.12, "epsdiluted": 3.84, "weightedAverageShsOut": 47600000, "weightedAverageShsOutDil": 51000000, "link": "https://www.sec.gov/Archives/edgar/data/40211/000095013709001303/0000950137-09-001303-index.htm", "finalLink": "https://www.sec.gov/Archives/edgar/data/40211/000095013709001303/c48751e10vk.htm", "calculatedOtherExpenses": 446300000, "calculatedOperatingExpenses": 614300000, "calculatedNetInterest": -143900000, "calculatedOtherIncome": 188900000, "calculatedIncomeNonControlling": 0, "calculatedEbitda": 433300000}, {"date": "2007-12-31", "symbol": "GATX", "reportedCurrency": "USD", "cik": "0000040211", "fillingDate": "2008-02-29", "acceptedDate": "2008-02-29 16:28:01", "calendarYear": "2007", "period": "FY", "revenue": 1346000000, "costOfRevenue": 475100000, "grossProfit": 870900000, "grossProfitRatio": 0.6470282318, "researchAndDevelopmentExpenses": 0, "generalAndAdministrativeExpenses": 158700000, "sellingAndMarketingExpenses": 61400000, "sellingGeneralAndAdministrativeExpenses": 158700000, "otherExpenses": 451300000, "operatingExpenses": 610000000, "costAndExpenses": 1085100000, "interestIncome": 0, "interestExpense": 127900000, "depreciationAndAmortization": 203100000, "ebitda": 466300000, "ebitdaratio": 0.3464338782, "operatingIncome": 260900000, "operatingIncomeRatio": 0.193833581, "totalOtherIncomeExpensesNet": -2300000, "incomeBeforeTax": 258600000, "incomeBeforeTaxRatio": 0.1921248143, "incomeTaxExpense": 72800000, "netIncome": 203700000, "netIncomeRatio": 0.1513372957, "eps": 4.08, "epsdiluted": 3.68, "weightedAverageShsOut": 49900000, "weightedAverageShsOutDil": 55400000, "link": "https://www.sec.gov/Archives/edgar/data/40211/000095013708003102/0000950137-08-003102-index.htm", "finalLink": "https://www.sec.gov/Archives/edgar/data/40211/000095013708003102/c22861e10vk.htm", "calculatedOtherExpenses": 451300000, "calculatedOperatingExpenses": 610000000, "calculatedNetInterest": -127900000, "calculatedOtherIncome": 125600000, "calculatedIncomeNonControlling": -17900000, "calculatedEbitda": 464000000}, {"date": "2006-12-31", "symbol": "GATX", "reportedCurrency": "USD", "cik": "0000040211", "fillingDate": "2007-03-01", "acceptedDate": "2007-03-01 14:04:26", "calendarYear": "2006", "period": "FY", "revenue": 1229100000, "costOfRevenue": 459100000, "grossProfit": 770000000, "grossProfitRatio": 0.6264746563, "researchAndDevelopmentExpenses": 0, "generalAndAdministrativeExpenses": 146700000, "sellingAndMarketingExpenses": 47600000, "sellingGeneralAndAdministrativeExpenses": 146700000, "otherExpenses": 391700000, "operatingExpenses": 538400000, "costAndExpenses": 997500000, "interestIncome": 0, "interestExpense": 129199999, "depreciationAndAmortization": 179200000, "ebitda": 416300000, "ebitdaratio": 0.3387031161, "operatingIncome": 231600000, "operatingIncomeRatio": 0.1884305589, "totalOtherIncomeExpensesNet": -5500000, "incomeBeforeTax": 226100000, "incomeBeforeTaxRatio": 0.18395574, "incomeTaxExpense": 75600000, "netIncome": 111700000, "netIncomeRatio": 0.0908795053, "eps": 2.19, "epsdiluted": 1.8, "weightedAverageShsOut": 51001000, "weightedAverageShsOutDil": 62101000, "link": "https://www.sec.gov/Archives/edgar/data/40211/000095013707003092/0000950137-07-003092-index.htm", "finalLink": "https://www.sec.gov/Archives/edgar/data/40211/000095013707003092/c11771e10vk.htm", "calculatedOtherExpenses": 391700000, "calculatedOperatingExpenses": 538400000, "calculatedNetInterest": -129199999, "calculatedOtherIncome": 123699999, "calculatedIncomeNonControlling": 38800000, "calculatedEbitda": 410800000}, {"date": "2005-12-31", "symbol": "GATX", "reportedCurrency": "USD", "cik": "0000040211", "fillingDate": "2006-03-10", "acceptedDate": "2006-03-10 17:24:26", "calendarYear": "2005", "period": "FY", "revenue": 1134600000, "costOfRevenue": 554400000, "grossProfit": 580200000, "grossProfitRatio": 0.5113696457, "researchAndDevelopmentExpenses": 0, "generalAndAdministrativeExpenses": 167500000, "sellingAndMarketingExpenses": 0, "sellingGeneralAndAdministrativeExpenses": 167500000, "otherExpenses": 440500000, "operatingExpenses": 608000000, "costAndExpenses": 1162400000, "interestIncome": 0, "interestExpense": 0, "depreciationAndAmortization": 296100000, "ebitda": 268300000, "ebitdaratio": 0.236471003, "operatingIncome": -27800000, "operatingIncomeRatio": -0.0245020271, "totalOtherIncomeExpensesNet": 0, "incomeBeforeTax": -27800000, "incomeBeforeTaxRatio": -0.0245020271, "incomeTaxExpense": -12700000, "netIncome": -14300000, "netIncomeRatio": -0.0126035607, "eps": -0.29, "epsdiluted": -0.29, "weightedAverageShsOut": 50106000, "weightedAverageShsOutDil": 50106000, "link": "https://www.sec.gov/Archives/edgar/data/40211/000095013706002873/0000950137-06-002873-index.htm", "finalLink": "https://www.sec.gov/Archives/edgar/data/40211/000095013706002873/c01427e10vk.txt", "calculatedOtherExpenses": 440500000, "calculatedOperatingExpenses": 608000000, "calculatedNetInterest": 0, "calculatedOtherIncome": 0, "calculatedIncomeNonControlling": -800000, "calculatedEbitda": 268300000}, {"date": "2004-12-31", "symbol": "GATX", "reportedCurrency": "USD", "cik": "0000040211", "fillingDate": "2005-03-14", "acceptedDate": "2005-03-14 13:17:32", "calendarYear": "2004", "period": "FY", "revenue": 1231400000, "costOfRevenue": 530600000, "grossProfit": 700800000, "grossProfitRatio": 0.569108332, "researchAndDevelopmentExpenses": 0, "generalAndAdministrativeExpenses": 163300000, "sellingAndMarketingExpenses": 0, "sellingGeneralAndAdministrativeExpenses": 163300000, "otherExpenses": 310800000, "operatingExpenses": 474100000, "costAndExpenses": 1004700000, "interestIncome": 0, "interestExpense": 0, "depreciationAndAmortization": 211200000, "ebitda": 437900000, "ebitdaratio": 0.3556114991, "operatingIncome": 226700000, "operatingIncomeRatio": 0.1840993991, "totalOtherIncomeExpensesNet": 0, "incomeBeforeTax": 226700000, "incomeBeforeTaxRatio": 0.1840993991, "incomeTaxExpense": 68200000, "netIncome": 169600000, "netIncomeRatio": 0.1377294137, "eps": 3.44, "epsdiluted": 2.83, "weightedAverageShsOut": 49348000, "weightedAverageShsOutDil": 60002000, "link": "https://www.sec.gov/Archives/edgar/data/40211/000095013705002962/0000950137-05-002962-index.htm", "finalLink": "https://www.sec.gov/Archives/edgar/data/40211/000095013705002962/c90457e10vk.txt", "calculatedOtherExpenses": 310800000, "calculatedOperatingExpenses": 474100000, "calculatedNetInterest": 0, "calculatedOtherIncome": 0, "calculatedIncomeNonControlling": -11100000, "calculatedEbitda": 437900000}, {"date": "2003-12-31", "symbol": "GATX", "reportedCurrency": "USD", "cik": "0000040211", "fillingDate": "2004-03-15", "acceptedDate": "2004-03-15 14:50:02", "calendarYear": "2003", "period": "FY", "revenue": 1314500000, "costOfRevenue": 688800000, "grossProfit": 625700000, "grossProfitRatio": 0.4759984785, "researchAndDevelopmentExpenses": 0, "generalAndAdministrativeExpenses": 198700000, "sellingAndMarketingExpenses": 0, "sellingGeneralAndAdministrativeExpenses": 198700000, "otherExpenses": 324100000, "operatingExpenses": 522800000, "costAndExpenses": 1211600000, "interestIncome": 0, "interestExpense": 0, "depreciationAndAmortization": 358200000, "ebitda": 461100000, "ebitdaratio": 0.3507797642, "operatingIncome": 102900000, "operatingIncomeRatio": 0.0782807151, "totalOtherIncomeExpensesNet": 0, "incomeBeforeTax": 102900000, "incomeBeforeTaxRatio": 0.0782807151, "incomeTaxExpense": 26000000, "netIncome": 76900000, "netIncomeRatio": 0.0585013313, "eps": 1.57, "epsdiluted": 1.56, "weightedAverageShsOut": 49082000, "weightedAverageShsOutDil": 49195000, "link": "https://www.sec.gov/Archives/edgar/data/40211/000095013704001861/0000950137-04-001861-index.htm", "finalLink": "https://www.sec.gov/Archives/edgar/data/40211/000095013704001861/c82927e10vk.txt", "calculatedOtherExpenses": 324100000, "calculatedOperatingExpenses": 522800000, "calculatedNetInterest": 0, "calculatedOtherIncome": 0, "calculatedIncomeNonControlling": 0, "calculatedEbitda": 461100000}, {"date": "2002-12-31", "symbol": "GATX", "reportedCurrency": "USD", "cik": "0000040211", "fillingDate": "2003-03-19", "acceptedDate": "2003-03-19 16:27:12", "calendarYear": "2002", "period": "FY", "revenue": 1340700000, "costOfRevenue": 755700000, "grossProfit": 585000000, "grossProfitRatio": 0.4363392258, "researchAndDevelopmentExpenses": 0, "generalAndAdministrativeExpenses": 204500000, "sellingAndMarketingExpenses": 0, "sellingGeneralAndAdministrativeExpenses": 204500000, "otherExpenses": 341500000, "operatingExpenses": 546000000, "costAndExpenses": 1301700000, "interestIncome": 0, "interestExpense": 0, "depreciationAndAmortization": 408600000, "ebitda": 447600000, "ebitdaratio": 0.3338554486, "operatingIncome": 39000000, "operatingIncomeRatio": 0.0290892817, "totalOtherIncomeExpensesNet": 0, "incomeBeforeTax": 39000000, "incomeBeforeTaxRatio": 0.0290892817, "incomeTaxExpense": 10000000, "netIncome": 300000, "netIncomeRatio": 0.0002237637, "eps": 0.0061, "epsdiluted": 0.0061, "weightedAverageShsOut": 48889000, "weightedAverageShsOutDil": 49062000, "link": "https://www.sec.gov/Archives/edgar/data/40211/000095013703001549/0000950137-03-001549-index.htm", "finalLink": "https://www.sec.gov/Archives/edgar/data/40211/000095013703001549/c75438e10vk.txt", "calculatedOtherExpenses": 341500000, "calculatedOperatingExpenses": 546000000, "calculatedNetInterest": 0, "calculatedOtherIncome": 0, "calculatedIncomeNonControlling": 28700000, "calculatedEbitda": 447600000}, {"date": "2001-12-31", "symbol": "GATX", "reportedCurrency": "USD", "cik": "0000040211", "fillingDate": "2002-03-22", "acceptedDate": "2002-03-22 00:00:00", "calendarYear": "2001", "period": "FY", "revenue": 1521400000, "costOfRevenue": 860600000, "grossProfit": 660800000, "grossProfitRatio": 0.4343367951, "researchAndDevelopmentExpenses": 0, "generalAndAdministrativeExpenses": 229700000, "sellingAndMarketingExpenses": 0, "sellingGeneralAndAdministrativeExpenses": 229700000, "otherExpenses": 339500000, "operatingExpenses": 569200000, "costAndExpenses": 1429800000, "interestIncome": 0, "interestExpense": 0, "depreciationAndAmortization": 501100000, "ebitda": 678700000, "ebitdaratio": 0.4461022742, "operatingIncome": 91600000, "operatingIncomeRatio": 0.0602077034, "totalOtherIncomeExpensesNet": -86000000, "incomeBeforeTax": 5600000, "incomeBeforeTaxRatio": 0.0036808203, "incomeTaxExpense": -1900000, "netIncome": 172900000, "netIncomeRatio": 0.1136453267, "eps": 3.56, "epsdiluted": 3.56, "weightedAverageShsOut": 48567416, "weightedAverageShsOutDil": 48567416, "link": "https://www.sec.gov/Archives/edgar/data/40211/000095013702001493/0000950137-02-001493-index.htm", "finalLink": "https://www.sec.gov/Archives/edgar/data/40211/000095013702001493/c67993e10-k.txt", "calculatedOtherExpenses": 339500000, "calculatedOperatingExpenses": 569200000, "calculatedNetInterest": 0, "calculatedOtherIncome": -86000000, "calculatedIncomeNonControlling": -165400000, "calculatedEbitda": 592700000}, {"date": "2000-12-31", "symbol": "GATX", "reportedCurrency": "USD", "cik": "0000040211", "fillingDate": "2001-03-30", "acceptedDate": "2001-03-30 00:00:00", "calendarYear": "2000", "period": "FY", "revenue": 1390800000, "costOfRevenue": 756100000, "grossProfit": 634700000, "grossProfitRatio": 0.4563560541, "researchAndDevelopmentExpenses": 0, "generalAndAdministrativeExpenses": 209200000, "sellingAndMarketingExpenses": 0, "sellingGeneralAndAdministrativeExpenses": 209200000, "otherExpenses": 372000000, "operatingExpenses": 581200000, "costAndExpenses": 1337300000, "interestIncome": 0, "interestExpense": 0, "depreciationAndAmortization": 334800000, "ebitda": 388300000, "ebitdaratio": 0.279191832, "operatingIncome": 53500000, "operatingIncomeRatio": 0.0384670693, "totalOtherIncomeExpensesNet": 0, "incomeBeforeTax": 53500000, "incomeBeforeTaxRatio": 0.0384670693, "incomeTaxExpense": 22700000, "netIncome": 66600000, "netIncomeRatio": 0.0478861087, "eps": 1.39, "epsdiluted": 1.37, "weightedAverageShsOut": 47913669, "weightedAverageShsOutDil": 48613139, "link": "https://www.sec.gov/Archives/edgar/data/40211/000095013701000962/0000950137-01-000962-index.htm", "finalLink": "https://www.sec.gov/Archives/edgar/data/40211/000095013701000962/c61224e10-k.txt", "calculatedOtherExpenses": 372000000, "calculatedOperatingExpenses": 581200000, "calculatedNetInterest": 0, "calculatedOtherIncome": 0, "calculatedIncomeNonControlling": -35800000, "calculatedEbitda": 388300000}, {"date": "1999-12-31", "symbol": "GATX", "reportedCurrency": "USD", "cik": "0000040211", "fillingDate": "2000-03-17", "acceptedDate": "2000-03-17 00:00:00", "calendarYear": "1999", "period": "FY", "revenue": 1858900000, "costOfRevenue": 755900000, "grossProfit": 1103000000, "grossProfitRatio": 0.5933616655, "researchAndDevelopmentExpenses": 0, "generalAndAdministrativeExpenses": 246300000, "sellingAndMarketingExpenses": 0, "sellingGeneralAndAdministrativeExpenses": 246300000, "otherExpenses": 602800000, "operatingExpenses": 849100000, "costAndExpenses": 1605000000, "interestIncome": 0, "interestExpense": 0, "depreciationAndAmortization": 308200000, "ebitda": 562100000, "ebitdaratio": 0.3023831298, "operatingIncome": 253900000, "operatingIncomeRatio": 0.1365861531, "totalOtherIncomeExpensesNet": 0, "incomeBeforeTax": 253900000, "incomeBeforeTaxRatio": 0.1365861531, "incomeTaxExpense": 102600000, "netIncome": 151300000, "netIncomeRatio": 0.0813922212, "eps": 3.07, "epsdiluted": 3.01, "weightedAverageShsOut": 49296000, "weightedAverageShsOutDil": 50301000, "link": "https://www.sec.gov/Archives/edgar/data/40211/000095013700001064/0000950137-00-001064-index.html", "finalLink": "https://www.sec.gov/Archives/edgar/data/40211/000095013700001064/", "calculatedOtherExpenses": 602800000, "calculatedOperatingExpenses": 849100000, "calculatedNetInterest": 0, "calculatedOtherIncome": 0, "calculatedIncomeNonControlling": 0, "calculatedEbitda": 562100000}, {"date": "1998-12-31", "symbol": "GATX", "reportedCurrency": "USD", "cik": "0000040211", "fillingDate": "1999-03-19", "acceptedDate": "1999-03-19 00:00:00", "calendarYear": "1998", "period": "FY", "revenue": 1763100000, "costOfRevenue": 838000000, "grossProfit": 925100000, "grossProfitRatio": 0.5247008111, "researchAndDevelopmentExpenses": 0, "generalAndAdministrativeExpenses": 245400000, "sellingAndMarketingExpenses": 0, "sellingGeneralAndAdministrativeExpenses": 245400000, "otherExpenses": 1120200000, "operatingExpenses": 1365600000, "costAndExpenses": 2203600000, "interestIncome": 0, "interestExpense": 0, "depreciationAndAmortization": 267500000, "ebitda": -216600000, "ebitdaratio": -0.1228517951, "operatingIncome": -440500000, "operatingIncomeRatio": -0.2498440247, "totalOtherIncomeExpensesNet": 43600000, "incomeBeforeTax": 162600000, "incomeBeforeTaxRatio": 0.0922239238, "incomeTaxExpense": 74300000, "netIncome": 131900000, "netIncomeRatio": 0.0748114117, "eps": 2.68, "epsdiluted": 2.62, "weightedAverageShsOut": 49178000, "weightedAverageShsOutDil": 50426000, "link": "https://www.sec.gov/Archives/edgar/data/40211/000095013799000410/0000950137-99-000410-index.html", "finalLink": "https://www.sec.gov/Archives/edgar/data/40211/", "calculatedOtherExpenses": 1120200000, "calculatedOperatingExpenses": 1365600000, "calculatedNetInterest": 0, "calculatedOtherIncome": 603100000, "calculatedIncomeNonControlling": -43600000, "calculatedEbitda": -173000000}, {"date": "1997-12-31", "symbol": "GATX", "reportedCurrency": "USD", "cik": "0000040211", "fillingDate": "1998-03-19", "acceptedDate": "1998-03-19 00:00:00", "calendarYear": "1997", "period": "FY", "revenue": 1701900000, "costOfRevenue": 840300000, "grossProfit": 861600000, "grossProfitRatio": 0.506257712, "researchAndDevelopmentExpenses": 0, "generalAndAdministrativeExpenses": 238300000, "sellingAndMarketingExpenses": 0, "sellingGeneralAndAdministrativeExpenses": 238300000, "otherExpenses": 1103700000, "operatingExpenses": 1342000000, "costAndExpenses": 2182300000, "interestIncome": 0, "interestExpense": 0, "depreciationAndAmortization": 252300000, "ebitda": -34200000, "ebitdaratio": -0.0200951877, "operatingIncome": -480400000, "operatingIncomeRatio": -0.282272754, "totalOtherIncomeExpensesNet": -193900000, "incomeBeforeTax": -87300000, "incomeBeforeTaxRatio": -0.0512956108, "incomeTaxExpense": -5500000, "netIncome": -50900000, "netIncomeRatio": -0.0299077502, "eps": -1.13, "epsdiluted": -1.13, "weightedAverageShsOut": 45084000, "weightedAverageShsOutDil": 45084000, "link": "https://www.sec.gov/Archives/edgar/data/40211/000004021198000004/0000040211-98-000004-index.html", "finalLink": "https://www.sec.gov/Archives/edgar/data/40211/", "calculatedOtherExpenses": 1103700000, "calculatedOperatingExpenses": 1342000000, "calculatedNetInterest": 0, "calculatedOtherIncome": 393100000, "calculatedIncomeNonControlling": -30900000, "calculatedEbitda": -228100000}, {"date": "1996-12-31", "symbol": "GATX", "reportedCurrency": "USD", "cik": "0000040211", "fillingDate": "1997-03-19", "acceptedDate": "1997-03-19 00:00:00", "calendarYear": "1996", "period": "FY", "revenue": 1414400000, "costOfRevenue": 695100000, "grossProfit": 719300000, "grossProfitRatio": 0.5085548643, "researchAndDevelopmentExpenses": 0, "generalAndAdministrativeExpenses": 172900000, "sellingAndMarketingExpenses": 0, "sellingGeneralAndAdministrativeExpenses": 172900000, "otherExpenses": 910000000, "operatingExpenses": 1082900000, "costAndExpenses": 1778000000, "interestIncome": 0, "interestExpense": 0, "depreciationAndAmortization": 202400000, "ebitda": -189600000, "ebitdaratio": -0.1340497738, "operatingIncome": -363600000, "operatingIncomeRatio": -0.2570701357, "totalOtherIncomeExpensesNet": 28400000, "incomeBeforeTax": 128700000, "incomeBeforeTaxRatio": 0.0909926471, "incomeTaxExpense": 54400000, "netIncome": 102700000, "netIncomeRatio": 0.0726102941, "eps": 2.54, "epsdiluted": 2.1, "weightedAverageShsOut": 40378000, "weightedAverageShsOutDil": 48924000, "link": "https://www.sec.gov/Archives/edgar/data/40211/000004021197000009/0000040211-97-000009-index.html", "finalLink": "https://www.sec.gov/Archives/edgar/data/40211/", "calculatedOtherExpenses": 910000000, "calculatedOperatingExpenses": 1082900000, "calculatedNetInterest": 0, "calculatedOtherIncome": 492300000, "calculatedIncomeNonControlling": -28400000, "calculatedEbitda": -161200000}, {"date": "1995-12-31", "symbol": "GATX", "reportedCurrency": "USD", "cik": "0000040211", "fillingDate": "1996-03-22", "acceptedDate": "1996-03-22 00:00:00", "calendarYear": "1995", "period": "FY", "revenue": 1233400000, "costOfRevenue": 612800000, "grossProfit": 620600000, "grossProfitRatio": 0.5031619912, "researchAndDevelopmentExpenses": 0, "generalAndAdministrativeExpenses": 143500000, "sellingAndMarketingExpenses": 0, "sellingGeneralAndAdministrativeExpenses": 143500000, "otherExpenses": 802800000, "operatingExpenses": 946300000, "costAndExpenses": 1559100000, "interestIncome": 0, "interestExpense": 0, "depreciationAndAmortization": 171600000, "ebitda": -185500000, "ebitdaratio": -0.1503972758, "operatingIncome": -325700000, "operatingIncomeRatio": -0.2640668072, "totalOtherIncomeExpensesNet": 31400000, "incomeBeforeTax": 117000000, "incomeBeforeTaxRatio": 0.0948597373, "incomeTaxExpense": 47600000, "netIncome": 100800000, "netIncomeRatio": 0.0817253121, "eps": 2.48, "epsdiluted": 2.07, "weightedAverageShsOut": 40718000, "weightedAverageShsOutDil": 48813559, "link": "https://www.sec.gov/Archives/edgar/data/40211/000004021196000002/0000040211-96-000002-index.html", "finalLink": "https://www.sec.gov/Archives/edgar/data/40211/", "calculatedOtherExpenses": 802800000, "calculatedOperatingExpenses": 946300000, "calculatedNetInterest": 0, "calculatedOtherIncome": 442700000, "calculatedIncomeNonControlling": -31400000, "calculatedEbitda": -154100000}, {"date": "1994-12-31", "symbol": "GATX", "reportedCurrency": "USD", "cik": "0000040211", "fillingDate": "1995-03-22", "acceptedDate": "1995-03-22 00:00:00", "calendarYear": "1994", "period": "FY", "revenue": 1155000000, "costOfRevenue": 579500000, "grossProfit": 575500000, "grossProfitRatio": 0.4982683983, "researchAndDevelopmentExpenses": 0, "generalAndAdministrativeExpenses": 125200000, "sellingAndMarketingExpenses": 0, "sellingGeneralAndAdministrativeExpenses": 125200000, "otherExpenses": 763800000, "operatingExpenses": 889000000, "costAndExpenses": 1468500000, "interestIncome": 0, "interestExpense": 0, "depreciationAndAmortization": 165100000, "ebitda": -170900000, "ebitdaratio": -0.147965368, "operatingIncome": -313500000, "operatingIncomeRatio": -0.2714285714, "totalOtherIncomeExpensesNet": 22500000, "incomeBeforeTax": 117800000, "incomeBeforeTaxRatio": 0.101991342, "incomeTaxExpense": 48800000, "netIncome": 91500000, "netIncomeRatio": 0.0792207792, "eps": 2.27, "epsdiluted": 1.89, "weightedAverageShsOut": 40306000, "weightedAverageShsOutDil": 48412698, "link": "https://www.sec.gov/Archives/edgar/data/40211/000004021195000001/0000040211-95-000001-index.html", "finalLink": "https://www.sec.gov/Archives/edgar/data/40211/", "calculatedOtherExpenses": 763800000, "calculatedOperatingExpenses": 889000000, "calculatedNetInterest": 0, "calculatedOtherIncome": 431300000, "calculatedIncomeNonControlling": -22500000, "calculatedEbitda": -148400000}, {"date": "1993-12-31", "symbol": "GATX", "reportedCurrency": "USD", "cik": "0000040211", "fillingDate": "1994-03-21", "acceptedDate": "1994-03-21 00:00:00", "calendarYear": "1993", "period": "FY", "revenue": 1086900000, "costOfRevenue": 527600000, "grossProfit": 559300000, "grossProfitRatio": 0.5145827583, "researchAndDevelopmentExpenses": 0, "generalAndAdministrativeExpenses": 0, "sellingAndMarketingExpenses": 0, "sellingGeneralAndAdministrativeExpenses": 152400000, "otherExpenses": 150700000, "operatingExpenses": 303100000, "costAndExpenses": 830700000, "interestIncome": 0, "interestExpense": 0, "depreciationAndAmortization": -150700000, "ebitda": 387200000, "ebitdaratio": 0.3562425246, "operatingIncome": 256200000, "operatingIncomeRatio": 0.2357162572, "totalOtherIncomeExpensesNet": 19700000, "incomeBeforeTax": 124100000, "incomeBeforeTaxRatio": 0.1141779373, "incomeTaxExpense": 51400000, "netIncome": 72700000, "netIncomeRatio": 0.0668874781, "eps": 1.83, "epsdiluted": 1.83, "weightedAverageShsOut": 39788000, "weightedAverageShsOutDil": 39788000, "link": "https://www.sec.gov/Archives/edgar/data/40211/000004021194000001/0000040211-94-000001-index.html", "finalLink": "https://www.sec.gov/Archives/edgar/data/40211/", "calculatedOtherExpenses": 150700000, "calculatedOperatingExpenses": 303100000, "calculatedNetInterest": 0, "calculatedOtherIncome": -132100000, "calculatedIncomeNonControlling": 0, "calculatedEbitda": 105500000}, {"date": "1992-12-31", "symbol": "GATX", "reportedCurrency": "USD", "cik": "0000040211", "fillingDate": "1992-12-31", "acceptedDate": "1992-12-30 19:00:00", "calendarYear": "1992", "period": "FY", "revenue": 1019100000, "costOfRevenue": 493000000, "grossProfit": 526100000, "grossProfitRatio": 0.5162398194, "researchAndDevelopmentExpenses": 0, "generalAndAdministrativeExpenses": 0, "sellingAndMarketingExpenses": 0, "sellingGeneralAndAdministrativeExpenses": 196800000, "otherExpenses": 138300000, "operatingExpenses": 335100000, "costAndExpenses": 828100000, "interestIncome": 0, "interestExpense": 0, "depreciationAndAmortization": -138300000, "ebitda": 305300000, "ebitdaratio": 0.2995780591, "operatingIncome": 191000000, "operatingIncomeRatio": 0.1874202728, "totalOtherIncomeExpensesNet": 24000000, "incomeBeforeTax": 38900000, "incomeBeforeTaxRatio": 0.0381709351, "incomeTaxExpense": 9600000, "netIncome": -16500000, "netIncomeRatio": -0.0161907565, "eps": -0.59, "epsdiluted": -0.59, "weightedAverageShsOut": 27956989, "weightedAverageShsOutDil": 27956989, "link": "", "finalLink": "", "calculatedOtherExpenses": 138300000, "calculatedOperatingExpenses": 335100000, "calculatedNetInterest": 0, "calculatedOtherIncome": -152100000, "calculatedIncomeNonControlling": 45800000, "calculatedEbitda": 52700000}, {"date": "1991-12-31", "symbol": "GATX", "reportedCurrency": "USD", "cik": "0000040211", "fillingDate": "1991-12-31", "acceptedDate": "1991-12-30 19:00:00", "calendarYear": "1991", "period": "FY", "revenue": 989100000, "costOfRevenue": 433300000, "grossProfit": 555800000, "grossProfitRatio": 0.5619249823, "researchAndDevelopmentExpenses": 0, "generalAndAdministrativeExpenses": 0, "sellingAndMarketingExpenses": 0, "sellingGeneralAndAdministrativeExpenses": 154100000, "otherExpenses": 127700000, "operatingExpenses": 281800000, "costAndExpenses": 715100000, "interestIncome": 0, "interestExpense": 0, "depreciationAndAmortization": -127700000, "ebitda": 377500000, "ebitdaratio": 0.381660095, "operatingIncome": 274000000, "operatingIncomeRatio": 0.2770195127, "totalOtherIncomeExpensesNet": 24200000, "incomeBeforeTax": 116300000, "incomeBeforeTaxRatio": 0.1175816399, "incomeTaxExpense": 33600000, "netIncome": 82700000, "netIncomeRatio": 0.0836113639, "eps": 1.86, "epsdiluted": 1.84, "weightedAverageShsOut": 44494382, "weightedAverageShsOutDil": 45000000, "link": "", "finalLink": "", "calculatedOtherExpenses": 127700000, "calculatedOperatingExpenses": 281800000, "calculatedNetInterest": 0, "calculatedOtherIncome": -157700000, "calculatedIncomeNonControlling": 0, "calculatedEbitda": 146300000}, {"date": "1990-12-31", "symbol": "GATX", "reportedCurrency": "USD", "cik": "0000040211", "fillingDate": "1990-12-31", "acceptedDate": "1990-12-30 19:00:00", "calendarYear": "1990", "period": "FY", "revenue": 870400000, "costOfRevenue": 348800000, "grossProfit": 521600000, "grossProfitRatio": 0.5992647059, "researchAndDevelopmentExpenses": 0, "generalAndAdministrativeExpenses": 0, "sellingAndMarketingExpenses": 0, "sellingGeneralAndAdministrativeExpenses": 132200000, "otherExpenses": 115400000, "operatingExpenses": 247600000, "costAndExpenses": 596400000, "interestIncome": 0, "interestExpense": 0, "depreciationAndAmortization": -115400000, "ebitda": 375000000, "ebitdaratio": 0.4308363971, "operatingIncome": 274000000, "operatingIncomeRatio": 0.3147977941, "totalOtherIncomeExpensesNet": 14400000, "incomeBeforeTax": 118200000, "incomeBeforeTaxRatio": 0.1357996324, "incomeTaxExpense": 35300000, "netIncome": 82900000, "netIncomeRatio": 0.0952435662, "eps": 1.89, "epsdiluted": 1.85, "weightedAverageShsOut": 43867403, "weightedAverageShsOutDil": 44858757, "link": "", "finalLink": "", "calculatedOtherExpenses": 115400000, "calculatedOperatingExpenses": 247600000, "calculatedNetInterest": 0, "calculatedOtherIncome": -155800000, "calculatedIncomeNonControlling": 0, "calculatedEbitda": 158600000}, {"date": "1989-12-31", "symbol": "GATX", "reportedCurrency": "USD", "cik": "0000040211", "fillingDate": "1989-12-31", "acceptedDate": "1989-12-30 19:00:00", "calendarYear": "1989", "period": "FY", "revenue": 701700000, "costOfRevenue": 241500000, "grossProfit": 460200000, "grossProfitRatio": 0.6558358273, "researchAndDevelopmentExpenses": 0, "generalAndAdministrativeExpenses": 0, "sellingAndMarketingExpenses": 0, "sellingGeneralAndAdministrativeExpenses": 112000000, "otherExpenses": 97000000, "operatingExpenses": 209000000, "costAndExpenses": 450500000, "interestIncome": 0, "interestExpense": 0, "depreciationAndAmortization": 97000000, "ebitda": 339000000, "ebitdaratio": 0.4831124412, "operatingIncome": 251200000, "operatingIncomeRatio": 0.3579877441, "totalOtherIncomeExpensesNet": 9200000, "incomeBeforeTax": 101200000, "incomeBeforeTaxRatio": 0.1442211771, "incomeTaxExpense": 35500000, "netIncome": 65700000, "netIncomeRatio": 0.0936297563, "eps": 1.68, "epsdiluted": 1.68, "weightedAverageShsOut": 39119497, "weightedAverageShsOutDil": 39119497, "link": "", "finalLink": "", "calculatedOtherExpenses": 97000000, "calculatedOperatingExpenses": 209000000, "calculatedNetInterest": 0, "calculatedOtherIncome": -150000000, "calculatedIncomeNonControlling": 0, "calculatedEbitda": 348200000}, {"date": "1988-12-31", "symbol": "GATX", "reportedCurrency": "USD", "cik": "0000040211", "fillingDate": "1988-12-31", "acceptedDate": "1988-12-30 19:00:00", "calendarYear": "1988", "period": "FY", "revenue": 571900000, "costOfRevenue": 197900000, "grossProfit": 374000000, "grossProfitRatio": 0.6539604826, "researchAndDevelopmentExpenses": 0, "generalAndAdministrativeExpenses": 0, "sellingAndMarketingExpenses": 0, "sellingGeneralAndAdministrativeExpenses": 85300000, "otherExpenses": 89500000, "operatingExpenses": 174800000, "costAndExpenses": 372700000, "interestIncome": 0, "interestExpense": 0, "depreciationAndAmortization": 89500000, "ebitda": 273500000, "ebitdaratio": 0.4782304599, "operatingIncome": 199200000, "operatingIncomeRatio": 0.3483126421, "totalOtherIncomeExpensesNet": 15200000, "incomeBeforeTax": 73700000, "incomeBeforeTaxRatio": 0.1288686833, "incomeTaxExpense": 26700000, "netIncome": 47000000, "netIncomeRatio": 0.0821821997, "eps": 1.33, "epsdiluted": 1.33, "weightedAverageShsOut": 35317460, "weightedAverageShsOutDil": 35317460, "link": "", "finalLink": "", "calculatedOtherExpenses": 89500000, "calculatedOperatingExpenses": 174800000, "calculatedNetInterest": 0, "calculatedOtherIncome": -125500000, "calculatedIncomeNonControlling": 0, "calculatedEbitda": 288700000}, {"date": "1987-12-31", "symbol": "GATX", "reportedCurrency": "USD", "cik": "0000040211", "fillingDate": "1987-12-31", "acceptedDate": "1987-12-30 19:00:00", "calendarYear": "1987", "period": "FY", "revenue": 527600000, "costOfRevenue": 188000000, "grossProfit": 339600000, "grossProfitRatio": 0.6436694466, "researchAndDevelopmentExpenses": 0, "generalAndAdministrativeExpenses": 0, "sellingAndMarketingExpenses": 0, "sellingGeneralAndAdministrativeExpenses": 82800000, "otherExpenses": 85700000, "operatingExpenses": 168500000, "costAndExpenses": 356500000, "interestIncome": 0, "interestExpense": 0, "depreciationAndAmortization": 85700000, "ebitda": 237300000, "ebitdaratio": 0.449772555, "operatingIncome": 171100000, "operatingIncomeRatio": 0.3242987111, "totalOtherIncomeExpensesNet": 19500000, "incomeBeforeTax": 56400000, "incomeBeforeTaxRatio": 0.106899166, "incomeTaxExpense": 21700000, "netIncome": 34700000, "netIncomeRatio": 0.0657695224, "eps": 0.91, "epsdiluted": 0.91, "weightedAverageShsOut": 38131868, "weightedAverageShsOutDil": 38131868, "link": "", "finalLink": "", "calculatedOtherExpenses": 85700000, "calculatedOperatingExpenses": 168500000, "calculatedNetInterest": 0, "calculatedOtherIncome": -114700000, "calculatedIncomeNonControlling": 0, "calculatedEbitda": 256800000}, {"date": "1986-12-31", "symbol": "GATX", "reportedCurrency": "USD", "cik": "0000040211", "fillingDate": "1986-12-31", "acceptedDate": "1986-12-30 19:00:00", "calendarYear": "1986", "period": "FY", "revenue": 512400000, "costOfRevenue": 177300000, "grossProfit": 335100000, "grossProfitRatio": 0.6539812646, "researchAndDevelopmentExpenses": 0, "generalAndAdministrativeExpenses": 0, "sellingAndMarketingExpenses": 0, "sellingGeneralAndAdministrativeExpenses": 110800000, "otherExpenses": 80900000, "operatingExpenses": 191700000, "costAndExpenses": 369000000, "interestIncome": 0, "interestExpense": 0, "depreciationAndAmortization": 80900000, "ebitda": 203600000, "ebitdaratio": 0.3973458236, "operatingIncome": 143400000, "operatingIncomeRatio": 0.2798594848, "totalOtherIncomeExpensesNet": 20700000, "incomeBeforeTax": 24000000, "incomeBeforeTaxRatio": 0.0468384075, "incomeTaxExpense": -2200000, "netIncome": 28700000, "netIncomeRatio": 0.056010929, "eps": 0.61, "epsdiluted": 0.61, "weightedAverageShsOut": 46885246, "weightedAverageShsOutDil": 46885246, "link": "", "finalLink": "", "calculatedOtherExpenses": 80900000, "calculatedOperatingExpenses": 191700000, "calculatedNetInterest": 0, "calculatedOtherIncome": -119400000, "calculatedIncomeNonControlling": -2500000, "calculatedEbitda": 224300000}, {"date": "1985-12-31", "symbol": "GATX", "reportedCurrency": "USD", "cik": "0000040211", "fillingDate": "1985-12-31", "acceptedDate": "1985-12-30 19:00:00", "calendarYear": "1985", "period": "FY", "revenue": 694100000, "costOfRevenue": 319100000, "grossProfit": 375000000, "grossProfitRatio": 0.5402679729, "researchAndDevelopmentExpenses": 0, "generalAndAdministrativeExpenses": 0, "sellingAndMarketingExpenses": 0, "sellingGeneralAndAdministrativeExpenses": 114900000, "otherExpenses": 84300000, "operatingExpenses": 199200000, "costAndExpenses": 518300000, "interestIncome": 0, "interestExpense": 0, "depreciationAndAmortization": 84300000, "ebitda": 348700000, "ebitdaratio": 0.5023771791, "operatingIncome": 175800000, "operatingIncomeRatio": 0.2532776257, "totalOtherIncomeExpensesNet": -88600000, "incomeBeforeTax": -47800000, "incomeBeforeTaxRatio": -0.0688661576, "incomeTaxExpense": -2300000, "netIncome": -45500000, "netIncomeRatio": -0.065552514, "eps": -0.95, "epsdiluted": -0.95, "weightedAverageShsOut": 47894737, "weightedAverageShsOutDil": 47894737, "link": "", "finalLink": "", "calculatedOtherExpenses": 84300000, "calculatedOperatingExpenses": 199200000, "calculatedNetInterest": 0, "calculatedOtherIncome": -223600000, "calculatedIncomeNonControlling": 0, "calculatedEbitda": 260100000}]}