{"originalCurrency": "USD", "convertedCurrency": "USD", "report": [{"date": "2023-12-31", "symbol": "GBCI", "reportedCurrency": "USD", "cik": "0000868671", "fillingDate": "2024-02-23", "acceptedDate": "2024-02-23 16:35:18", "calendarYear": "2023", "period": "FY", "revenue": 1135615000, "costOfRevenue": 0, "grossProfit": 1135615000, "grossProfitRatio": 1, "researchAndDevelopmentExpenses": 0, "generalAndAdministrativeExpenses": 343987000, "sellingAndMarketingExpenses": 15430000, "sellingGeneralAndAdministrativeExpenses": 359417000, "otherExpenses": -166926000, "operatingExpenses": 166926000, "costAndExpenses": 866547000, "interestIncome": 1017655000, "interestExpense": 127133000, "depreciationAndAmortization": 37143000, "ebitda": -39862000, "ebitdaratio": -0.035101685, "operatingIncome": 307470000, "operatingIncomeRatio": 0.2707519714, "totalOtherIncomeExpensesNet": 267608000, "incomeBeforeTax": 267608000, "incomeBeforeTaxRatio": 0.2356502864, "incomeTaxExpense": 44681000, "netIncome": 222927000, "netIncomeRatio": 0.1963050858, "eps": 2.01, "epsdiluted": 2.01, "weightedAverageShsOut": 110864501, "weightedAverageShsOutDil": 110890447, "link": "https://www.sec.gov/Archives/edgar/data/868671/000086867124000042/0000868671-24-000042-index.htm", "finalLink": "https://www.sec.gov/Archives/edgar/data/868671/000086867124000042/gbci-20231231.htm", "calculatedOtherExpenses": 468728000, "calculatedOperatingExpenses": 828145000, "calculatedNetInterest": 890522000, "calculatedOtherIncome": -930384000, "calculatedIncomeNonControlling": 0, "calculatedEbitda": 344613000}, {"date": "2022-12-31", "symbol": "GBCI", "reportedCurrency": "USD", "cik": "0000868671", "fillingDate": "2023-02-24", "acceptedDate": "2023-02-24 16:41:37", "calendarYear": "2022", "period": "FY", "revenue": 884966000, "costOfRevenue": 0, "grossProfit": 884966000, "grossProfitRatio": 1, "researchAndDevelopmentExpenses": 0, "generalAndAdministrativeExpenses": 332207000, "sellingAndMarketingExpenses": 14324000, "sellingGeneralAndAdministrativeExpenses": 346531000, "otherExpenses": -143506000, "operatingExpenses": 14324000, "costAndExpenses": 14324000, "interestIncome": 829640000, "interestExpense": 41261000, "depreciationAndAmortization": 10658000, "ebitda": 448029000, "ebitdaratio": 0.5062669074, "operatingIncome": 437371000, "operatingIncomeRatio": 0.4942235069, "totalOtherIncomeExpensesNet": -67091000, "incomeBeforeTax": 370280000, "incomeBeforeTaxRatio": 0.4184115548, "incomeTaxExpense": 67078000, "netIncome": 303202000, "netIncomeRatio": 0.3426142925, "eps": 2.74, "epsdiluted": 2.74, "weightedAverageShsOut": 110757473, "weightedAverageShsOutDil": 110827933, "link": "https://www.sec.gov/Archives/edgar/data/868671/000086867123000045/0000868671-23-000045-index.htm", "finalLink": "https://www.sec.gov/Archives/edgar/data/868671/000086867123000045/gbci-20221231.htm", "calculatedOtherExpenses": 101064000, "calculatedOperatingExpenses": 447595000, "calculatedNetInterest": 788379000, "calculatedOtherIncome": -855470000, "calculatedIncomeNonControlling": 0, "calculatedEbitda": 448029000}, {"date": "2021-12-31", "symbol": "GBCI", "reportedCurrency": "USD", "cik": "0000868671", "fillingDate": "2022-02-23", "acceptedDate": "2022-02-23 16:44:58", "calendarYear": "2021", "period": "FY", "revenue": 778887000, "costOfRevenue": 0, "grossProfit": 778887000, "grossProfitRatio": 1, "researchAndDevelopmentExpenses": 0, "generalAndAdministrativeExpenses": 270644000, "sellingAndMarketingExpenses": 11949000, "sellingGeneralAndAdministrativeExpenses": 282593000, "otherExpenses": -740491000, "operatingExpenses": -457898000, "costAndExpenses": -457898000, "interestIncome": 681074000, "interestExpense": 18558000, "depreciationAndAmortization": 10271000, "ebitda": 359709000, "ebitdaratio": 0.4618243725, "operatingIncome": 349438000, "operatingIncomeRatio": 0.4486376073, "totalOtherIncomeExpensesNet": 349438000, "incomeBeforeTax": 349438000, "incomeBeforeTaxRatio": 0.4486376073, "incomeTaxExpense": 64681000, "netIncome": 284757000, "netIncomeRatio": 0.3655947525, "eps": 2.87, "epsdiluted": 2.86, "weightedAverageShsOut": 99313255, "weightedAverageShsOutDil": 99398250, "link": "https://www.sec.gov/Archives/edgar/data/868671/000086867122000053/0000868671-22-000053-index.htm", "finalLink": "https://www.sec.gov/Archives/edgar/data/868671/000086867122000053/gbci-20211231.htm", "calculatedOtherExpenses": 146856000, "calculatedOperatingExpenses": 429449000, "calculatedNetInterest": 662516000, "calculatedOtherIncome": -662516000, "calculatedIncomeNonControlling": 0, "calculatedEbitda": 359709000}, {"date": "2020-12-31", "symbol": "GBCI", "reportedCurrency": "USD", "cik": "0000868671", "fillingDate": "2021-03-01", "acceptedDate": "2021-03-01 14:43:46", "calendarYear": "2020", "period": "FY", "revenue": 727792000, "costOfRevenue": 0, "grossProfit": 727792000, "grossProfitRatio": 1, "researchAndDevelopmentExpenses": 0, "generalAndAdministrativeExpenses": 253047000, "sellingAndMarketingExpenses": 10201000, "sellingGeneralAndAdministrativeExpenses": 263248000, "otherExpenses": -707824000, "operatingExpenses": -444576000, "costAndExpenses": -444576000, "interestIncome": 627064000, "interestExpense": 27315000, "depreciationAndAmortization": 10370000, "ebitda": 338410000, "ebitdaratio": 0.464981753, "operatingIncome": 328040000, "operatingIncomeRatio": 0.4507331765, "totalOtherIncomeExpensesNet": 328040000, "incomeBeforeTax": 328040000, "incomeBeforeTaxRatio": 0.4507331765, "incomeTaxExpense": 61640000, "netIncome": 266400000, "netIncomeRatio": 0.3660386484, "eps": 2.81, "epsdiluted": 2.81, "weightedAverageShsOut": 94883864, "weightedAverageShsOutDil": 94932353, "link": "https://www.sec.gov/Archives/edgar/data/868671/000086867121000037/0000868671-21-000037-index.htm", "finalLink": "https://www.sec.gov/Archives/edgar/data/868671/000086867121000037/gbci-20201231.htm", "calculatedOtherExpenses": 136504000, "calculatedOperatingExpenses": 399752000, "calculatedNetInterest": 599749000, "calculatedOtherIncome": -599749000, "calculatedIncomeNonControlling": 0, "calculatedEbitda": 338410000}, {"date": "2019-12-31", "symbol": "GBCI", "reportedCurrency": "USD", "cik": "0000868671", "fillingDate": "2020-02-21", "acceptedDate": "2020-02-21 16:34:07", "calendarYear": "2019", "period": "FY", "revenue": 629094000, "costOfRevenue": 0, "grossProfit": 629094000, "grossProfitRatio": 1, "researchAndDevelopmentExpenses": 0, "generalAndAdministrativeExpenses": 222753000, "sellingAndMarketingExpenses": 10621000, "sellingGeneralAndAdministrativeExpenses": 233374000, "otherExpenses": -594830000, "operatingExpenses": -361456000, "costAndExpenses": -361456000, "interestIncome": 546177000, "interestExpense": 42773000, "depreciationAndAmortization": 8485000, "ebitda": 267679000, "ebitdaratio": 0.42549921, "operatingIncome": 259194000, "operatingIncomeRatio": 0.4120115595, "totalOtherIncomeExpensesNet": 259194000, "incomeBeforeTax": 259194000, "incomeBeforeTaxRatio": 0.4120115595, "incomeTaxExpense": 48650000, "netIncome": 210544000, "netIncomeRatio": 0.3346781244, "eps": 2.39, "epsdiluted": 2.38, "weightedAverageShsOut": 88255290, "weightedAverageShsOutDil": 88385775, "link": "https://www.sec.gov/Archives/edgar/data/868671/000086867120000032/0000868671-20-000032-index.htm", "finalLink": "https://www.sec.gov/Archives/edgar/data/868671/000086867120000032/gbci-20191231.htm", "calculatedOtherExpenses": 136526000, "calculatedOperatingExpenses": 369900000, "calculatedNetInterest": 503404000, "calculatedOtherIncome": -503404000, "calculatedIncomeNonControlling": 0, "calculatedEbitda": 267679000}, {"date": "2018-12-31", "symbol": "GBCI", "reportedCurrency": "USD", "cik": "0000868671", "fillingDate": "2019-02-22", "acceptedDate": "2019-02-22 16:35:22", "calendarYear": "2018", "period": "FY", "revenue": 538718000, "costOfRevenue": 0, "grossProfit": 538718000, "grossProfitRatio": 1, "researchAndDevelopmentExpenses": 0, "generalAndAdministrativeExpenses": 195056000, "sellingAndMarketingExpenses": 9566000, "sellingGeneralAndAdministrativeExpenses": 204622000, "otherExpenses": -493800000, "operatingExpenses": -284766000, "costAndExpenses": -284766000, "interestIncome": 468996000, "interestExpense": 35531000, "depreciationAndAmortization": 6270000, "ebitda": 280029000, "ebitdaratio": 0.5198062808, "operatingIncome": 257740000, "operatingIncomeRatio": 0.4784321296, "totalOtherIncomeExpensesNet": -35531000, "incomeBeforeTax": 222209000, "incomeBeforeTaxRatio": 0.4124774, "incomeTaxExpense": 40331000, "netIncome": 181878000, "netIncomeRatio": 0.3376126285, "eps": 2.18, "epsdiluted": 2.17, "weightedAverageShsOut": 83603515, "weightedAverageShsOutDil": 83677185, "link": "https://www.sec.gov/Archives/edgar/data/868671/000086867119000022/0000868671-19-000022-index.htm", "finalLink": "https://www.sec.gov/Archives/edgar/data/868671/000086867119000022/gbci-12312018x10k.htm", "calculatedOtherExpenses": 76356000, "calculatedOperatingExpenses": 280978000, "calculatedNetInterest": 433465000, "calculatedOtherIncome": -468996000, "calculatedIncomeNonControlling": 0, "calculatedEbitda": 264010000}, {"date": "2017-12-31", "symbol": "GBCI", "reportedCurrency": "USD", "cik": "0000868671", "fillingDate": "2018-02-22", "acceptedDate": "2018-02-22 16:33:51", "calendarYear": "2017", "period": "FY", "revenue": 446573000, "costOfRevenue": 0, "grossProfit": 446573000, "grossProfitRatio": 1, "researchAndDevelopmentExpenses": 0, "generalAndAdministrativeExpenses": 160506000, "sellingAndMarketingExpenses": 8405000, "sellingGeneralAndAdministrativeExpenses": 168911000, "otherExpenses": 0, "operatingExpenses": 8405000, "costAndExpenses": 20394000, "interestIncome": 375022000, "interestExpense": 29864000, "depreciationAndAmortization": 2494000, "ebitda": 228118000, "ebitdaratio": 0.4987308618, "operatingIncome": 210866000, "operatingIncomeRatio": 0.4610130805, "totalOtherIncomeExpensesNet": -29864000, "incomeBeforeTax": 181002000, "incomeBeforeTaxRatio": 0.3957218784, "incomeTaxExpense": 64625000, "netIncome": 116377000, "netIncomeRatio": 0.2544332385, "eps": 1.75, "epsdiluted": 1.75, "weightedAverageShsOut": 77537664, "weightedAverageShsOutDil": 77607605, "link": "https://www.sec.gov/Archives/edgar/data/868671/000086867118000020/0000868671-18-000020-index.htm", "finalLink": "https://www.sec.gov/Archives/edgar/data/868671/000086867118000020/gbci-12312017x10k.htm", "calculatedOtherExpenses": 66796000, "calculatedOperatingExpenses": 235707000, "calculatedNetInterest": 345158000, "calculatedOtherIncome": -375022000, "calculatedIncomeNonControlling": 0, "calculatedEbitda": 213360000}, {"date": "2016-12-31", "symbol": "GBCI", "reportedCurrency": "USD", "cik": "0000868671", "fillingDate": "2017-02-23", "acceptedDate": "2017-02-23 15:11:05", "calendarYear": "2016", "period": "FY", "revenue": 419507000, "costOfRevenue": 0, "grossProfit": 419507000, "grossProfitRatio": 1, "researchAndDevelopmentExpenses": 0, "generalAndAdministrativeExpenses": 151697000, "sellingAndMarketingExpenses": 8433000, "sellingGeneralAndAdministrativeExpenses": 160130000, "otherExpenses": 0, "operatingExpenses": 8433000, "costAndExpenses": 21423000, "interestIncome": 344153000, "interestExpense": 29631000, "depreciationAndAmortization": 2970000, "ebitda": 208688000, "ebitdaratio": 0.4947088944, "operatingIncome": 190424000, "operatingIncomeRatio": 0.451412858, "totalOtherIncomeExpensesNet": -29631000, "incomeBeforeTax": 160793000, "incomeBeforeTaxRatio": 0.381170586, "incomeTaxExpense": 39662000, "netIncome": 121131000, "netIncomeRatio": 0.2871491561, "eps": 1.59, "epsdiluted": 1.59, "weightedAverageShsOut": 76278463, "weightedAverageShsOutDil": 76341836, "link": "https://www.sec.gov/Archives/edgar/data/868671/000086867117000037/0000868671-17-000037-index.htm", "finalLink": "https://www.sec.gov/Archives/edgar/data/868671/000086867117000037/gbci-12312016x10k.htm", "calculatedOtherExpenses": 68953000, "calculatedOperatingExpenses": 229083000, "calculatedNetInterest": 314522000, "calculatedOtherIncome": -344153000, "calculatedIncomeNonControlling": 0, "calculatedEbitda": 193394000}, {"date": "2015-12-31", "symbol": "GBCI", "reportedCurrency": "USD", "cik": "0000868671", "fillingDate": "2016-02-25", "acceptedDate": "2016-02-25 15:03:49", "calendarYear": "2015", "period": "FY", "revenue": 386883000, "costOfRevenue": 0, "grossProfit": 386883000, "grossProfitRatio": 1, "researchAndDevelopmentExpenses": 0, "generalAndAdministrativeExpenses": 134409000, "sellingAndMarketingExpenses": 8661000, "sellingGeneralAndAdministrativeExpenses": 143070000, "otherExpenses": 0, "operatingExpenses": 8661000, "costAndExpenses": 18720000, "interestIncome": 319681000, "interestExpense": 29275000, "depreciationAndAmortization": 2964000, "ebitda": 196730000, "ebitdaratio": 0.505515627, "operatingIncome": 179401000, "operatingIncomeRatio": 0.4609871854, "totalOtherIncomeExpensesNet": -29275000, "incomeBeforeTax": 150126000, "incomeBeforeTaxRatio": 0.3857624105, "incomeTaxExpense": 33999000, "netIncome": 116127000, "netIncomeRatio": 0.2983988879, "eps": 1.54, "epsdiluted": 1.54, "weightedAverageShsOut": 75542455, "weightedAverageShsOutDil": 75595581, "link": "https://www.sec.gov/Archives/edgar/data/868671/000086867116000137/0000868671-16-000137-index.htm", "finalLink": "https://www.sec.gov/Archives/edgar/data/868671/000086867116000137/gbci-12312015x10k.htm", "calculatedOtherExpenses": 64412000, "calculatedOperatingExpenses": 207482000, "calculatedNetInterest": 290406000, "calculatedOtherIncome": -319681000, "calculatedIncomeNonControlling": 0, "calculatedEbitda": 182365000}, {"date": "2014-12-31", "symbol": "GBCI", "reportedCurrency": "USD", "cik": "0000868671", "fillingDate": "2015-02-26", "acceptedDate": "2015-02-26 14:06:18", "calendarYear": "2014", "period": "FY", "revenue": 360663000, "costOfRevenue": 0, "grossProfit": 360663000, "grossProfitRatio": 1, "researchAndDevelopmentExpenses": 0, "generalAndAdministrativeExpenses": 118571000, "sellingAndMarketingExpenses": 7912000, "sellingGeneralAndAdministrativeExpenses": 126483000, "otherExpenses": 0, "operatingExpenses": 7912000, "costAndExpenses": 17495000, "interestIncome": 299919000, "interestExpense": 26966000, "depreciationAndAmortization": 2811000, "ebitda": 190549000, "ebitdaratio": 0.5245598822, "operatingIncome": 175630000, "operatingIncomeRatio": 0.4834895597, "totalOtherIncomeExpensesNet": -26966000, "incomeBeforeTax": 148664000, "incomeBeforeTaxRatio": 0.4092552064, "incomeTaxExpense": 35909000, "netIncome": 112755000, "netIncomeRatio": 0.3104017839, "eps": 1.51, "epsdiluted": 1.51, "weightedAverageShsOut": 74641957, "weightedAverageShsOutDil": 74687315, "link": "https://www.sec.gov/Archives/edgar/data/868671/000086867115000043/0000868671-15-000043-index.htm", "finalLink": "https://www.sec.gov/Archives/edgar/data/868671/000086867115000043/gbci-12312014x10k.htm", "calculatedOtherExpenses": 58550000, "calculatedOperatingExpenses": 185033000, "calculatedNetInterest": 272953000, "calculatedOtherIncome": -299919000, "calculatedIncomeNonControlling": 0, "calculatedEbitda": 178441000}, {"date": "2013-12-31", "symbol": "GBCI", "reportedCurrency": "USD", "cik": "0000868671", "fillingDate": "2014-02-28", "acceptedDate": "2014-02-28 12:39:34", "calendarYear": "2013", "period": "FY", "revenue": 320978000, "costOfRevenue": 0, "grossProfit": 320978000, "grossProfitRatio": 1, "researchAndDevelopmentExpenses": 0, "generalAndAdministrativeExpenses": 104221000, "sellingAndMarketingExpenses": 6913000, "sellingGeneralAndAdministrativeExpenses": 111134000, "otherExpenses": 0, "operatingExpenses": 6913000, "costAndExpenses": 6913000, "interestIncome": 263576000, "interestExpense": 28758000, "depreciationAndAmortization": 2401000, "ebitda": 167305000, "ebitdaratio": 0.5102862459, "operatingIncome": 154419000, "operatingIncomeRatio": 0.4709834841, "totalOtherIncomeExpensesNet": -28758000, "incomeBeforeTax": 125661000, "incomeBeforeTaxRatio": 0.3832705534, "incomeTaxExpense": 30017000, "netIncome": 95644000, "netIncomeRatio": 0.2917176277, "eps": 1.31, "epsdiluted": 1.31, "weightedAverageShsOut": 73191713, "weightedAverageShsOutDil": 73260278, "link": "https://www.sec.gov/Archives/edgar/data/868671/000086867114000004/0000868671-14-000004-index.htm", "finalLink": "https://www.sec.gov/Archives/edgar/data/868671/000086867114000004/gbci-12312013x10k.htm", "calculatedOtherExpenses": 55425000, "calculatedOperatingExpenses": 166559000, "calculatedNetInterest": 234818000, "calculatedOtherIncome": -263576000, "calculatedIncomeNonControlling": 0, "calculatedEbitda": 156820000}, {"date": "2012-12-31", "symbol": "GBCI", "reportedCurrency": "USD", "cik": "0000868671", "fillingDate": "2013-02-28", "acceptedDate": "2013-02-28 15:00:40", "calendarYear": "2012", "period": "FY", "revenue": 288014000, "costOfRevenue": 0, "grossProfit": 288014000, "grossProfitRatio": 1, "researchAndDevelopmentExpenses": 0, "generalAndAdministrativeExpenses": 101458000, "sellingAndMarketingExpenses": 6413000, "sellingGeneralAndAdministrativeExpenses": 107871000, "otherExpenses": 0, "operatingExpenses": 6413000, "costAndExpenses": 6413000, "interestIncome": 253757000, "interestExpense": 35714000, "depreciationAndAmortization": 2110000, "ebitda": 143032000, "ebitdaratio": 0.4620807071, "operatingIncome": 130307000, "operatingIncomeRatio": 0.4209711862, "totalOtherIncomeExpensesNet": -35714000, "incomeBeforeTax": 94593000, "incomeBeforeTaxRatio": 0.3055931563, "incomeTaxExpense": 19077000, "netIncome": 75516000, "netIncomeRatio": 0.2439627963, "eps": 1.05, "epsdiluted": 1.05, "weightedAverageShsOut": 71928570, "weightedAverageShsOutDil": 71928656, "link": "https://www.sec.gov/Archives/edgar/data/868671/000086867113000012/0000868671-13-000012-index.htm", "finalLink": "https://www.sec.gov/Archives/edgar/data/868671/000086867113000012/gbci-12312012x10k.htm", "calculatedOtherExpenses": 49836000, "calculatedOperatingExpenses": 157707000, "calculatedNetInterest": 218043000, "calculatedOtherIncome": -253757000, "calculatedIncomeNonControlling": 0, "calculatedEbitda": 132417000}, {"date": "2011-12-31", "symbol": "GBCI", "reportedCurrency": "USD", "cik": "0000868671", "fillingDate": "2012-02-28", "acceptedDate": "2012-02-28 15:30:36", "calendarYear": "2011", "period": "FY", "revenue": 313814000, "costOfRevenue": 0, "grossProfit": 313814000, "grossProfitRatio": 1, "researchAndDevelopmentExpenses": 0, "generalAndAdministrativeExpenses": 97013000, "sellingAndMarketingExpenses": 6469000, "sellingGeneralAndAdministrativeExpenses": 103482000, "otherExpenses": 0, "operatingExpenses": 6469000, "costAndExpenses": 6469000, "interestIncome": 280109000, "interestExpense": 44494000, "depreciationAndAmortization": 2473000, "ebitda": 74600000, "ebitdaratio": 0.2377204331, "operatingIncome": 61684000, "operatingIncomeRatio": 0.1965622949, "totalOtherIncomeExpensesNet": -44494000, "incomeBeforeTax": 17190000, "incomeBeforeTaxRatio": 0.0547776708, "incomeTaxExpense": -281000, "netIncome": 17471000, "netIncomeRatio": 0.0556731057, "eps": 0.24, "epsdiluted": 0.24, "weightedAverageShsOut": 71915073, "weightedAverageShsOutDil": 71915073, "link": "https://www.sec.gov/Archives/edgar/data/868671/000119312512084958/0001193125-12-084958-index.htm", "finalLink": "https://www.sec.gov/Archives/edgar/data/868671/000119312512084958/d257028d10k.htm", "calculatedOtherExpenses": 148648000, "calculatedOperatingExpenses": 252130000, "calculatedNetInterest": 235615000, "calculatedOtherIncome": -280109000, "calculatedIncomeNonControlling": 0, "calculatedEbitda": 64157000}, {"date": "2010-12-31", "symbol": "GBCI", "reportedCurrency": "USD", "cik": "0000868671", "fillingDate": "2011-02-28", "acceptedDate": "2011-02-28 17:07:22", "calendarYear": "2010", "period": "FY", "revenue": 322314000, "costOfRevenue": 0, "grossProfit": 322314000, "grossProfitRatio": 1, "researchAndDevelopmentExpenses": 0, "generalAndAdministrativeExpenses": 99906000, "sellingAndMarketingExpenses": 6831000, "sellingGeneralAndAdministrativeExpenses": 106737000, "otherExpenses": 0, "operatingExpenses": 6831000, "costAndExpenses": 6831000, "interestIncome": 288402000, "interestExpense": 53634000, "depreciationAndAmortization": 3180000, "ebitda": 117295000, "ebitdaratio": 0.3639153124, "operatingIncome": 103307000, "operatingIncomeRatio": 0.3205166391, "totalOtherIncomeExpensesNet": -53634000, "incomeBeforeTax": 49673000, "incomeBeforeTaxRatio": 0.1541136904, "incomeTaxExpense": 7343000, "netIncome": 42330000, "netIncomeRatio": 0.1313315587, "eps": 0.61, "epsdiluted": 0.61, "weightedAverageShsOut": 69657980, "weightedAverageShsOutDil": 69660345, "link": "https://www.sec.gov/Archives/edgar/data/868671/000095012311019871/0000950123-11-019871-index.htm", "finalLink": "https://www.sec.gov/Archives/edgar/data/868671/000095012311019871/v57427e10vk.htm", "calculatedOtherExpenses": 112270000, "calculatedOperatingExpenses": 219007000, "calculatedNetInterest": 234768000, "calculatedOtherIncome": -288402000, "calculatedIncomeNonControlling": 0, "calculatedEbitda": 106487000}, {"date": "2009-12-31", "symbol": "GBCI", "reportedCurrency": "USD", "cik": "0000868671", "fillingDate": "2010-03-01", "acceptedDate": "2010-03-01 13:45:42", "calendarYear": "2009", "period": "FY", "revenue": 331801000, "costOfRevenue": 0, "grossProfit": 331801000, "grossProfitRatio": 1, "researchAndDevelopmentExpenses": 0, "generalAndAdministrativeExpenses": 84965000, "sellingAndMarketingExpenses": 6477000, "sellingGeneralAndAdministrativeExpenses": 91442000, "otherExpenses": -327711000, "operatingExpenses": -236269000, "costAndExpenses": -236269000, "interestIncome": 302494000, "interestExpense": 57167000, "depreciationAndAmortization": 3116000, "ebitda": 109025000, "ebitdaratio": 0.3285855076, "operatingIncome": 95532000, "operatingIncomeRatio": 0.2879195662, "totalOtherIncomeExpensesNet": -57167000, "incomeBeforeTax": 38365000, "incomeBeforeTaxRatio": 0.1156265352, "incomeTaxExpense": 3991000, "netIncome": 34374000, "netIncomeRatio": 0.1035982411, "eps": 0.56, "epsdiluted": 0.56, "weightedAverageShsOut": 61529944, "weightedAverageShsOutDil": 61531640, "link": "https://www.sec.gov/Archives/edgar/data/868671/000095012310019115/0000950123-10-019115-index.htm", "finalLink": "https://www.sec.gov/Archives/edgar/data/868671/000095012310019115/v55088e10vk.txt", "calculatedOtherExpenses": 144827000, "calculatedOperatingExpenses": 236269000, "calculatedNetInterest": 245327000, "calculatedOtherIncome": -302494000, "calculatedIncomeNonControlling": 0, "calculatedEbitda": 98648000}, {"date": "2008-12-31", "symbol": "GBCI", "reportedCurrency": "USD", "cik": "0000868671", "fillingDate": "2009-03-02", "acceptedDate": "2009-03-02 13:49:23", "calendarYear": "2008", "period": "FY", "revenue": 273647000, "costOfRevenue": 0, "grossProfit": 273647000, "grossProfitRatio": 1, "researchAndDevelopmentExpenses": 0, "generalAndAdministrativeExpenses": 82027000, "sellingAndMarketingExpenses": 6989000, "sellingGeneralAndAdministrativeExpenses": 89016000, "otherExpenses": -173033000, "operatingExpenses": -84017000, "costAndExpenses": -84017000, "interestIncome": 302985000, "interestExpense": 90372000, "depreciationAndAmortization": 14265000, "ebitda": 203895000, "ebitdaratio": 0.7451022668, "operatingIncome": 189630000, "operatingIncomeRatio": 0.6929730638, "totalOtherIncomeExpensesNet": -90372000, "incomeBeforeTax": 99258000, "incomeBeforeTaxRatio": 0.3627227779, "incomeTaxExpense": 33601000, "netIncome": 65657000, "netIncomeRatio": 0.2399331986, "eps": 1.2, "epsdiluted": 1.19, "weightedAverageShsOut": 54851145, "weightedAverageShsOutDil": 55003814, "link": "https://www.sec.gov/Archives/edgar/data/868671/000095013409004207/0000950134-09-004207-index.htm", "finalLink": "https://www.sec.gov/Archives/edgar/data/868671/000095013409004207/v51163e10vk.txt", "calculatedOtherExpenses": -4999000, "calculatedOperatingExpenses": 84017000, "calculatedNetInterest": 212613000, "calculatedOtherIncome": -302985000, "calculatedIncomeNonControlling": 0, "calculatedEbitda": 203895000}, {"date": "2007-12-31", "symbol": "GBCI", "reportedCurrency": "USD", "cik": "0000868671", "fillingDate": "2008-02-29", "acceptedDate": "2008-02-29 12:57:51", "calendarYear": "2007", "period": "FY", "revenue": 248287000, "costOfRevenue": 0, "grossProfit": 248287000, "grossProfitRatio": 1, "researchAndDevelopmentExpenses": 0, "generalAndAdministrativeExpenses": 79070000, "sellingAndMarketingExpenses": 6306000, "sellingGeneralAndAdministrativeExpenses": 85376000, "otherExpenses": -108682000, "operatingExpenses": -23306000, "costAndExpenses": -23306000, "interestIncome": 304760000, "interestExpense": 121291000, "depreciationAndAmortization": 14447000, "ebitda": 239428000, "ebitdaratio": 0.9643195173, "operatingIncome": 224981000, "operatingIncomeRatio": 0.9061328221, "totalOtherIncomeExpensesNet": -121291000, "incomeBeforeTax": 103690000, "incomeBeforeTaxRatio": 0.4176215428, "incomeTaxExpense": 35087000, "netIncome": 68603000, "netIncomeRatio": 0.2763052435, "eps": 1.29, "epsdiluted": 1.28, "weightedAverageShsOut": 53180620, "weightedAverageShsOutDil": 53596094, "link": "https://www.sec.gov/Archives/edgar/data/868671/000095013408003811/0000950134-08-003811-index.htm", "finalLink": "https://www.sec.gov/Archives/edgar/data/868671/000095013408003811/v37320e10vk.txt", "calculatedOtherExpenses": -62070000, "calculatedOperatingExpenses": 23306000, "calculatedNetInterest": 183469000, "calculatedOtherIncome": -304760000, "calculatedIncomeNonControlling": 0, "calculatedEbitda": 239428000}, {"date": "2006-12-31", "symbol": "GBCI", "reportedCurrency": "USD", "cik": "0000868671", "fillingDate": "2007-02-28", "acceptedDate": "2007-02-28 15:21:41", "calendarYear": "2006", "period": "FY", "revenue": 210130000, "costOfRevenue": 0, "grossProfit": 210130000, "grossProfitRatio": 1, "researchAndDevelopmentExpenses": 0, "generalAndAdministrativeExpenses": 65419000, "sellingAndMarketingExpenses": 0, "sellingGeneralAndAdministrativeExpenses": 65419000, "otherExpenses": -88123000, "operatingExpenses": -22704000, "costAndExpenses": -22704000, "interestIncome": 253326000, "interestExpense": 95038000, "depreciationAndAmortization": 13623000, "ebitda": 201049000, "ebitdaratio": 0.9567838957, "operatingIncome": 187426000, "operatingIncomeRatio": 0.8919526008, "totalOtherIncomeExpensesNet": -95038000, "incomeBeforeTax": 92388000, "incomeBeforeTaxRatio": 0.4396706801, "incomeTaxExpense": 31257000, "netIncome": 61131000, "netIncomeRatio": 0.2909199067, "eps": 1.23, "epsdiluted": 1.21, "weightedAverageShsOut": 49700000, "weightedAverageShsOutDil": 50521488, "link": "https://www.sec.gov/Archives/edgar/data/868671/000095013407004369/0000950134-07-004369-index.htm", "finalLink": "https://www.sec.gov/Archives/edgar/data/868671/000095013407004369/v26977e10vk.txt", "calculatedOtherExpenses": -42715000, "calculatedOperatingExpenses": 22704000, "calculatedNetInterest": 158288000, "calculatedOtherIncome": -253326000, "calculatedIncomeNonControlling": 0, "calculatedEbitda": 201049000}, {"date": "2005-12-31", "symbol": "GBCI", "reportedCurrency": "USD", "cik": "0000868671", "fillingDate": "2006-03-15", "acceptedDate": "2006-03-15 12:34:11", "calendarYear": "2005", "period": "FY", "revenue": 174633000, "costOfRevenue": 0, "grossProfit": 174633000, "grossProfitRatio": 1, "researchAndDevelopmentExpenses": 0, "generalAndAdministrativeExpenses": 51385000, "sellingAndMarketingExpenses": 0, "sellingGeneralAndAdministrativeExpenses": 51385000, "otherExpenses": -88356000, "operatingExpenses": -36971000, "costAndExpenses": -36971000, "interestIncome": 189985000, "interestExpense": 59978000, "depreciationAndAmortization": 15665000, "ebitda": 153327000, "ebitdaratio": 0.8779955678, "operatingIncome": 137662000, "operatingIncomeRatio": 0.7882931634, "totalOtherIncomeExpensesNet": -59978000, "incomeBeforeTax": 77684000, "incomeBeforeTaxRatio": 0.4448414675, "incomeTaxExpense": 25311000, "netIncome": 52373000, "netIncomeRatio": 0.2999032256, "eps": 1.12, "epsdiluted": 1.09, "weightedAverageShsOut": 46761607, "weightedAverageShsOutDil": 48048624, "link": "https://www.sec.gov/Archives/edgar/data/868671/000095012406001224/0000950124-06-001224-index.htm", "finalLink": "https://www.sec.gov/Archives/edgar/data/868671/000095012406001224/v17773e10vk.txt", "calculatedOtherExpenses": -14414000, "calculatedOperatingExpenses": 36971000, "calculatedNetInterest": 130007000, "calculatedOtherIncome": -189985000, "calculatedIncomeNonControlling": 0, "calculatedEbitda": 153327000}, {"date": "2004-12-31", "symbol": "GBCI", "reportedCurrency": "USD", "cik": "0000868671", "fillingDate": "2005-03-15", "acceptedDate": "2005-03-15 17:20:12", "calendarYear": "2004", "period": "FY", "revenue": 141958000, "costOfRevenue": 0, "grossProfit": 141958000, "grossProfitRatio": 1, "researchAndDevelopmentExpenses": 0, "generalAndAdministrativeExpenses": 39955000, "sellingAndMarketingExpenses": 0, "sellingGeneralAndAdministrativeExpenses": 39955000, "otherExpenses": -76391000, "operatingExpenses": -36436000, "costAndExpenses": -36436000, "interestIncome": 147285000, "interestExpense": 39892000, "depreciationAndAmortization": 16904000, "ebitda": 122426000, "ebitdaratio": 0.8624100086, "operatingIncome": 105522000, "operatingIncomeRatio": 0.743332535, "totalOtherIncomeExpensesNet": -39892000, "incomeBeforeTax": 65630000, "incomeBeforeTaxRatio": 0.4623198411, "incomeTaxExpense": 21014000, "netIncome": 44616000, "netIncomeRatio": 0.3142901422, "eps": 0.97, "epsdiluted": 0.96, "weightedAverageShsOut": 45995876, "weightedAverageShsOutDil": 46475000, "link": "https://www.sec.gov/Archives/edgar/data/868671/000095012405001540/0000950124-05-001540-index.htm", "finalLink": "https://www.sec.gov/Archives/edgar/data/868671/000095012405001540/v06094e10vk.txt", "calculatedOtherExpenses": -3519000, "calculatedOperatingExpenses": 36436000, "calculatedNetInterest": 107393000, "calculatedOtherIncome": -147285000, "calculatedIncomeNonControlling": 0, "calculatedEbitda": 122426000}, {"date": "2003-12-31", "symbol": "GBCI", "reportedCurrency": "USD", "cik": "0000868671", "fillingDate": "2004-03-15", "acceptedDate": "2004-03-15 13:23:59", "calendarYear": "2003", "period": "FY", "revenue": 125914000, "costOfRevenue": 0, "grossProfit": 125914000, "grossProfitRatio": 1, "researchAndDevelopmentExpenses": 0, "generalAndAdministrativeExpenses": 36173000, "sellingAndMarketingExpenses": 0, "sellingGeneralAndAdministrativeExpenses": 36173000, "otherExpenses": -67448000, "operatingExpenses": -31275000, "costAndExpenses": -31275000, "interestIncome": 130830000, "interestExpense": 38478000, "depreciationAndAmortization": 19886000, "ebitda": 114525000, "ebitdaratio": 0.909549375, "operatingIncome": 94639000, "operatingIncomeRatio": 0.7516161825, "totalOtherIncomeExpensesNet": -38478000, "incomeBeforeTax": 56161000, "incomeBeforeTaxRatio": 0.4460266531, "incomeTaxExpense": 18153000, "netIncome": 38008000, "netIncomeRatio": 0.3018568229, "eps": 0.84, "epsdiluted": 0.83, "weightedAverageShsOut": 45218909, "weightedAverageShsOutDil": 45918170, "link": "https://www.sec.gov/Archives/edgar/data/868671/000095012404000934/0000950124-04-000934-index.htm", "finalLink": "https://www.sec.gov/Archives/edgar/data/868671/000095012404000934/v96764e10vk.htm", "calculatedOtherExpenses": -4898000, "calculatedOperatingExpenses": 31275000, "calculatedNetInterest": 92352000, "calculatedOtherIncome": -130830000, "calculatedIncomeNonControlling": 0, "calculatedEbitda": 114525000}, {"date": "2002-12-31", "symbol": "GBCI", "reportedCurrency": "USD", "cik": "0000868671", "fillingDate": "2003-03-18", "acceptedDate": "2003-03-18 16:59:28", "calendarYear": "2002", "period": "FY", "revenue": 112384000, "costOfRevenue": 0, "grossProfit": 112384000, "grossProfitRatio": 1, "researchAndDevelopmentExpenses": 0, "generalAndAdministrativeExpenses": 30448000, "sellingAndMarketingExpenses": 0, "sellingGeneralAndAdministrativeExpenses": 30448000, "otherExpenses": -46484000, "operatingExpenses": -16036000, "costAndExpenses": -16036000, "interestIncome": 133989000, "interestExpense": 47522000, "depreciationAndAmortization": 11257000, "ebitda": 107605000, "ebitdaratio": 0.9574761532, "operatingIncome": 96348000, "operatingIncomeRatio": 0.8573106492, "totalOtherIncomeExpensesNet": -47522000, "incomeBeforeTax": 48826000, "incomeBeforeTaxRatio": 0.4344568622, "incomeTaxExpense": 16424000, "netIncome": 32402000, "netIncomeRatio": 0.2883150626, "eps": 0.73, "epsdiluted": 0.72, "weightedAverageShsOut": 44152435, "weightedAverageShsOutDil": 44936206, "link": "https://www.sec.gov/Archives/edgar/data/868671/000089102003000821/0000891020-03-000821-index.htm", "finalLink": "https://www.sec.gov/Archives/edgar/data/868671/000089102003000821/v88506e10vk.htm", "calculatedOtherExpenses": -14412000, "calculatedOperatingExpenses": 16036000, "calculatedNetInterest": 86467000, "calculatedOtherIncome": -133989000, "calculatedIncomeNonControlling": 0, "calculatedEbitda": 107605000}, {"date": "2001-12-31", "symbol": "GBCI", "reportedCurrency": "USD", "cik": "0000868671", "fillingDate": "2002-03-27", "acceptedDate": "2002-03-27 00:00:00", "calendarYear": "2001", "period": "FY", "revenue": 95625000, "costOfRevenue": 0, "grossProfit": 95625000, "grossProfitRatio": 1, "researchAndDevelopmentExpenses": 0, "generalAndAdministrativeExpenses": 27941000, "sellingAndMarketingExpenses": 0, "sellingGeneralAndAdministrativeExpenses": 27941000, "otherExpenses": -24305000, "operatingExpenses": 3636000, "costAndExpenses": 3636000, "interestIncome": 137920000, "interestExpense": 65546000, "depreciationAndAmortization": 10129000, "ebitda": 109390000, "ebitdaratio": 1.1439477124, "operatingIncome": 99261000, "operatingIncomeRatio": 1.0380235294, "totalOtherIncomeExpensesNet": -65546000, "incomeBeforeTax": 33715000, "incomeBeforeTaxRatio": 0.3525751634, "incomeTaxExpense": 12026000, "netIncome": 21689000, "netIncomeRatio": 0.2268130719, "eps": 0.54, "epsdiluted": 0.52, "weightedAverageShsOut": 40519531, "weightedAverageShsOutDil": 41729069, "link": "https://www.sec.gov/Archives/edgar/data/868671/000089102002000324/0000891020-02-000324-index.htm", "finalLink": "https://www.sec.gov/Archives/edgar/data/868671/000089102002000324/v80255e10-k.htm", "calculatedOtherExpenses": -31577000, "calculatedOperatingExpenses": -3636000, "calculatedNetInterest": 72374000, "calculatedOtherIncome": -137920000, "calculatedIncomeNonControlling": 0, "calculatedEbitda": 109390000}, {"date": "2000-12-31", "symbol": "GBCI", "reportedCurrency": "USD", "cik": "0000868671", "fillingDate": "2001-03-30", "acceptedDate": "2001-03-30 00:00:00", "calendarYear": "2000", "period": "FY", "revenue": 54774000, "costOfRevenue": 0, "grossProfit": 54774000, "grossProfitRatio": 1, "researchAndDevelopmentExpenses": 0, "generalAndAdministrativeExpenses": 16214000, "sellingAndMarketingExpenses": 0, "sellingGeneralAndAdministrativeExpenses": 16214000, "otherExpenses": -12048000, "operatingExpenses": 4166000, "costAndExpenses": 4166000, "interestIncome": 78837000, "interestExpense": 37357000, "depreciationAndAmortization": 3019000, "ebitda": 61959000, "ebitdaratio": 1.1311753752, "operatingIncome": 58940000, "operatingIncomeRatio": 1.0760579837, "totalOtherIncomeExpensesNet": -37357000, "incomeBeforeTax": 21583000, "incomeBeforeTaxRatio": 0.394037317, "incomeTaxExpense": 7580000, "netIncome": 14003000, "netIncomeRatio": 0.2556504911, "eps": 0.47, "epsdiluted": 0.47, "weightedAverageShsOut": 29591381, "weightedAverageShsOutDil": 29835938, "link": "https://www.sec.gov/Archives/edgar/data/868671/000109581101001902/0001095811-01-001902-index.htm", "finalLink": "https://www.sec.gov/Archives/edgar/data/868671/000109581101001902/v71005e10-k.txt", "calculatedOtherExpenses": -20380000, "calculatedOperatingExpenses": -4166000, "calculatedNetInterest": 41480000, "calculatedOtherIncome": -78837000, "calculatedIncomeNonControlling": 0, "calculatedEbitda": 61959000}, {"date": "1999-12-31", "symbol": "GBCI", "reportedCurrency": "USD", "cik": "0000868671", "fillingDate": "2000-04-04", "acceptedDate": "2000-04-04 00:00:00", "calendarYear": "1999", "period": "FY", "revenue": 44393000, "costOfRevenue": 0, "grossProfit": 44393000, "grossProfitRatio": 1, "researchAndDevelopmentExpenses": 0, "generalAndAdministrativeExpenses": 12639000, "sellingAndMarketingExpenses": 0, "sellingGeneralAndAdministrativeExpenses": 12639000, "otherExpenses": -12630000, "operatingExpenses": 9000, "costAndExpenses": 9000, "interestIncome": 58921000, "interestExpense": 25592000, "depreciationAndAmortization": 2045000, "ebitda": 46447000, "ebitdaratio": 1.0462685559, "operatingIncome": 44402000, "operatingIncomeRatio": 1.0002027347, "totalOtherIncomeExpensesNet": -25592000, "incomeBeforeTax": 18810000, "incomeBeforeTaxRatio": 0.4237154506, "incomeTaxExpense": 6631000, "netIncome": 12179000, "netIncomeRatio": 0.2743450544, "eps": 0.42, "epsdiluted": 0.42, "weightedAverageShsOut": 29486111, "weightedAverageShsOutDil": 29761682, "link": "https://www.sec.gov/Archives/edgar/data/868671/000089102000000743/0000891020-00-000743-index.html", "finalLink": "https://www.sec.gov/Archives/edgar/data/868671/000089102000000743/0000891020-00-000743.txt", "calculatedOtherExpenses": -12648000, "calculatedOperatingExpenses": -9000, "calculatedNetInterest": 33329000, "calculatedOtherIncome": -58921000, "calculatedIncomeNonControlling": 0, "calculatedEbitda": 46447000}, {"date": "1998-12-31", "symbol": "GBCI", "reportedCurrency": "USD", "cik": "0000868671", "fillingDate": "1999-03-25", "acceptedDate": "1999-03-25 00:00:00", "calendarYear": "1998", "period": "FY", "revenue": 40200000, "costOfRevenue": 0, "grossProfit": 40200000, "grossProfitRatio": 1, "researchAndDevelopmentExpenses": 0, "generalAndAdministrativeExpenses": 10900000, "sellingAndMarketingExpenses": 0, "sellingGeneralAndAdministrativeExpenses": 10900000, "otherExpenses": -11900000, "operatingExpenses": -1000000, "costAndExpenses": -1000000, "interestIncome": 51100000, "interestExpense": 22200000, "depreciationAndAmortization": 1100000, "ebitda": 40300000, "ebitdaratio": 1.0024875622, "operatingIncome": 39200000, "operatingIncomeRatio": 0.9751243781, "totalOtherIncomeExpensesNet": -22200000, "incomeBeforeTax": 17000000, "incomeBeforeTaxRatio": 0.4228855721, "incomeTaxExpense": 6300000, "netIncome": 10700000, "netIncomeRatio": 0.2661691542, "eps": 0.4, "epsdiluted": 0.39, "weightedAverageShsOut": 28751149, "weightedAverageShsOutDil": 29326172, "link": "https://www.sec.gov/Archives/edgar/data/868671/000089155499000577/0000891554-99-000577-index.html", "finalLink": "https://www.sec.gov/Archives/edgar/data/868671/0000891554-99-000577.txt", "calculatedOtherExpenses": -9900000, "calculatedOperatingExpenses": 1000000, "calculatedNetInterest": 28900000, "calculatedOtherIncome": -51100000, "calculatedIncomeNonControlling": 0, "calculatedEbitda": 40300000}, {"date": "1997-12-31", "symbol": "GBCI", "reportedCurrency": "USD", "cik": "0000868671", "fillingDate": "1998-03-31", "acceptedDate": "1998-03-31 00:00:00", "calendarYear": "1997", "period": "FY", "revenue": 32400000, "costOfRevenue": 0, "grossProfit": 32400000, "grossProfitRatio": 1, "researchAndDevelopmentExpenses": 0, "generalAndAdministrativeExpenses": 9200000, "sellingAndMarketingExpenses": 0, "sellingGeneralAndAdministrativeExpenses": 9200000, "otherExpenses": -7200000, "operatingExpenses": 2000000, "costAndExpenses": 2000000, "interestIncome": 44000000, "interestExpense": 19900000, "depreciationAndAmortization": 1000000, "ebitda": 35400000, "ebitdaratio": 1.0925925926, "operatingIncome": 34400000, "operatingIncomeRatio": 1.0617283951, "totalOtherIncomeExpensesNet": -19900000, "incomeBeforeTax": 14500000, "incomeBeforeTaxRatio": 0.4475308642, "incomeTaxExpense": 5300000, "netIncome": 9200000, "netIncomeRatio": 0.2839506173, "eps": 0.4, "epsdiluted": 0.39, "weightedAverageShsOut": 25610809, "weightedAverageShsOutDil": 26117908, "link": "https://www.sec.gov/Archives/edgar/data/868671/000089102098000475/0000891020-98-000475-index.html", "finalLink": "https://www.sec.gov/Archives/edgar/data/868671/0000891020-98-000475.txt", "calculatedOtherExpenses": -11200000, "calculatedOperatingExpenses": -2000000, "calculatedNetInterest": 24100000, "calculatedOtherIncome": -44000000, "calculatedIncomeNonControlling": 0, "calculatedEbitda": 35400000}, {"date": "1996-12-31", "symbol": "GBCI", "reportedCurrency": "USD", "cik": "0000868671", "fillingDate": "1997-03-31", "acceptedDate": "1997-03-31 00:00:00", "calendarYear": "1996", "period": "FY", "revenue": 30900000, "costOfRevenue": 0, "grossProfit": 30900000, "grossProfitRatio": 1, "researchAndDevelopmentExpenses": 0, "generalAndAdministrativeExpenses": 8600000, "sellingAndMarketingExpenses": 0, "sellingGeneralAndAdministrativeExpenses": 8600000, "otherExpenses": -8400000, "operatingExpenses": 200000, "costAndExpenses": 200000, "interestIncome": 41200000, "interestExpense": 18600000, "depreciationAndAmortization": 900000, "ebitda": 32000000, "ebitdaratio": 1.0355987055, "operatingIncome": 31100000, "operatingIncomeRatio": 1.0064724919, "totalOtherIncomeExpensesNet": -18600000, "incomeBeforeTax": 12500000, "incomeBeforeTaxRatio": 0.4045307443, "incomeTaxExpense": 5100000, "netIncome": 7400000, "netIncomeRatio": 0.2394822006, "eps": 0.33, "epsdiluted": 0.33, "weightedAverageShsOut": 24861368, "weightedAverageShsOutDil": 24861368, "link": "https://www.sec.gov/Archives/edgar/data/868671/000089102097000498/0000891020-97-000498-index.html", "finalLink": "https://www.sec.gov/Archives/edgar/data/868671/0000891020-97-000498.txt", "calculatedOtherExpenses": -8800000, "calculatedOperatingExpenses": -200000, "calculatedNetInterest": 22600000, "calculatedOtherIncome": -41200000, "calculatedIncomeNonControlling": 0, "calculatedEbitda": 32000000}, {"date": "1995-12-31", "symbol": "GBCI", "reportedCurrency": "USD", "cik": "0000868671", "fillingDate": "1995-12-31", "acceptedDate": "1995-12-31 00:00:00", "calendarYear": "1995", "period": "FY", "revenue": 20400000, "costOfRevenue": 0, "grossProfit": 20400000, "grossProfitRatio": 1, "researchAndDevelopmentExpenses": 0, "generalAndAdministrativeExpenses": 5200000, "sellingAndMarketingExpenses": 0, "sellingGeneralAndAdministrativeExpenses": 5200000, "otherExpenses": -3100000, "operatingExpenses": 2100000, "costAndExpenses": 2100000, "interestIncome": 28800000, "interestExpense": 13200000, "depreciationAndAmortization": 900000, "ebitda": 23400000, "ebitdaratio": 1.1470588235, "operatingIncome": 22500000, "operatingIncomeRatio": 1.1029411765, "totalOtherIncomeExpensesNet": -13200000, "incomeBeforeTax": 9300000, "incomeBeforeTaxRatio": 0.4558823529, "incomeTaxExpense": 3600000, "netIncome": 5700000, "netIncomeRatio": 0.2794117647, "eps": 0.34, "epsdiluted": 0.34, "weightedAverageShsOut": 17457738, "weightedAverageShsOutDil": 17457738, "link": null, "finalLink": null, "calculatedOtherExpenses": -7300000, "calculatedOperatingExpenses": -2100000, "calculatedNetInterest": 15600000, "calculatedOtherIncome": -28800000, "calculatedIncomeNonControlling": 0, "calculatedEbitda": 23400000}, {"date": "1994-12-31", "symbol": "GBCI", "reportedCurrency": "USD", "cik": "0000868671", "fillingDate": "1994-12-31", "acceptedDate": "1994-12-31 00:00:00", "calendarYear": "1994", "period": "FY", "revenue": 18000000, "costOfRevenue": 0, "grossProfit": 18000000, "grossProfitRatio": 1, "researchAndDevelopmentExpenses": 0, "generalAndAdministrativeExpenses": 4500000, "sellingAndMarketingExpenses": 0, "sellingGeneralAndAdministrativeExpenses": 4500000, "otherExpenses": -4600000, "operatingExpenses": -100000, "costAndExpenses": -100000, "interestIncome": 23100000, "interestExpense": 9500000, "depreciationAndAmortization": 900000, "ebitda": 18800000, "ebitdaratio": 1.0444444444, "operatingIncome": 17900000, "operatingIncomeRatio": 0.9944444444, "totalOtherIncomeExpensesNet": -9500000, "incomeBeforeTax": 8400000, "incomeBeforeTaxRatio": 0.4666666667, "incomeTaxExpense": 3300000, "netIncome": 5100000, "netIncomeRatio": 0.2833333333, "eps": 0.27, "epsdiluted": 0.27, "weightedAverageShsOut": 18777891, "weightedAverageShsOutDil": 18777891, "link": null, "finalLink": null, "calculatedOtherExpenses": -4400000, "calculatedOperatingExpenses": 100000, "calculatedNetInterest": 13600000, "calculatedOtherIncome": -23100000, "calculatedIncomeNonControlling": 0, "calculatedEbitda": 18800000}, {"date": "1993-12-31", "symbol": "GBCI", "reportedCurrency": "USD", "cik": "0000868671", "fillingDate": "1993-12-31", "acceptedDate": "1993-12-31 00:00:00", "calendarYear": "1993", "period": "FY", "revenue": 17500000, "costOfRevenue": 0, "grossProfit": 17500000, "grossProfitRatio": 1, "researchAndDevelopmentExpenses": 0, "generalAndAdministrativeExpenses": 4200000, "sellingAndMarketingExpenses": 0, "sellingGeneralAndAdministrativeExpenses": 4200000, "otherExpenses": -4100000, "operatingExpenses": 100000, "costAndExpenses": 100000, "interestIncome": 21700000, "interestExpense": 9200000, "depreciationAndAmortization": 800000, "ebitda": 18400000, "ebitdaratio": 1.0514285714, "operatingIncome": 17600000, "operatingIncomeRatio": 1.0057142857, "totalOtherIncomeExpensesNet": -9200000, "incomeBeforeTax": 8400000, "incomeBeforeTaxRatio": 0.48, "incomeTaxExpense": 3300000, "netIncome": 5100000, "netIncomeRatio": 0.2914285714, "eps": 0.27, "epsdiluted": 0.27, "weightedAverageShsOut": 18777891, "weightedAverageShsOutDil": 19024953, "link": null, "finalLink": null, "calculatedOtherExpenses": -4300000, "calculatedOperatingExpenses": -100000, "calculatedNetInterest": 12500000, "calculatedOtherIncome": -21700000, "calculatedIncomeNonControlling": 0, "calculatedEbitda": 18400000}, {"date": "1992-12-31", "symbol": "GBCI", "reportedCurrency": "USD", "cik": "0000868671", "fillingDate": "1992-12-31", "acceptedDate": "1992-12-31 00:00:00", "calendarYear": "1992", "period": "FY", "revenue": 13200000, "costOfRevenue": 0, "grossProfit": 13200000, "grossProfitRatio": 1, "researchAndDevelopmentExpenses": 0, "generalAndAdministrativeExpenses": 3300000, "sellingAndMarketingExpenses": 0, "sellingGeneralAndAdministrativeExpenses": 3300000, "otherExpenses": -800000, "operatingExpenses": 2500000, "costAndExpenses": 2500000, "interestIncome": 19200000, "interestExpense": 9100000, "depreciationAndAmortization": 300000, "ebitda": 16000000, "ebitdaratio": 1.2121212121, "operatingIncome": 15700000, "operatingIncomeRatio": 1.1893939394, "totalOtherIncomeExpensesNet": -9100000, "incomeBeforeTax": 6600000, "incomeBeforeTaxRatio": 0.5, "incomeTaxExpense": 2500000, "netIncome": 4100000, "netIncomeRatio": 0.3106060606, "eps": 0.25, "epsdiluted": 0.25, "weightedAverageShsOut": 16607191, "weightedAverageShsOutDil": 16607191, "link": null, "finalLink": null, "calculatedOtherExpenses": -5800000, "calculatedOperatingExpenses": -2500000, "calculatedNetInterest": 10100000, "calculatedOtherIncome": -19200000, "calculatedIncomeNonControlling": 0, "calculatedEbitda": 16000000}, {"date": "1991-12-31", "symbol": "GBCI", "reportedCurrency": "USD", "cik": "0000868671", "fillingDate": "1991-12-31", "acceptedDate": "1991-12-31 00:00:00", "calendarYear": "1991", "period": "FY", "revenue": 9800000, "costOfRevenue": 0, "grossProfit": 9800000, "grossProfitRatio": 1, "researchAndDevelopmentExpenses": 0, "generalAndAdministrativeExpenses": 2500000, "sellingAndMarketingExpenses": 0, "sellingGeneralAndAdministrativeExpenses": 2500000, "otherExpenses": 1800000, "operatingExpenses": 4300000, "costAndExpenses": 4300000, "interestIncome": 17200000, "interestExpense": 9400000, "depreciationAndAmortization": 200000, "ebitda": 14300000, "ebitdaratio": 1.4591836735, "operatingIncome": 14100000, "operatingIncomeRatio": 1.4387755102, "totalOtherIncomeExpensesNet": -9400000, "incomeBeforeTax": 4700000, "incomeBeforeTaxRatio": 0.4795918367, "incomeTaxExpense": 1800000, "netIncome": 2900000, "netIncomeRatio": 0.2959183673, "eps": 0.18, "epsdiluted": 0.18, "weightedAverageShsOut": 16445130, "weightedAverageShsOutDil": 16445130, "link": null, "finalLink": null, "calculatedOtherExpenses": -6800000, "calculatedOperatingExpenses": -4300000, "calculatedNetInterest": 7800000, "calculatedOtherIncome": -17200000, "calculatedIncomeNonControlling": 0, "calculatedEbitda": 14300000}, {"date": "1990-12-31", "symbol": "GBCI", "reportedCurrency": "USD", "cik": "0000868671", "fillingDate": "1990-12-31", "acceptedDate": "1990-12-31 00:00:00", "calendarYear": "1990", "period": "FY", "revenue": 0, "costOfRevenue": 0, "grossProfit": 0, "grossProfitRatio": 0, "researchAndDevelopmentExpenses": 0, "generalAndAdministrativeExpenses": 0, "sellingAndMarketingExpenses": 0, "sellingGeneralAndAdministrativeExpenses": 0, "otherExpenses": 1300000, "operatingExpenses": 1300000, "costAndExpenses": 1300000, "interestIncome": 0, "interestExpense": 0, "depreciationAndAmortization": 0, "ebitda": 1300000, "ebitdaratio": 0, "operatingIncome": 1300000, "operatingIncomeRatio": 0, "totalOtherIncomeExpensesNet": 0, "incomeBeforeTax": 0, "incomeBeforeTaxRatio": 0, "incomeTaxExpense": -1300000, "netIncome": 1300000, "netIncomeRatio": 0, "eps": 0.0802, "epsdiluted": 0.0802, "weightedAverageShsOut": 16218374, "weightedAverageShsOutDil": 16218374, "link": null, "finalLink": null, "calculatedOtherExpenses": -1300000, "calculatedOperatingExpenses": -1300000, "calculatedNetInterest": 0, "calculatedOtherIncome": -1300000, "calculatedIncomeNonControlling": 0, "calculatedEbitda": 1300000}, {"date": "1989-06-30", "symbol": "GBCI", "reportedCurrency": "USD", "cik": "0000868671", "fillingDate": "1989-06-30", "acceptedDate": "1989-06-30 00:00:00", "calendarYear": "1989", "period": "FY", "revenue": 0, "costOfRevenue": 0, "grossProfit": 0, "grossProfitRatio": 0, "researchAndDevelopmentExpenses": 0, "generalAndAdministrativeExpenses": 0, "sellingAndMarketingExpenses": 0, "sellingGeneralAndAdministrativeExpenses": 0, "otherExpenses": 2400000, "operatingExpenses": 2400000, "costAndExpenses": 2400000, "interestIncome": 0, "interestExpense": 0, "depreciationAndAmortization": 0, "ebitda": 2400000, "ebitdaratio": 0, "operatingIncome": 2400000, "operatingIncomeRatio": 0, "totalOtherIncomeExpensesNet": 0, "incomeBeforeTax": 0, "incomeBeforeTaxRatio": 0, "incomeTaxExpense": -2400000, "netIncome": 2400000, "netIncomeRatio": 0, "eps": 0.15, "epsdiluted": 0.15, "weightedAverageShsOut": 15926314, "weightedAverageShsOutDil": 15926314, "link": null, "finalLink": null, "calculatedOtherExpenses": -2400000, "calculatedOperatingExpenses": -2400000, "calculatedNetInterest": 0, "calculatedOtherIncome": -2400000, "calculatedIncomeNonControlling": 0, "calculatedEbitda": 2400000}, {"date": "1988-06-30", "symbol": "GBCI", "reportedCurrency": "USD", "cik": "0000868671", "fillingDate": "1988-06-30", "acceptedDate": "1988-06-30 00:00:00", "calendarYear": "1988", "period": "FY", "revenue": 0, "costOfRevenue": 0, "grossProfit": 0, "grossProfitRatio": 0, "researchAndDevelopmentExpenses": 0, "generalAndAdministrativeExpenses": 0, "sellingAndMarketingExpenses": 0, "sellingGeneralAndAdministrativeExpenses": 0, "otherExpenses": 1900000, "operatingExpenses": 1900000, "costAndExpenses": 1900000, "interestIncome": 0, "interestExpense": 0, "depreciationAndAmortization": 0, "ebitda": 1900000, "ebitdaratio": 0, "operatingIncome": 1900000, "operatingIncomeRatio": 0, "totalOtherIncomeExpensesNet": 0, "incomeBeforeTax": 0, "incomeBeforeTaxRatio": 0, "incomeTaxExpense": -1900000, "netIncome": 1900000, "netIncomeRatio": 0, "eps": 0.12, "epsdiluted": 0.12, "weightedAverageShsOut": 16016050, "weightedAverageShsOutDil": 16016050, "link": null, "finalLink": null, "calculatedOtherExpenses": -1900000, "calculatedOperatingExpenses": -1900000, "calculatedNetInterest": 0, "calculatedOtherIncome": -1900000, "calculatedIncomeNonControlling": 0, "calculatedEbitda": 1900000}, {"date": "1987-06-30", "symbol": "GBCI", "reportedCurrency": "USD", "cik": "0000868671", "fillingDate": "1987-06-30", "acceptedDate": "1987-06-30 00:00:00", "calendarYear": "1987", "period": "FY", "revenue": 0, "costOfRevenue": 0, "grossProfit": 0, "grossProfitRatio": 0, "researchAndDevelopmentExpenses": 0, "generalAndAdministrativeExpenses": 0, "sellingAndMarketingExpenses": 0, "sellingGeneralAndAdministrativeExpenses": 0, "otherExpenses": 1800000, "operatingExpenses": 1800000, "costAndExpenses": 1800000, "interestIncome": 0, "interestExpense": 0, "depreciationAndAmortization": 0, "ebitda": 1800000, "ebitdaratio": 0, "operatingIncome": 1800000, "operatingIncomeRatio": 0, "totalOtherIncomeExpensesNet": 0, "incomeBeforeTax": 0, "incomeBeforeTaxRatio": 0, "incomeTaxExpense": -1800000, "netIncome": 1800000, "netIncomeRatio": 0, "eps": 0.11, "epsdiluted": 0.11, "weightedAverageShsOut": 16040065, "weightedAverageShsOutDil": 16040065, "link": null, "finalLink": null, "calculatedOtherExpenses": -1800000, "calculatedOperatingExpenses": -1800000, "calculatedNetInterest": 0, "calculatedOtherIncome": -1800000, "calculatedIncomeNonControlling": 0, "calculatedEbitda": 1800000}, {"date": "1986-06-30", "symbol": "GBCI", "reportedCurrency": "USD", "cik": "0000868671", "fillingDate": "1986-06-30", "acceptedDate": "1986-06-30 00:00:00", "calendarYear": "1986", "period": "FY", "revenue": 0, "costOfRevenue": 0, "grossProfit": 0, "grossProfitRatio": 0, "researchAndDevelopmentExpenses": 0, "generalAndAdministrativeExpenses": 0, "sellingAndMarketingExpenses": 0, "sellingGeneralAndAdministrativeExpenses": 0, "otherExpenses": 1700000, "operatingExpenses": 1700000, "costAndExpenses": 1700000, "interestIncome": 0, "interestExpense": 0, "depreciationAndAmortization": 0, "ebitda": 1700000, "ebitdaratio": 0, "operatingIncome": 1700000, "operatingIncomeRatio": 0, "totalOtherIncomeExpensesNet": 0, "incomeBeforeTax": 0, "incomeBeforeTaxRatio": 0, "incomeTaxExpense": -1700000, "netIncome": 1700000, "netIncomeRatio": 0, "eps": 0.11, "epsdiluted": 0.11, "weightedAverageShsOut": 15148950, "weightedAverageShsOutDil": 15148950, "link": null, "finalLink": null, "calculatedOtherExpenses": -1700000, "calculatedOperatingExpenses": -1700000, "calculatedNetInterest": 0, "calculatedOtherIncome": -1700000, "calculatedIncomeNonControlling": 0, "calculatedEbitda": 1700000}]}