{"originalCurrency": "USD", "convertedCurrency": "USD", "report": [{"date": "2023-09-30", "symbol": "GBDC", "reportedCurrency": "USD", "cik": "0001476765", "fillingDate": "2023-11-20", "acceptedDate": "2023-11-20 16:07:13", "calendarYear": "2023", "period": "FY", "revenue": 284434000, "costOfRevenue": -313373000, "grossProfit": 597807000, "grossProfitRatio": 2.1017424077, "researchAndDevelopmentExpenses": 0, "generalAndAdministrativeExpenses": 14842000, "sellingAndMarketingExpenses": 0, "sellingGeneralAndAdministrativeExpenses": 14842000, "otherExpenses": -13349000, "operatingExpenses": 22222000, "costAndExpenses": 14842000, "interestIncome": 584632000, "interestExpense": 143230000, "depreciationAndAmortization": -443380000, "ebitda": 292770000, "ebitdaratio": 1.0293073261, "operatingIncome": 292770000, "operatingIncomeRatio": 1.0293073261, "totalOtherIncomeExpensesNet": -30558000, "incomeBeforeTax": 262212000, "incomeBeforeTaxRatio": 0.9218729125, "incomeTaxExpense": 3581000, "netIncome": 258631000, "netIncomeRatio": 0.9092829971, "eps": 1.52, "epsdiluted": 1.52, "weightedAverageShsOut": 170324784, "weightedAverageShsOutDil": 170324784, "link": "https://www.sec.gov/Archives/edgar/data/1476765/000147676523000077/0001476765-23-000077-index.htm", "finalLink": "https://www.sec.gov/Archives/edgar/data/1476765/000147676523000077/gbdc-20230930.htm", "calculatedOtherExpenses": 290195000, "calculatedOperatingExpenses": 305037000, "calculatedNetInterest": 441402000, "calculatedOtherIncome": -471960000, "calculatedIncomeNonControlling": 0, "calculatedEbitda": -150610000}, {"date": "2022-09-30", "symbol": "GBDC", "reportedCurrency": "USD", "cik": "0001476765", "fillingDate": "2022-11-21", "acceptedDate": "2022-11-21 16:18:22", "calendarYear": "2022", "period": "FY", "revenue": 172617000, "costOfRevenue": 96906000, "grossProfit": 75711000, "grossProfitRatio": 0.438606858, "researchAndDevelopmentExpenses": 0, "generalAndAdministrativeExpenses": 12515000, "sellingAndMarketingExpenses": 0, "sellingGeneralAndAdministrativeExpenses": 12515000, "otherExpenses": 5433000, "operatingExpenses": 17948000, "costAndExpenses": 17948000, "interestIncome": 382876000, "interestExpense": 82041000, "depreciationAndAmortization": -285497000, "ebitda": 236710000, "ebitdaratio": 1.3713017837, "operatingIncome": 236710000, "operatingIncomeRatio": 1.3713017837, "totalOtherIncomeExpensesNet": -82041000, "incomeBeforeTax": 154669000, "incomeBeforeTaxRatio": 0.8960241459, "incomeTaxExpense": 1229000, "netIncome": 153440000, "netIncomeRatio": 0.8889043373, "eps": 0.9, "epsdiluted": 0.9, "weightedAverageShsOut": 170674570, "weightedAverageShsOutDil": 170674570, "link": "https://www.sec.gov/Archives/edgar/data/1476765/000147676522000103/0001476765-22-000103-index.htm", "finalLink": "https://www.sec.gov/Archives/edgar/data/1476765/000147676522000103/gbdc-20220930.htm", "calculatedOtherExpenses": -173514000, "calculatedOperatingExpenses": -160999000, "calculatedNetInterest": 300835000, "calculatedOtherIncome": -382876000, "calculatedIncomeNonControlling": 0, "calculatedEbitda": -48787000}, {"date": "2021-09-30", "symbol": "GBDC", "reportedCurrency": "USD", "cik": "0001476765", "fillingDate": "2021-11-29", "acceptedDate": "2021-11-29 16:08:50", "calendarYear": "2021", "period": "FY", "revenue": 349465000, "costOfRevenue": 68299000, "grossProfit": 281166000, "grossProfitRatio": 0.8045612579, "researchAndDevelopmentExpenses": 0, "generalAndAdministrativeExpenses": 12642000, "sellingAndMarketingExpenses": 0, "sellingGeneralAndAdministrativeExpenses": 12642000, "otherExpenses": -4000000, "operatingExpenses": 8642000, "costAndExpenses": 8642000, "interestIncome": 300450000, "interestExpense": 65751000, "depreciationAndAmortization": -233411000, "ebitda": 340823000, "ebitdaratio": 0.975270771, "operatingIncome": 340823000, "operatingIncomeRatio": 0.975270771, "totalOtherIncomeExpensesNet": -67241000, "incomeBeforeTax": 340823000, "incomeBeforeTaxRatio": 0.975270771, "incomeTaxExpense": 543000, "netIncome": 340280000, "netIncomeRatio": 0.9737169674, "eps": 2.03, "epsdiluted": 2.03, "weightedAverageShsOut": 167994042, "weightedAverageShsOutDil": 167994042, "link": "https://www.sec.gov/Archives/edgar/data/1476765/000147676521000176/0001476765-21-000176-index.htm", "finalLink": "https://www.sec.gov/Archives/edgar/data/1476765/000147676521000176/gbdcfy202110-k.htm", "calculatedOtherExpenses": -72299000, "calculatedOperatingExpenses": -59657000, "calculatedNetInterest": 234699000, "calculatedOtherIncome": -234699000, "calculatedIncomeNonControlling": 0, "calculatedEbitda": 107412000}, {"date": "2020-09-30", "symbol": "GBDC", "reportedCurrency": "USD", "cik": "0001476765", "fillingDate": "2020-11-30", "acceptedDate": "2020-11-30 16:07:52", "calendarYear": "2020", "period": "FY", "revenue": 66834000, "costOfRevenue": 79111000, "grossProfit": -12277000, "grossProfitRatio": -0.1836939282, "researchAndDevelopmentExpenses": 0, "generalAndAdministrativeExpenses": 11962000, "sellingAndMarketingExpenses": 0, "sellingGeneralAndAdministrativeExpenses": 11962000, "otherExpenses": -68724000, "operatingExpenses": 11962000, "costAndExpenses": 11962000, "interestIncome": 295083000, "interestExpense": 74944000, "depreciationAndAmortization": -213917000, "ebitda": 54872000, "ebitdaratio": 0.8210192417, "operatingIncome": 54872000, "operatingIncomeRatio": 0.8210192417, "totalOtherIncomeExpensesNet": -117486000, "incomeBeforeTax": 54872000, "incomeBeforeTaxRatio": 0.8210192417, "incomeTaxExpense": 96431000, "netIncome": 54872000, "netIncomeRatio": 0.8210192417, "eps": 0.37, "epsdiluted": 0.37, "weightedAverageShsOut": 148913560, "weightedAverageShsOutDil": 148913560, "link": "https://www.sec.gov/Archives/edgar/data/1476765/000147676520000195/0001476765-20-000195-index.htm", "finalLink": "https://www.sec.gov/Archives/edgar/data/1476765/000147676520000195/gbdcfy202010-k.htm", "calculatedOtherExpenses": -79111000, "calculatedOperatingExpenses": -67149000, "calculatedNetInterest": 220139000, "calculatedOtherIncome": -220139000, "calculatedIncomeNonControlling": -96431000, "calculatedEbitda": -159045000}, {"date": "2019-09-30", "symbol": "GBDC", "reportedCurrency": "USD", "cik": "0001476765", "fillingDate": "2019-11-25", "acceptedDate": "2019-11-25 17:14:38", "calendarYear": "2019", "period": "FY", "revenue": 172298000, "costOfRevenue": 184956000, "grossProfit": -12658000, "grossProfitRatio": -0.0734657396, "researchAndDevelopmentExpenses": 0, "generalAndAdministrativeExpenses": 5921000, "sellingAndMarketingExpenses": 0, "sellingGeneralAndAdministrativeExpenses": 5921000, "otherExpenses": -104133000, "operatingExpenses": 5921000, "costAndExpenses": 5921000, "interestIncome": 169440000, "interestExpense": 43531000, "depreciationAndAmortization": -129603000, "ebitda": -18579000, "ebitdaratio": -0.107830619, "operatingIncome": -18579000, "operatingIncomeRatio": -0.107830619, "totalOtherIncomeExpensesNet": -44053000, "incomeBeforeTax": -18579000, "incomeBeforeTaxRatio": -0.107830619, "incomeTaxExpense": 85550000, "netIncome": -18579000, "netIncomeRatio": -0.107830619, "eps": -0.28, "epsdiluted": -0.28, "weightedAverageShsOut": 66907723, "weightedAverageShsOutDil": 66907723, "link": "https://www.sec.gov/Archives/edgar/data/1476765/000147676519000106/0001476765-19-000106-index.htm", "finalLink": "https://www.sec.gov/Archives/edgar/data/1476765/000147676519000106/gbdcfy2019q410-k.htm", "calculatedOtherExpenses": 0, "calculatedOperatingExpenses": 5921000, "calculatedNetInterest": 125909000, "calculatedOtherIncome": -125909000, "calculatedIncomeNonControlling": -85550000, "calculatedEbitda": -148182000}, {"date": "2018-09-30", "symbol": "GBDC", "reportedCurrency": "USD", "cik": "0001476765", "fillingDate": "2018-11-28", "acceptedDate": "2018-11-28 16:07:32", "calendarYear": "2018", "period": "FY", "revenue": 87622000, "costOfRevenue": 0, "grossProfit": 87622000, "grossProfitRatio": 1, "researchAndDevelopmentExpenses": 0, "generalAndAdministrativeExpenses": 5652000, "sellingAndMarketingExpenses": 0, "sellingGeneralAndAdministrativeExpenses": 5652000, "otherExpenses": 0, "operatingExpenses": 5652000, "costAndExpenses": 5652000, "interestIncome": 140934000, "interestExpense": 33174000, "depreciationAndAmortization": 0, "ebitda": 115144000, "ebitdaratio": 1.3140991988, "operatingIncome": 115144000, "operatingIncomeRatio": 1.3140991988, "totalOtherIncomeExpensesNet": -33174000, "incomeBeforeTax": 81970000, "incomeBeforeTaxRatio": 0.9354956518, "incomeTaxExpense": 0, "netIncome": 81970000, "netIncomeRatio": 0.9354956518, "eps": 1.33, "epsdiluted": 1.33, "weightedAverageShsOut": 61744060, "weightedAverageShsOutDil": 61744060, "link": "https://www.sec.gov/Archives/edgar/data/1476765/000147676518000085/0001476765-18-000085-index.htm", "finalLink": "https://www.sec.gov/Archives/edgar/data/1476765/000147676518000085/gbdcfy2018q410-k.htm", "calculatedOtherExpenses": -33174000, "calculatedOperatingExpenses": -27522000, "calculatedNetInterest": 107760000, "calculatedOtherIncome": -140934000, "calculatedIncomeNonControlling": 0, "calculatedEbitda": 115144000}, {"date": "2017-09-30", "symbol": "GBDC", "reportedCurrency": "USD", "cik": "0001476765", "fillingDate": "2017-11-20", "acceptedDate": "2017-11-20 16:47:27", "calendarYear": "2017", "period": "FY", "revenue": 87597000, "costOfRevenue": 0, "grossProfit": 87597000, "grossProfitRatio": 1, "researchAndDevelopmentExpenses": 0, "generalAndAdministrativeExpenses": 5292000, "sellingAndMarketingExpenses": 0, "sellingGeneralAndAdministrativeExpenses": 5292000, "otherExpenses": 17000, "operatingExpenses": 5292000, "costAndExpenses": 5292000, "interestIncome": 130449000, "interestExpense": 31534000, "depreciationAndAmortization": 0, "ebitda": 113822000, "ebitdaratio": 1.2993823989, "operatingIncome": 113822000, "operatingIncomeRatio": 1.2993823989, "totalOtherIncomeExpensesNet": -31517000, "incomeBeforeTax": 82305000, "incomeBeforeTaxRatio": 0.9395869722, "incomeTaxExpense": 17000, "netIncome": 82288000, "netIncomeRatio": 0.9393929016, "eps": 1.37, "epsdiluted": 1.37, "weightedAverageShsOut": 60033436, "weightedAverageShsOutDil": 60033436, "link": "https://www.sec.gov/Archives/edgar/data/1476765/000147676517000078/0001476765-17-000078-index.htm", "finalLink": "https://www.sec.gov/Archives/edgar/data/1476765/000147676517000078/gbdc201710-k.htm", "calculatedOtherExpenses": -31517000, "calculatedOperatingExpenses": -26225000, "calculatedNetInterest": 98915000, "calculatedOtherIncome": -130432000, "calculatedIncomeNonControlling": 0, "calculatedEbitda": 113822000}, {"date": "2016-09-30", "symbol": "GBDC", "reportedCurrency": "USD", "cik": "0001476765", "fillingDate": "2016-11-16", "acceptedDate": "2016-11-16 16:42:14", "calendarYear": "2016", "period": "FY", "revenue": 75085000, "costOfRevenue": 0, "grossProfit": 75085000, "grossProfitRatio": 1, "researchAndDevelopmentExpenses": 0, "generalAndAdministrativeExpenses": 5548000, "sellingAndMarketingExpenses": 0, "sellingGeneralAndAdministrativeExpenses": 5548000, "otherExpenses": 333000, "operatingExpenses": 5548000, "costAndExpenses": 5548000, "interestIncome": 121785000, "interestExpense": 27724000, "depreciationAndAmortization": 0, "ebitda": 96928000, "ebitdaratio": 1.2909103017, "operatingIncome": 96928000, "operatingIncomeRatio": 1.2909103017, "totalOtherIncomeExpensesNet": -27391000, "incomeBeforeTax": 69537000, "incomeBeforeTaxRatio": 0.9261104082, "incomeTaxExpense": 333000, "netIncome": 69204000, "netIncomeRatio": 0.9216754345, "eps": 1.26, "epsdiluted": 1.26, "weightedAverageShsOut": 54796551, "weightedAverageShsOutDil": 54796551, "link": "https://www.sec.gov/Archives/edgar/data/1476765/000162828016021522/0001628280-16-021522-index.html", "finalLink": "https://www.sec.gov/Archives/edgar/data/1476765/000162828016021522/gbdc201510-k.htm", "calculatedOtherExpenses": -27391000, "calculatedOperatingExpenses": -21843000, "calculatedNetInterest": 94061000, "calculatedOtherIncome": -121452000, "calculatedIncomeNonControlling": 0, "calculatedEbitda": 96928000}, {"date": "2015-09-30", "symbol": "GBDC", "reportedCurrency": "USD", "cik": "0001476765", "fillingDate": "2015-11-17", "acceptedDate": "2015-11-17 17:10:04", "calendarYear": "2015", "period": "FY", "revenue": 76696000, "costOfRevenue": 0, "grossProfit": 76696000, "grossProfitRatio": 1, "researchAndDevelopmentExpenses": 0, "generalAndAdministrativeExpenses": 5905000, "sellingAndMarketingExpenses": 0, "sellingGeneralAndAdministrativeExpenses": 5905000, "otherExpenses": 0, "operatingExpenses": 5905000, "costAndExpenses": 5905000, "interestIncome": 116141000, "interestExpense": 24510000, "depreciationAndAmortization": 0, "ebitda": 95301000, "ebitdaratio": 1.2425810994, "operatingIncome": 95301000, "operatingIncomeRatio": 1.2425810994, "totalOtherIncomeExpensesNet": -24510000, "incomeBeforeTax": 70791000, "incomeBeforeTaxRatio": 0.9230077188, "incomeTaxExpense": 0, "netIncome": 70791000, "netIncomeRatio": 0.9230077188, "eps": 1.37, "epsdiluted": 1.37, "weightedAverageShsOut": 51705274, "weightedAverageShsOutDil": 51705274, "link": "https://www.sec.gov/Archives/edgar/data/1476765/000114420415066503/0001144204-15-066503-index.htm", "finalLink": "https://www.sec.gov/Archives/edgar/data/1476765/000114420415066503/v424705_10k.htm", "calculatedOtherExpenses": -24510000, "calculatedOperatingExpenses": -18605000, "calculatedNetInterest": 91631000, "calculatedOtherIncome": -116141000, "calculatedIncomeNonControlling": 0, "calculatedEbitda": 95301000}, {"date": "2014-09-30", "symbol": "GBDC", "reportedCurrency": "USD", "cik": "0001476765", "fillingDate": "2014-11-18", "acceptedDate": "2014-11-18 17:28:15", "calendarYear": "2014", "period": "FY", "revenue": 70971000, "costOfRevenue": 0, "grossProfit": 70971000, "grossProfitRatio": 1, "researchAndDevelopmentExpenses": 0, "generalAndAdministrativeExpenses": 5583000, "sellingAndMarketingExpenses": 0, "sellingGeneralAndAdministrativeExpenses": 5583000, "otherExpenses": 0, "operatingExpenses": 5583000, "costAndExpenses": 5583000, "interestIncome": 104330000, "interestExpense": 20227000, "depreciationAndAmortization": 0, "ebitda": 85615000, "ebitdaratio": 1.2063377999, "operatingIncome": 85615000, "operatingIncomeRatio": 1.2063377999, "totalOtherIncomeExpensesNet": -20227000, "incomeBeforeTax": 65388000, "incomeBeforeTaxRatio": 0.921334066, "incomeTaxExpense": 0, "netIncome": 65388000, "netIncomeRatio": 0.921334066, "eps": 1.37, "epsdiluted": 1.37, "weightedAverageShsOut": 47759519, "weightedAverageShsOutDil": 47759519, "link": "https://www.sec.gov/Archives/edgar/data/1476765/000114420414069568/0001144204-14-069568-index.htm", "finalLink": "https://www.sec.gov/Archives/edgar/data/1476765/000114420414069568/v394051_10k.htm", "calculatedOtherExpenses": -20227000, "calculatedOperatingExpenses": -14644000, "calculatedNetInterest": 84103000, "calculatedOtherIncome": -104330000, "calculatedIncomeNonControlling": 0, "calculatedEbitda": 85615000}, {"date": "2013-09-30", "symbol": "GBDC", "reportedCurrency": "USD", "cik": "0001476765", "fillingDate": "2013-12-03", "acceptedDate": "2013-12-03 16:16:46", "calendarYear": "2013", "period": "FY", "revenue": 51879000, "costOfRevenue": 0, "grossProfit": 51879000, "grossProfitRatio": 1, "researchAndDevelopmentExpenses": 0, "generalAndAdministrativeExpenses": 5359000, "sellingAndMarketingExpenses": 0, "sellingGeneralAndAdministrativeExpenses": 5359000, "otherExpenses": 0, "operatingExpenses": 5359000, "costAndExpenses": 5359000, "interestIncome": 81577000, "interestExpense": 12427000, "depreciationAndAmortization": 0, "ebitda": 58947000, "ebitdaratio": 1.1362400971, "operatingIncome": 58947000, "operatingIncomeRatio": 1.1362400971, "totalOtherIncomeExpensesNet": -12427000, "incomeBeforeTax": 46520000, "incomeBeforeTaxRatio": 0.8967019411, "incomeTaxExpense": 0, "netIncome": 46520000, "netIncomeRatio": 0.8967019411, "eps": 1.28, "epsdiluted": 1.28, "weightedAverageShsOut": 36356640, "weightedAverageShsOutDil": 36356640, "link": "https://www.sec.gov/Archives/edgar/data/1476765/000114420413065322/0001144204-13-065322-index.htm", "finalLink": "https://www.sec.gov/Archives/edgar/data/1476765/000114420413065322/v361550_10k.htm", "calculatedOtherExpenses": -12427000, "calculatedOperatingExpenses": -7068000, "calculatedNetInterest": 69150000, "calculatedOtherIncome": -81577000, "calculatedIncomeNonControlling": 0, "calculatedEbitda": 58947000}, {"date": "2012-09-30", "symbol": "GBDC", "reportedCurrency": "USD", "cik": "0001476765", "fillingDate": "2012-11-29", "acceptedDate": "2012-11-29 08:59:17", "calendarYear": "2012", "period": "FY", "revenue": 36239000, "costOfRevenue": 0, "grossProfit": 36239000, "grossProfitRatio": 1, "researchAndDevelopmentExpenses": 0, "generalAndAdministrativeExpenses": 4479000, "sellingAndMarketingExpenses": 0, "sellingGeneralAndAdministrativeExpenses": 4479000, "otherExpenses": 0, "operatingExpenses": 4479000, "costAndExpenses": 4479000, "interestIncome": 57482000, "interestExpense": 10781000, "depreciationAndAmortization": 0, "ebitda": 42541000, "ebitdaratio": 1.1739010458, "operatingIncome": 42541000, "operatingIncomeRatio": 1.1739010458, "totalOtherIncomeExpensesNet": -10781000, "incomeBeforeTax": 31760000, "incomeBeforeTaxRatio": 0.8764038743, "incomeTaxExpense": 0, "netIncome": 31760000, "netIncomeRatio": 0.8764038743, "eps": 1.24, "epsdiluted": 1.24, "weightedAverageShsOut": 25601970, "weightedAverageShsOutDil": 25601970, "link": "https://www.sec.gov/Archives/edgar/data/1476765/000114420412065407/0001144204-12-065407-index.htm", "finalLink": "https://www.sec.gov/Archives/edgar/data/1476765/000114420412065407/v328794_10k.htm", "calculatedOtherExpenses": -10781000, "calculatedOperatingExpenses": -6302000, "calculatedNetInterest": 46701000, "calculatedOtherIncome": -57482000, "calculatedIncomeNonControlling": 0, "calculatedEbitda": 42541000}, {"date": "2011-09-30", "symbol": "GBDC", "reportedCurrency": "USD", "cik": "0001476765", "fillingDate": "2011-12-08", "acceptedDate": "2011-12-08 16:41:11", "calendarYear": "2011", "period": "FY", "revenue": 39150000, "costOfRevenue": 5789000, "grossProfit": 33361000, "grossProfitRatio": 0.8521328225, "researchAndDevelopmentExpenses": 0, "generalAndAdministrativeExpenses": 3647000, "sellingAndMarketingExpenses": 348000, "sellingGeneralAndAdministrativeExpenses": 3995000, "otherExpenses": 0, "operatingExpenses": 3995000, "costAndExpenses": 9784000, "interestIncome": 6550000, "interestExpense": 6550000, "depreciationAndAmortization": 5073000, "ebitda": 27889000, "ebitdaratio": 0.7123627075, "operatingIncome": 22816000, "operatingIncomeRatio": 0.5827841635, "totalOtherIncomeExpensesNet": -1477000, "incomeBeforeTax": 21339000, "incomeBeforeTaxRatio": 0.5450574713, "incomeTaxExpense": 0, "netIncome": 21339000, "netIncomeRatio": 0.5450574713, "eps": 1.03, "epsdiluted": 1.03, "weightedAverageShsOut": 20708149, "weightedAverageShsOutDil": 20708149, "link": "https://www.sec.gov/Archives/edgar/data/1476765/000114420411069016/0001144204-11-069016-index.htm", "finalLink": "https://www.sec.gov/Archives/edgar/data/1476765/000114420411069016/v242212_10k.htm", "calculatedOtherExpenses": 6550000, "calculatedOperatingExpenses": 10545000, "calculatedNetInterest": 0, "calculatedOtherIncome": -1477000, "calculatedIncomeNonControlling": 0, "calculatedEbitda": 27889000}, {"date": "2010-09-30", "symbol": "GBDC", "reportedCurrency": "USD", "cik": "0001476765", "fillingDate": "2010-12-13", "acceptedDate": "2010-12-13 08:29:30", "calendarYear": "2010", "period": "FY", "revenue": 33150000, "costOfRevenue": 3328000, "grossProfit": 29822000, "grossProfitRatio": 0.8996078431, "researchAndDevelopmentExpenses": 0, "generalAndAdministrativeExpenses": 2875000, "sellingAndMarketingExpenses": 55000, "sellingGeneralAndAdministrativeExpenses": 2930000, "otherExpenses": 0, "operatingExpenses": 2930000, "costAndExpenses": 6258000, "interestIncome": 3525000, "interestExpense": 3525000, "depreciationAndAmortization": 6406000, "ebitda": 29773000, "ebitdaratio": 0.8981297134, "operatingIncome": 23367000, "operatingIncomeRatio": 0.7048868778, "totalOtherIncomeExpensesNet": 2881000, "incomeBeforeTax": 26248000, "incomeBeforeTaxRatio": 0.7917948718, "incomeTaxExpense": 0, "netIncome": 26248000, "netIncomeRatio": 0.7917948718, "eps": 1.4, "epsdiluted": 1.4, "weightedAverageShsOut": 18683564, "weightedAverageShsOutDil": 18683564, "link": "https://www.sec.gov/Archives/edgar/data/1476765/000114420410065961/0001144204-10-065961-index.htm", "finalLink": "https://www.sec.gov/Archives/edgar/data/1476765/000114420410065961/v204490_10k.htm", "calculatedOtherExpenses": 3525000, "calculatedOperatingExpenses": 6455000, "calculatedNetInterest": 0, "calculatedOtherIncome": 2881000, "calculatedIncomeNonControlling": 0, "calculatedEbitda": 29773000}, {"date": "2009-09-30", "symbol": "GBDC", "reportedCurrency": "USD", "cik": "0001476765", "fillingDate": "2009-09-30", "acceptedDate": "2009-09-29 20:00:00", "calendarYear": "2009", "period": "FY", "revenue": 33338000, "costOfRevenue": 2849000, "grossProfit": 30489000, "grossProfitRatio": 0.9145419641, "researchAndDevelopmentExpenses": 0, "generalAndAdministrativeExpenses": 0, "sellingAndMarketingExpenses": 0, "sellingGeneralAndAdministrativeExpenses": 464000, "otherExpenses": 0, "operatingExpenses": 464000, "costAndExpenses": 3313000, "interestIncome": 4547000, "interestExpense": 4547000, "depreciationAndAmortization": -914000, "ebitda": 24564000, "ebitdaratio": 0.7368168456, "operatingIncome": 25478000, "operatingIncomeRatio": 0.7642330074, "totalOtherIncomeExpensesNet": -5461000, "incomeBeforeTax": 20017000, "incomeBeforeTaxRatio": 0.6004259404, "incomeTaxExpense": 0, "netIncome": 20017000, "netIncomeRatio": 0.6004259404, "eps": 1.09, "epsdiluted": 1.09, "weightedAverageShsOut": 18361841, "weightedAverageShsOutDil": 18361841, "link": "", "finalLink": "", "calculatedOtherExpenses": 4547000, "calculatedOperatingExpenses": 5011000, "calculatedNetInterest": 0, "calculatedOtherIncome": -5461000, "calculatedIncomeNonControlling": 0, "calculatedEbitda": 24564000}]}