{"originalCurrency": "USD", "convertedCurrency": "USD", "report": [{"date": "2023-12-31", "symbol": "GD", "reportedCurrency": "USD", "cik": "0000040533", "fillingDate": "2024-02-08", "acceptedDate": "2024-02-08 09:37:45", "calendarYear": "2023", "period": "FY", "revenue": 42272000000, "costOfRevenue": 35600000000, "grossProfit": 6672000000, "grossProfitRatio": 0.1578349735, "researchAndDevelopmentExpenses": 510000000, "generalAndAdministrativeExpenses": 2427000000, "sellingAndMarketingExpenses": 0, "sellingGeneralAndAdministrativeExpenses": 2427000000, "otherExpenses": 82000000, "operatingExpenses": 2427000000, "costAndExpenses": 38027000000, "interestIncome": 56000000, "interestExpense": 399000000, "depreciationAndAmortization": 863000000, "ebitda": 5246000000, "ebitdaratio": 0.1241010598, "operatingIncome": 4245000000, "operatingIncomeRatio": 0.1004210825, "totalOtherIncomeExpensesNet": 82000000, "incomeBeforeTax": 3984000000, "incomeBeforeTaxRatio": 0.0942467827, "incomeTaxExpense": 669000000, "netIncome": 3315000000, "netIncomeRatio": 0.078420704, "eps": 12.14, "epsdiluted": 12.02, "weightedAverageShsOut": 273143000, "weightedAverageShsOutDil": 275725000, "link": "https://www.sec.gov/Archives/edgar/data/40533/000004053324000007/0000040533-24-000007-index.htm", "finalLink": "https://www.sec.gov/Archives/edgar/data/40533/000004053324000007/gd-20231231.htm", "calculatedOtherExpenses": -510000000, "calculatedOperatingExpenses": 2427000000, "calculatedNetInterest": -343000000, "calculatedOtherIncome": 82000000, "calculatedIncomeNonControlling": 0, "calculatedEbitda": 5108000000}, {"date": "2022-12-31", "symbol": "GD", "reportedCurrency": "USD", "cik": "0000040533", "fillingDate": "2023-02-07", "acceptedDate": "2023-02-07 09:28:44", "calendarYear": "2022", "period": "FY", "revenue": 39407000000, "costOfRevenue": 32785000000, "grossProfit": 6622000000, "grossProfitRatio": 0.168041211, "researchAndDevelopmentExpenses": 480000000, "generalAndAdministrativeExpenses": 2411000000, "sellingAndMarketingExpenses": 0, "sellingGeneralAndAdministrativeExpenses": 2411000000, "otherExpenses": 32785000000, "operatingExpenses": 35196000000, "costAndExpenses": 35196000000, "interestIncome": 27000000, "interestExpense": 391000000, "depreciationAndAmortization": 884000000, "ebitda": 5095000000, "ebitdaratio": 0.1292917502, "operatingIncome": 4211000000, "operatingIncomeRatio": 0.1068591875, "totalOtherIncomeExpensesNet": -175000000, "incomeBeforeTax": 4036000000, "incomeBeforeTaxRatio": 0.1024183521, "incomeTaxExpense": 646000000, "netIncome": 3390000000, "netIncomeRatio": 0.0860253254, "eps": 12.31, "epsdiluted": 12.19, "weightedAverageShsOut": 275311000, "weightedAverageShsOutDil": 278169000, "link": "https://www.sec.gov/Archives/edgar/data/40533/000004053323000014/0000040533-23-000014-index.htm", "finalLink": "https://www.sec.gov/Archives/edgar/data/40533/000004053323000014/gd-20221231.htm", "calculatedOtherExpenses": -480000000, "calculatedOperatingExpenses": 2411000000, "calculatedNetInterest": -364000000, "calculatedOtherIncome": 189000000, "calculatedIncomeNonControlling": 0, "calculatedEbitda": 5095000000}, {"date": "2021-12-31", "symbol": "GD", "reportedCurrency": "USD", "cik": "0000040533", "fillingDate": "2022-02-09", "acceptedDate": "2022-02-09 09:55:44", "calendarYear": "2021", "period": "FY", "revenue": 38469000000, "costOfRevenue": 32061000000, "grossProfit": 6408000000, "grossProfitRatio": 0.1665756843, "researchAndDevelopmentExpenses": 415000000, "generalAndAdministrativeExpenses": 2245000000, "sellingAndMarketingExpenses": 0, "sellingGeneralAndAdministrativeExpenses": 2245000000, "otherExpenses": 32061000000, "operatingExpenses": 34306000000, "costAndExpenses": 34306000000, "interestIncome": 7000000, "interestExpense": 431000000, "depreciationAndAmortization": 890000000, "ebitda": 5053000000, "ebitdaratio": 0.1313525176, "operatingIncome": 4163000000, "operatingIncomeRatio": 0.1082170059, "totalOtherIncomeExpensesNet": -290000000, "incomeBeforeTax": 3873000000, "incomeBeforeTaxRatio": 0.1006784684, "incomeTaxExpense": 616000000, "netIncome": 3257000000, "netIncomeRatio": 0.0846655749, "eps": 11.61, "epsdiluted": 11.55, "weightedAverageShsOut": 280427000, "weightedAverageShsOutDil": 282017000, "link": "https://www.sec.gov/Archives/edgar/data/40533/000004053322000007/0000040533-22-000007-index.htm", "finalLink": "https://www.sec.gov/Archives/edgar/data/40533/000004053322000007/gd-20211231.htm", "calculatedOtherExpenses": -415000000, "calculatedOperatingExpenses": 2245000000, "calculatedNetInterest": -424000000, "calculatedOtherIncome": 134000000, "calculatedIncomeNonControlling": 0, "calculatedEbitda": 5053000000}, {"date": "2020-12-31", "symbol": "GD", "reportedCurrency": "USD", "cik": "0000040533", "fillingDate": "2021-02-09", "acceptedDate": "2021-02-09 11:51:35", "calendarYear": "2020", "period": "FY", "revenue": 37925000000, "costOfRevenue": 31600000000, "grossProfit": 6325000000, "grossProfitRatio": 0.1667765326, "researchAndDevelopmentExpenses": 374000000, "generalAndAdministrativeExpenses": 2192000000, "sellingAndMarketingExpenses": 0, "sellingGeneralAndAdministrativeExpenses": 2192000000, "otherExpenses": 31600000000, "operatingExpenses": 33792000000, "costAndExpenses": 33792000000, "interestIncome": 12000000, "interestExpense": 477000000, "depreciationAndAmortization": 878000000, "ebitda": 5011000000, "ebitdaratio": 0.1321292024, "operatingIncome": 4133000000, "operatingIncomeRatio": 0.1089782465, "totalOtherIncomeExpensesNet": -395000000, "incomeBeforeTax": 3738000000, "incomeBeforeTaxRatio": 0.0985629532, "incomeTaxExpense": 571000000, "netIncome": 3167000000, "netIncomeRatio": 0.0835069216, "eps": 11.04, "epsdiluted": 11, "weightedAverageShsOut": 286922000, "weightedAverageShsOutDil": 287913000, "link": "https://www.sec.gov/Archives/edgar/data/40533/000004053321000010/0000040533-21-000010-index.htm", "finalLink": "https://www.sec.gov/Archives/edgar/data/40533/000004053321000010/gd-20201231.htm", "calculatedOtherExpenses": -374000000, "calculatedOperatingExpenses": 2192000000, "calculatedNetInterest": -465000000, "calculatedOtherIncome": 70000000, "calculatedIncomeNonControlling": 0, "calculatedEbitda": 5011000000}, {"date": "2019-12-31", "symbol": "GD", "reportedCurrency": "USD", "cik": "0000040533", "fillingDate": "2020-02-10", "acceptedDate": "2020-02-10 16:10:04", "calendarYear": "2019", "period": "FY", "revenue": 39350000000, "costOfRevenue": 32291000000, "grossProfit": 7059000000, "grossProfitRatio": 0.1793900889, "researchAndDevelopmentExpenses": 466000000, "generalAndAdministrativeExpenses": 2411000000, "sellingAndMarketingExpenses": 0, "sellingGeneralAndAdministrativeExpenses": 2411000000, "otherExpenses": 32291000000, "operatingExpenses": 34702000000, "costAndExpenses": 34702000000, "interestIncome": 12000000, "interestExpense": 460000000, "depreciationAndAmortization": 829000000, "ebitda": 5477000000, "ebitdaratio": 0.1391867853, "operatingIncome": 4648000000, "operatingIncomeRatio": 0.1181194409, "totalOtherIncomeExpensesNet": -446000000, "incomeBeforeTax": 4202000000, "incomeBeforeTaxRatio": 0.1067852605, "incomeTaxExpense": 718000000, "netIncome": 3484000000, "netIncomeRatio": 0.0885387548, "eps": 12.09, "epsdiluted": 11.98, "weightedAverageShsOut": 288286000, "weightedAverageShsOutDil": 290836000, "link": "https://www.sec.gov/Archives/edgar/data/40533/000004053320000015/0000040533-20-000015-index.htm", "finalLink": "https://www.sec.gov/Archives/edgar/data/40533/000004053320000015/gd-2019123110k.htm", "calculatedOtherExpenses": -466000000, "calculatedOperatingExpenses": 2411000000, "calculatedNetInterest": -448000000, "calculatedOtherIncome": 2000000, "calculatedIncomeNonControlling": 0, "calculatedEbitda": 5477000000}, {"date": "2018-12-31", "symbol": "GD", "reportedCurrency": "USD", "cik": "0000040533", "fillingDate": "2019-02-13", "acceptedDate": "2019-02-13 11:25:10", "calendarYear": "2018", "period": "FY", "revenue": 36193000000, "costOfRevenue": 29478000000, "grossProfit": 6715000000, "grossProfitRatio": 0.1855331141, "researchAndDevelopmentExpenses": 502000000, "generalAndAdministrativeExpenses": 2258000000, "sellingAndMarketingExpenses": 0, "sellingGeneralAndAdministrativeExpenses": 2258000000, "otherExpenses": -16000000, "operatingExpenses": 31736000000, "costAndExpenses": 31736000000, "interestIncome": 18000000, "interestExpense": 356000000, "depreciationAndAmortization": 763000000, "ebitda": 5220000000, "ebitdaratio": 0.1442267842, "operatingIncome": 4457000000, "operatingIncomeRatio": 0.1231453596, "totalOtherIncomeExpensesNet": -16000000, "incomeBeforeTax": 4085000000, "incomeBeforeTaxRatio": 0.112867129, "incomeTaxExpense": 727000000, "netIncome": 3345000000, "netIncomeRatio": 0.0924211864, "eps": 11.33, "epsdiluted": 11.18, "weightedAverageShsOut": 295300000, "weightedAverageShsOutDil": 299200000, "link": "https://www.sec.gov/Archives/edgar/data/40533/000004053319000010/0000040533-19-000010-index.htm", "finalLink": "https://www.sec.gov/Archives/edgar/data/40533/000004053319000010/gd-2018123110k.htm", "calculatedOtherExpenses": -502000000, "calculatedOperatingExpenses": 2258000000, "calculatedNetInterest": -338000000, "calculatedOtherIncome": -34000000, "calculatedIncomeNonControlling": 13000000, "calculatedEbitda": 5220000000}, {"date": "2017-12-31", "symbol": "GD", "reportedCurrency": "USD", "cik": "0000040533", "fillingDate": "2018-02-12", "acceptedDate": "2018-02-12 10:10:40", "calendarYear": "2017", "period": "FY", "revenue": 30973000000, "costOfRevenue": 24786000000, "grossProfit": 6187000000, "grossProfitRatio": 0.199754625, "researchAndDevelopmentExpenses": 521000000, "generalAndAdministrativeExpenses": 2010000000, "sellingAndMarketingExpenses": 0, "sellingGeneralAndAdministrativeExpenses": 2010000000, "otherExpenses": 3000000, "operatingExpenses": 26796000000, "costAndExpenses": 26796000000, "interestIncome": 14000000, "interestExpense": 103000000, "depreciationAndAmortization": 441000000, "ebitda": 4618000000, "ebitdaratio": 0.1490976011, "operatingIncome": 4177000000, "operatingIncomeRatio": 0.1348593937, "totalOtherIncomeExpensesNet": 3000000, "incomeBeforeTax": 4077000000, "incomeBeforeTaxRatio": 0.1316307752, "incomeTaxExpense": 1165000000, "netIncome": 2912000000, "netIncomeRatio": 0.09401737, "eps": 9.73, "epsdiluted": 9.56, "weightedAverageShsOut": 299200000, "weightedAverageShsOutDil": 304600000, "link": "https://www.sec.gov/Archives/edgar/data/40533/000004053318000008/0000040533-18-000008-index.htm", "finalLink": "https://www.sec.gov/Archives/edgar/data/40533/000004053318000008/gd-2017123110k.htm", "calculatedOtherExpenses": -521000000, "calculatedOperatingExpenses": 2010000000, "calculatedNetInterest": -89000000, "calculatedOtherIncome": -11000000, "calculatedIncomeNonControlling": 0, "calculatedEbitda": 4618000000}, {"date": "2016-12-31", "symbol": "GD", "reportedCurrency": "USD", "cik": "0000040533", "fillingDate": "2017-02-06", "acceptedDate": "2017-02-06 09:42:26", "calendarYear": "2016", "period": "FY", "revenue": 31353000000, "costOfRevenue": 25104000000, "grossProfit": 6249000000, "grossProfitRatio": 0.1993110707, "researchAndDevelopmentExpenses": 418000000, "generalAndAdministrativeExpenses": 1940000000, "sellingAndMarketingExpenses": 0, "sellingGeneralAndAdministrativeExpenses": 1940000000, "otherExpenses": 13000000, "operatingExpenses": 27044000000, "costAndExpenses": 27044000000, "interestIncome": 8000000, "interestExpense": 91000000, "depreciationAndAmortization": 454000000, "ebitda": 4763000000, "ebitdaratio": 0.1519152872, "operatingIncome": 4309000000, "operatingIncomeRatio": 0.1374350142, "totalOtherIncomeExpensesNet": 13000000, "incomeBeforeTax": 4231000000, "incomeBeforeTaxRatio": 0.134947214, "incomeTaxExpense": 1169000000, "netIncome": 2955000000, "netIncomeRatio": 0.0942493541, "eps": 9.7, "epsdiluted": 9.52, "weightedAverageShsOut": 304700000, "weightedAverageShsOutDil": 310400000, "link": "https://www.sec.gov/Archives/edgar/data/40533/000004053317000006/0000040533-17-000006-index.htm", "finalLink": "https://www.sec.gov/Archives/edgar/data/40533/000004053317000006/gd-2016123110k.htm", "calculatedOtherExpenses": -418000000, "calculatedOperatingExpenses": 1940000000, "calculatedNetInterest": -83000000, "calculatedOtherIncome": 5000000, "calculatedIncomeNonControlling": 107000000, "calculatedEbitda": 4763000000}, {"date": "2015-12-31", "symbol": "GD", "reportedCurrency": "USD", "cik": "0000040533", "fillingDate": "2016-02-08", "acceptedDate": "2016-02-08 11:26:07", "calendarYear": "2015", "period": "FY", "revenue": 31469000000, "costOfRevenue": 25339000000, "grossProfit": 6130000000, "grossProfitRatio": 0.1947948775, "researchAndDevelopmentExpenses": 395000000, "generalAndAdministrativeExpenses": 1952000000, "sellingAndMarketingExpenses": 0, "sellingGeneralAndAdministrativeExpenses": 1952000000, "otherExpenses": 7000000, "operatingExpenses": 27291000000, "costAndExpenses": 27291000000, "interestIncome": 15000000, "interestExpense": 83000000, "depreciationAndAmortization": 482000000, "ebitda": 4660000000, "ebitdaratio": 0.1480822397, "operatingIncome": 4178000000, "operatingIncomeRatio": 0.1327655788, "totalOtherIncomeExpensesNet": 7000000, "incomeBeforeTax": 4102000000, "incomeBeforeTaxRatio": 0.1303505037, "incomeTaxExpense": 1137000000, "netIncome": 2965000000, "netIncomeRatio": 0.0942197083, "eps": 9.23, "epsdiluted": 9.08, "weightedAverageShsOut": 321300000, "weightedAverageShsOutDil": 326700000, "link": "https://www.sec.gov/Archives/edgar/data/40533/000004053316000056/0000040533-16-000056-index.htm", "finalLink": "https://www.sec.gov/Archives/edgar/data/40533/000004053316000056/gd-2015123110k.htm", "calculatedOtherExpenses": -395000000, "calculatedOperatingExpenses": 1952000000, "calculatedNetInterest": -68000000, "calculatedOtherIncome": -8000000, "calculatedIncomeNonControlling": 0, "calculatedEbitda": 4660000000}, {"date": "2014-12-31", "symbol": "GD", "reportedCurrency": "USD", "cik": "0000040533", "fillingDate": "2015-02-09", "acceptedDate": "2015-02-09 12:08:20", "calendarYear": "2014", "period": "FY", "revenue": 30852000000, "costOfRevenue": 24979000000, "grossProfit": 5873000000, "grossProfitRatio": 0.1903604304, "researchAndDevelopmentExpenses": 358000000, "generalAndAdministrativeExpenses": 1984000000, "sellingAndMarketingExpenses": 0, "sellingGeneralAndAdministrativeExpenses": 1984000000, "otherExpenses": -1000000, "operatingExpenses": 26963000000, "costAndExpenses": 26963000000, "interestIncome": 17000000, "interestExpense": 86000000, "depreciationAndAmortization": 496000000, "ebitda": 4385000000, "ebitdaratio": 0.1421301698, "operatingIncome": 3889000000, "operatingIncomeRatio": 0.1260534163, "totalOtherIncomeExpensesNet": -1000000, "incomeBeforeTax": 3802000000, "incomeBeforeTaxRatio": 0.1232335019, "incomeTaxExpense": 1129000000, "netIncome": 2533000000, "netIncomeRatio": 0.0821016466, "eps": 7.56, "epsdiluted": 7.42, "weightedAverageShsOut": 335200000, "weightedAverageShsOutDil": 341300000, "link": "https://www.sec.gov/Archives/edgar/data/40533/000004053315000009/0000040533-15-000009-index.htm", "finalLink": "https://www.sec.gov/Archives/edgar/data/40533/000004053315000009/gd-2014123110k.htm", "calculatedOtherExpenses": -358000000, "calculatedOperatingExpenses": 1984000000, "calculatedNetInterest": -69000000, "calculatedOtherIncome": -18000000, "calculatedIncomeNonControlling": 140000000, "calculatedEbitda": 4385000000}, {"date": "2013-12-31", "symbol": "GD", "reportedCurrency": "USD", "cik": "0000040533", "fillingDate": "2014-02-07", "acceptedDate": "2014-02-07 09:05:33", "calendarYear": "2013", "period": "FY", "revenue": 31218000000, "costOfRevenue": 25454000000, "grossProfit": 5764000000, "grossProfitRatio": 0.1846370684, "researchAndDevelopmentExpenses": 310000000, "generalAndAdministrativeExpenses": 2079000000, "sellingAndMarketingExpenses": 0, "sellingGeneralAndAdministrativeExpenses": 2079000000, "otherExpenses": 8000000, "operatingExpenses": 27533000000, "costAndExpenses": 27533000000, "interestIncome": 17000000, "interestExpense": 86000000, "depreciationAndAmortization": 556000000, "ebitda": 4241000000, "ebitdaratio": 0.1358511115, "operatingIncome": 3685000000, "operatingIncomeRatio": 0.1180408739, "totalOtherIncomeExpensesNet": 8000000, "incomeBeforeTax": 3607000000, "incomeBeforeTaxRatio": 0.1155423153, "incomeTaxExpense": 1121000000, "netIncome": 2357000000, "netIncomeRatio": 0.0755013133, "eps": 6.72, "epsdiluted": 6.67, "weightedAverageShsOut": 350700000, "weightedAverageShsOutDil": 353500000, "link": "https://www.sec.gov/Archives/edgar/data/40533/000004053314000002/0000040533-14-000002-index.htm", "finalLink": "https://www.sec.gov/Archives/edgar/data/40533/000004053314000002/gd-2013123110k.htm", "calculatedOtherExpenses": -310000000, "calculatedOperatingExpenses": 2079000000, "calculatedNetInterest": -69000000, "calculatedOtherIncome": -9000000, "calculatedIncomeNonControlling": 129000000, "calculatedEbitda": 4241000000}, {"date": "2012-12-31", "symbol": "GD", "reportedCurrency": "USD", "cik": "0000040533", "fillingDate": "2013-02-08", "acceptedDate": "2013-02-08 09:16:17", "calendarYear": "2012", "period": "FY", "revenue": 31513000000, "costOfRevenue": 26410000000, "grossProfit": 5103000000, "grossProfitRatio": 0.1619331704, "researchAndDevelopmentExpenses": 374000000, "generalAndAdministrativeExpenses": 2276000000, "sellingAndMarketingExpenses": 0, "sellingGeneralAndAdministrativeExpenses": 2276000000, "otherExpenses": -136000000, "operatingExpenses": 30680000000, "costAndExpenses": 30680000000, "interestIncome": 12000000, "interestExpense": 156000000, "depreciationAndAmortization": 620000000, "ebitda": 1453000000, "ebitdaratio": 0.0461079554, "operatingIncome": 883000000, "operatingIncomeRatio": 0.0280201821, "totalOtherIncomeExpensesNet": -136000000, "incomeBeforeTax": 541000000, "incomeBeforeTaxRatio": 0.0171675182, "incomeTaxExpense": 873000000, "netIncome": -332000000, "netIncomeRatio": -0.0105353346, "eps": -0.94, "epsdiluted": -0.94, "weightedAverageShsOut": 352777777, "weightedAverageShsOutDil": 353300000, "link": "https://www.sec.gov/Archives/edgar/data/40533/000004053313000005/0000040533-13-000005-index.htm", "finalLink": "https://www.sec.gov/Archives/edgar/data/40533/000004053313000005/gd-2012123110k.htm", "calculatedOtherExpenses": 1570000000, "calculatedOperatingExpenses": 4220000000, "calculatedNetInterest": -144000000, "calculatedOtherIncome": -198000000, "calculatedIncomeNonControlling": 0, "calculatedEbitda": 1503000000}, {"date": "2011-12-31", "symbol": "GD", "reportedCurrency": "USD", "cik": "0000040533", "fillingDate": "2012-02-17", "acceptedDate": "2012-02-17 08:32:43", "calendarYear": "2011", "period": "FY", "revenue": 32677000000, "costOfRevenue": 28851000000, "grossProfit": 3826000000, "grossProfitRatio": 0.1170854118, "researchAndDevelopmentExpenses": 0, "generalAndAdministrativeExpenses": 2030000000, "sellingAndMarketingExpenses": 0, "sellingGeneralAndAdministrativeExpenses": 2030000000, "otherExpenses": 0, "operatingExpenses": 2030000000, "costAndExpenses": 28851000000, "interestIncome": 14000000, "interestExpense": 155000000, "depreciationAndAmortization": 592000000, "ebitda": 4385000000, "ebitdaratio": 0.1341922453, "operatingIncome": 3826000000, "operatingIncomeRatio": 0.1170854118, "totalOtherIncomeExpensesNet": 33000000, "incomeBeforeTax": 3718000000, "incomeBeforeTaxRatio": 0.1137803348, "incomeTaxExpense": 1166000000, "netIncome": 2526000000, "netIncomeRatio": 0.0773020779, "eps": 6.94, "epsdiluted": 6.87, "weightedAverageShsOut": 364100000, "weightedAverageShsOutDil": 367500000, "link": "https://www.sec.gov/Archives/edgar/data/40533/000119312512066385/0001193125-12-066385-index.htm", "finalLink": "https://www.sec.gov/Archives/edgar/data/40533/000119312512066385/d271667d10k.htm", "calculatedOtherExpenses": -2030000000, "calculatedOperatingExpenses": 0, "calculatedNetInterest": -141000000, "calculatedOtherIncome": 33000000, "calculatedIncomeNonControlling": 26000000, "calculatedEbitda": 4418000000}, {"date": "2010-12-31", "symbol": "GD", "reportedCurrency": "USD", "cik": "0000040533", "fillingDate": "2011-02-18", "acceptedDate": "2011-02-18 08:19:26", "calendarYear": "2010", "period": "FY", "revenue": 32466000000, "costOfRevenue": 28521000000, "grossProfit": 3945000000, "grossProfitRatio": 0.1215117354, "researchAndDevelopmentExpenses": 0, "generalAndAdministrativeExpenses": 0, "sellingAndMarketingExpenses": 0, "sellingGeneralAndAdministrativeExpenses": 1964000000, "otherExpenses": 0, "operatingExpenses": 1964000000, "costAndExpenses": 28521000000, "interestIncome": 10000000, "interestExpense": 167000000, "depreciationAndAmortization": 569000000, "ebitda": 4512000000, "ebitdaratio": 0.1389761597, "operatingIncome": 3945000000, "operatingIncomeRatio": 0.1215117354, "totalOtherIncomeExpensesNet": 2000000, "incomeBeforeTax": 3790000000, "incomeBeforeTaxRatio": 0.11673751, "incomeTaxExpense": 1162000000, "netIncome": 2624000000, "netIncomeRatio": 0.0808230148, "eps": 6.88, "epsdiluted": 6.81, "weightedAverageShsOut": 381200000, "weightedAverageShsOutDil": 385200000, "link": "https://www.sec.gov/Archives/edgar/data/40533/000119312511039769/0001193125-11-039769-index.htm", "finalLink": "https://www.sec.gov/Archives/edgar/data/40533/000119312511039769/d10k.htm", "calculatedOtherExpenses": -1964000000, "calculatedOperatingExpenses": 0, "calculatedNetInterest": -157000000, "calculatedOtherIncome": 2000000, "calculatedIncomeNonControlling": 4000000, "calculatedEbitda": 4514000000}, {"date": "2009-12-31", "symbol": "GD", "reportedCurrency": "USD", "cik": "0000040533", "fillingDate": "2010-02-19", "acceptedDate": "2010-02-19 11:25:11", "calendarYear": "2009", "period": "FY", "revenue": 31981000000, "costOfRevenue": 26352000000, "grossProfit": 5629000000, "grossProfitRatio": 0.1760107564, "researchAndDevelopmentExpenses": 0, "generalAndAdministrativeExpenses": 0, "sellingAndMarketingExpenses": 0, "sellingGeneralAndAdministrativeExpenses": 1954000000, "otherExpenses": 0, "operatingExpenses": 28306000000, "costAndExpenses": 28306000000, "interestIncome": 11000000, "interestExpense": 160000000, "depreciationAndAmortization": 562000000, "ebitda": 4237000000, "ebitdaratio": 0.1324849129, "operatingIncome": 3675000000, "operatingIncomeRatio": 0.114911979, "totalOtherIncomeExpensesNet": -2000000, "incomeBeforeTax": 3513000000, "incomeBeforeTaxRatio": 0.1098464713, "incomeTaxExpense": 1106000000, "netIncome": 2394000000, "netIncomeRatio": 0.0748569463, "eps": 6.21, "epsdiluted": 6.17, "weightedAverageShsOut": 385500000, "weightedAverageShsOutDil": 387900000, "link": "https://www.sec.gov/Archives/edgar/data/40533/000119312510034883/0001193125-10-034883-index.htm", "finalLink": "https://www.sec.gov/Archives/edgar/data/40533/000119312510034883/d10k.htm", "calculatedOtherExpenses": 0, "calculatedOperatingExpenses": 1954000000, "calculatedNetInterest": -149000000, "calculatedOtherIncome": -13000000, "calculatedIncomeNonControlling": 13000000, "calculatedEbitda": 4237000000}, {"date": "2008-12-31", "symbol": "GD", "reportedCurrency": "USD", "cik": "0000040533", "fillingDate": "2009-02-20", "acceptedDate": "2009-02-20 06:38:09", "calendarYear": "2008", "period": "FY", "revenue": 29300000000, "costOfRevenue": 25647000000, "grossProfit": 3653000000, "grossProfitRatio": 0.1246757679, "researchAndDevelopmentExpenses": 0, "generalAndAdministrativeExpenses": 0, "sellingAndMarketingExpenses": 0, "sellingGeneralAndAdministrativeExpenses": 0, "otherExpenses": 0, "operatingExpenses": 25581000000, "costAndExpenses": 25581000000, "interestIncome": 67000000, "interestExpense": 133000000, "depreciationAndAmortization": 447000000, "ebitda": 4149000000, "ebitdaratio": 0.1416040956, "operatingIncome": 3653000000, "operatingIncomeRatio": 0.1246757679, "totalOtherIncomeExpensesNet": 17000000, "incomeBeforeTax": 3604000000, "incomeBeforeTaxRatio": 0.123003413, "incomeTaxExpense": 1126000000, "netIncome": 2459000000, "netIncomeRatio": 0.0839249147, "eps": 6.21, "epsdiluted": 6.17, "weightedAverageShsOut": 396200000, "weightedAverageShsOutDil": 398700000, "link": "https://www.sec.gov/Archives/edgar/data/40533/000119312509033556/0001193125-09-033556-index.htm", "finalLink": "https://www.sec.gov/Archives/edgar/data/40533/000119312509033556/d10k.htm", "calculatedOtherExpenses": 0, "calculatedOperatingExpenses": 0, "calculatedNetInterest": -66000000, "calculatedOtherIncome": 17000000, "calculatedIncomeNonControlling": 19000000, "calculatedEbitda": 4100000000}, {"date": "2007-12-31", "symbol": "GD", "reportedCurrency": "USD", "cik": "0000040533", "fillingDate": "2008-02-22", "acceptedDate": "2008-02-22 08:38:05", "calendarYear": "2007", "period": "FY", "revenue": 27240000000, "costOfRevenue": 24127000000, "grossProfit": 3113000000, "grossProfitRatio": 0.1142804699, "researchAndDevelopmentExpenses": 0, "generalAndAdministrativeExpenses": 0, "sellingAndMarketingExpenses": 0, "sellingGeneralAndAdministrativeExpenses": 0, "otherExpenses": 0, "operatingExpenses": 0, "costAndExpenses": 24127000000, "interestIncome": 61000000, "interestExpense": 131000000, "depreciationAndAmortization": 423000000, "ebitda": 3597000000, "ebitdaratio": 0.1320484581, "operatingIncome": 3113000000, "operatingIncomeRatio": 0.1142804699, "totalOtherIncomeExpensesNet": 4000000, "incomeBeforeTax": 3047000000, "incomeBeforeTaxRatio": 0.1118575624, "incomeTaxExpense": 967000000, "netIncome": 2072000000, "netIncomeRatio": 0.0760646109, "eps": 5.12, "epsdiluted": 5.08, "weightedAverageShsOut": 404417000, "weightedAverageShsOutDil": 408145000, "link": "https://www.sec.gov/Archives/edgar/data/40533/000119312508035841/0001193125-08-035841-index.htm", "finalLink": "https://www.sec.gov/Archives/edgar/data/40533/000119312508035841/d10k.htm", "calculatedOtherExpenses": 0, "calculatedOperatingExpenses": 0, "calculatedNetInterest": -70000000, "calculatedOtherIncome": 4000000, "calculatedIncomeNonControlling": 8000000, "calculatedEbitda": 3536000000}, {"date": "2006-12-31", "symbol": "GD", "reportedCurrency": "USD", "cik": "0000040533", "fillingDate": "2007-02-23", "acceptedDate": "2007-02-23 09:41:41", "calendarYear": "2006", "period": "FY", "revenue": 24063000000, "costOfRevenue": 21438000000, "grossProfit": 2625000000, "grossProfitRatio": 0.1090886423, "researchAndDevelopmentExpenses": 0, "generalAndAdministrativeExpenses": 0, "sellingAndMarketingExpenses": 0, "sellingGeneralAndAdministrativeExpenses": 0, "otherExpenses": 0, "operatingExpenses": 0, "costAndExpenses": 21438000000, "interestIncome": 55000000, "interestExpense": 257000000, "depreciationAndAmortization": 384000000, "ebitda": 3165000000, "ebitdaratio": 0.1315297344, "operatingIncome": 2625000000, "operatingIncomeRatio": 0.1090886423, "totalOtherIncomeExpensesNet": 3000000, "incomeBeforeTax": 2527000000, "incomeBeforeTaxRatio": 0.1050159997, "incomeTaxExpense": 817000000, "netIncome": 1856000000, "netIncomeRatio": 0.0771308648, "eps": 4.6, "epsdiluted": 4.56, "weightedAverageShsOut": 403424000, "weightedAverageShsOutDil": 406827000, "link": "https://www.sec.gov/Archives/edgar/data/40533/000119312507037776/0001193125-07-037776-index.htm", "finalLink": "https://www.sec.gov/Archives/edgar/data/40533/000119312507037776/d10k.htm", "calculatedOtherExpenses": 0, "calculatedOperatingExpenses": 0, "calculatedNetInterest": -202000000, "calculatedOtherIncome": 104000000, "calculatedIncomeNonControlling": -146000000, "calculatedEbitda": 3009000000}, {"date": "2005-12-31", "symbol": "GD", "reportedCurrency": "USD", "cik": "0000040533", "fillingDate": "2006-03-03", "acceptedDate": "2006-03-03 09:46:41", "calendarYear": "2005", "period": "FY", "revenue": 21244000000, "costOfRevenue": 19047000000, "grossProfit": 2197000000, "grossProfitRatio": 0.1034174355, "researchAndDevelopmentExpenses": 0, "generalAndAdministrativeExpenses": 0, "sellingAndMarketingExpenses": 0, "sellingGeneralAndAdministrativeExpenses": 0, "otherExpenses": 0, "operatingExpenses": 0, "costAndExpenses": 19047000000, "interestIncome": 36000000, "interestExpense": 272000000, "depreciationAndAmortization": 342000000, "ebitda": 2693000000, "ebitdaratio": 0.1267652043, "operatingIncome": 2197000000, "operatingIncomeRatio": 0.1034174355, "totalOtherIncomeExpensesNet": 21000000, "incomeBeforeTax": 2100000000, "incomeBeforeTaxRatio": 0.0988514404, "incomeTaxExpense": 632000000, "netIncome": 1461000000, "netIncomeRatio": 0.0687723593, "eps": 3.64, "epsdiluted": 3.61, "weightedAverageShsOut": 401637000, "weightedAverageShsOutDil": 404848000, "link": "https://www.sec.gov/Archives/edgar/data/40533/000119312506044567/0001193125-06-044567-index.htm", "finalLink": "https://www.sec.gov/Archives/edgar/data/40533/000119312506044567/d10k.htm", "calculatedOtherExpenses": 0, "calculatedOperatingExpenses": 0, "calculatedNetInterest": -236000000, "calculatedOtherIncome": 139000000, "calculatedIncomeNonControlling": 7000000, "calculatedEbitda": 2539000000}, {"date": "2004-12-31", "symbol": "GD", "reportedCurrency": "USD", "cik": "0000040533", "fillingDate": "2005-03-04", "acceptedDate": "2005-03-04 10:30:26", "calendarYear": "2004", "period": "FY", "revenue": 19178000000, "costOfRevenue": 17237000000, "grossProfit": 1941000000, "grossProfitRatio": 0.1012097195, "researchAndDevelopmentExpenses": 0, "generalAndAdministrativeExpenses": 0, "sellingAndMarketingExpenses": 0, "sellingGeneralAndAdministrativeExpenses": 0, "otherExpenses": 0, "operatingExpenses": 0, "costAndExpenses": 17237000000, "interestIncome": 9000000, "interestExpense": 157000000, "depreciationAndAmortization": 326000000, "ebitda": 2276000000, "ebitdaratio": 0.1186776515, "operatingIncome": 1941000000, "operatingIncomeRatio": 0.1012097195, "totalOtherIncomeExpensesNet": -8000000, "incomeBeforeTax": 1785000000, "incomeBeforeTaxRatio": 0.0930753989, "incomeTaxExpense": 582000000, "netIncome": 1227000000, "netIncomeRatio": 0.0639795599, "eps": 3.08, "epsdiluted": 3.05, "weightedAverageShsOut": 399126000, "weightedAverageShsOutDil": 402934000, "link": "https://www.sec.gov/Archives/edgar/data/40533/000119312505042255/0001193125-05-042255-index.htm", "finalLink": "https://www.sec.gov/Archives/edgar/data/40533/000119312505042255/d10k.htm", "calculatedOtherExpenses": 0, "calculatedOperatingExpenses": 0, "calculatedNetInterest": -148000000, "calculatedOtherIncome": -8000000, "calculatedIncomeNonControlling": -24000000, "calculatedEbitda": 2267000000}, {"date": "2003-12-31", "symbol": "GD", "reportedCurrency": "USD", "cik": "0000040533", "fillingDate": "2004-03-05", "acceptedDate": "2004-03-05 09:40:51", "calendarYear": "2003", "period": "FY", "revenue": 16617000000, "costOfRevenue": 15150000000, "grossProfit": 1467000000, "grossProfitRatio": 0.0882830836, "researchAndDevelopmentExpenses": 0, "generalAndAdministrativeExpenses": 0, "sellingAndMarketingExpenses": 0, "sellingGeneralAndAdministrativeExpenses": 0, "otherExpenses": 0, "operatingExpenses": 0, "costAndExpenses": 15150000000, "interestIncome": 10000000, "interestExpense": 108000000, "depreciationAndAmortization": 277000000, "ebitda": 1754000000, "ebitdaratio": 0.1055545526, "operatingIncome": 1467000000, "operatingIncomeRatio": 0.0882830836, "totalOtherIncomeExpensesNet": 3000000, "incomeBeforeTax": 1372000000, "incomeBeforeTaxRatio": 0.0825660468, "incomeTaxExpense": 375000000, "netIncome": 1004000000, "netIncomeRatio": 0.0604200518, "eps": 2.54, "epsdiluted": 2.52, "weightedAverageShsOut": 395580000, "weightedAverageShsOutDil": 398304000, "link": "https://www.sec.gov/Archives/edgar/data/40533/000095013304000738/0000950133-04-000738-index.htm", "finalLink": "https://www.sec.gov/Archives/edgar/data/40533/000095013304000738/w94591e10vk.htm", "calculatedOtherExpenses": 0, "calculatedOperatingExpenses": 0, "calculatedNetInterest": -98000000, "calculatedOtherIncome": 3000000, "calculatedIncomeNonControlling": -7000000, "calculatedEbitda": 1744000000}, {"date": "2002-12-31", "symbol": "GD", "reportedCurrency": "USD", "cik": "0000040533", "fillingDate": "2003-03-24", "acceptedDate": "2003-03-24 17:21:30", "calendarYear": "2002", "period": "FY", "revenue": 13829000000, "costOfRevenue": 12247000000, "grossProfit": 1582000000, "grossProfitRatio": 0.1143972811, "researchAndDevelopmentExpenses": 0, "generalAndAdministrativeExpenses": 0, "sellingAndMarketingExpenses": 0, "sellingGeneralAndAdministrativeExpenses": 0, "otherExpenses": 0, "operatingExpenses": 0, "costAndExpenses": 12247000000, "interestIncome": 13000000, "interestExpense": 58000000, "depreciationAndAmortization": 213000000, "ebitda": 1808000000, "ebitdaratio": 0.1307397498, "operatingIncome": 1582000000, "operatingIncomeRatio": 0.1143972811, "totalOtherIncomeExpensesNet": 47000000, "incomeBeforeTax": 1584000000, "incomeBeforeTaxRatio": 0.1145419047, "incomeTaxExpense": 533000000, "netIncome": 917000000, "netIncomeRatio": 0.0663099284, "eps": 2.28, "epsdiluted": 2.26, "weightedAverageShsOut": 402714000, "weightedAverageShsOutDil": 405704000, "link": "https://www.sec.gov/Archives/edgar/data/40533/000095013303000882/0000950133-03-000882-index.htm", "finalLink": "https://www.sec.gov/Archives/edgar/data/40533/000095013303000882/w84261e10vk.htm", "calculatedOtherExpenses": 0, "calculatedOperatingExpenses": 0, "calculatedNetInterest": -45000000, "calculatedOtherIncome": 47000000, "calculatedIncomeNonControlling": 134000000, "calculatedEbitda": 1795000000}, {"date": "2001-12-31", "symbol": "GD", "reportedCurrency": "USD", "cik": "0000040533", "fillingDate": "2002-03-29", "acceptedDate": "2002-03-29 00:00:00", "calendarYear": "2001", "period": "FY", "revenue": 12163000000, "costOfRevenue": 10678000000, "grossProfit": 1485000000, "grossProfitRatio": 0.1220915892, "researchAndDevelopmentExpenses": 0, "generalAndAdministrativeExpenses": 0, "sellingAndMarketingExpenses": 0, "sellingGeneralAndAdministrativeExpenses": 0, "otherExpenses": 0, "operatingExpenses": 0, "costAndExpenses": 10678000000, "interestIncome": 12000000, "interestExpense": 68000000, "depreciationAndAmortization": 271000000, "ebitda": 1768000000, "ebitdaratio": 0.1453588753, "operatingIncome": 1485000000, "operatingIncomeRatio": 0.1220915892, "totalOtherIncomeExpensesNet": -5000000, "incomeBeforeTax": 1424000000, "incomeBeforeTaxRatio": 0.1170763792, "incomeTaxExpense": 481000000, "netIncome": 943000000, "netIncomeRatio": 0.0775302146, "eps": 2.35, "epsdiluted": 2.33, "weightedAverageShsOut": 402284000, "weightedAverageShsOutDil": 405814000, "link": "https://www.sec.gov/Archives/edgar/data/40533/000095013302001284/0000950133-02-001284-index.htm", "finalLink": "https://www.sec.gov/Archives/edgar/data/40533/000095013302001284/w58696e10-k405.htm", "calculatedOtherExpenses": 0, "calculatedOperatingExpenses": 0, "calculatedNetInterest": -56000000, "calculatedOtherIncome": -5000000, "calculatedIncomeNonControlling": 0, "calculatedEbitda": 1756000000}, {"date": "2000-12-31", "symbol": "GD", "reportedCurrency": "USD", "cik": "0000040533", "fillingDate": "2001-03-29", "acceptedDate": "2001-03-29 00:00:00", "calendarYear": "2000", "period": "FY", "revenue": 10356000000, "costOfRevenue": 8154000000, "grossProfit": 2202000000, "grossProfitRatio": 0.2126303592, "researchAndDevelopmentExpenses": 0, "generalAndAdministrativeExpenses": 0, "sellingAndMarketingExpenses": 0, "sellingGeneralAndAdministrativeExpenses": 647000000, "otherExpenses": 226000000, "operatingExpenses": 873000000, "costAndExpenses": 9027000000, "interestIncome": 0, "interestExpense": 0, "depreciationAndAmortization": 226000000, "ebitda": 1562000000, "ebitdaratio": 0.1508304365, "operatingIncome": 1329000000, "operatingIncomeRatio": 0.1283314021, "totalOtherIncomeExpensesNet": -7000000, "incomeBeforeTax": 1262000000, "incomeBeforeTaxRatio": 0.1218617227, "incomeTaxExpense": 361000000, "netIncome": 901000000, "netIncomeRatio": 0.0870027037, "eps": 2.26, "epsdiluted": 2.24, "weightedAverageShsOut": 399680000, "weightedAverageShsOutDil": 402524000, "link": "https://www.sec.gov/Archives/edgar/data/40533/000095013301001070/0000950133-01-001070-index.htm", "finalLink": "https://www.sec.gov/Archives/edgar/data/40533/000095013301001070/w46524e10-k.htm", "calculatedOtherExpenses": 226000000, "calculatedOperatingExpenses": 873000000, "calculatedNetInterest": 0, "calculatedOtherIncome": -67000000, "calculatedIncomeNonControlling": 0, "calculatedEbitda": 1555000000}, {"date": "1999-12-31", "symbol": "GD", "reportedCurrency": "USD", "cik": "0000040533", "fillingDate": "2000-03-27", "acceptedDate": "2000-03-27 00:00:00", "calendarYear": "1999", "period": "FY", "revenue": 8959000000, "costOfRevenue": 7556000000, "grossProfit": 1403000000, "grossProfitRatio": 0.1566022994, "researchAndDevelopmentExpenses": 0, "generalAndAdministrativeExpenses": 0, "sellingAndMarketingExpenses": 0, "sellingGeneralAndAdministrativeExpenses": 0, "otherExpenses": 200000000, "operatingExpenses": 200000000, "costAndExpenses": 7756000000, "interestIncome": 0, "interestExpense": 0, "depreciationAndAmortization": 200000000, "ebitda": 1446000000, "ebitdaratio": 0.1614019422, "operatingIncome": 1203000000, "operatingIncomeRatio": 0.1342783793, "totalOtherIncomeExpensesNet": -43000000, "incomeBeforeTax": 1126000000, "incomeBeforeTaxRatio": 0.1256836701, "incomeTaxExpense": 246000000, "netIncome": 880000000, "netIncomeRatio": 0.0982252484, "eps": 2.2, "epsdiluted": 2.18, "weightedAverageShsOut": 400000000, "weightedAverageShsOutDil": 404200000, "link": "https://www.sec.gov/Archives/edgar/data/40533/000095013300001131/0000950133-00-001131-index.html", "finalLink": "https://www.sec.gov/Archives/edgar/data/40533/000095013300001131/", "calculatedOtherExpenses": 200000000, "calculatedOperatingExpenses": 200000000, "calculatedNetInterest": 0, "calculatedOtherIncome": -77000000, "calculatedIncomeNonControlling": 0, "calculatedEbitda": 1403000000}, {"date": "1998-12-31", "symbol": "GD", "reportedCurrency": "USD", "cik": "0000040533", "fillingDate": "1999-03-18", "acceptedDate": "1999-03-18 00:00:00", "calendarYear": "1998", "period": "FY", "revenue": 4970000000, "costOfRevenue": 4302000000, "grossProfit": 668000000, "grossProfitRatio": 0.1344064386, "researchAndDevelopmentExpenses": 0, "generalAndAdministrativeExpenses": 0, "sellingAndMarketingExpenses": 0, "sellingGeneralAndAdministrativeExpenses": 0, "otherExpenses": 126000000, "operatingExpenses": 126000000, "costAndExpenses": 4428000000, "interestIncome": 0, "interestExpense": 0, "depreciationAndAmortization": 126000000, "ebitda": 661000000, "ebitdaratio": 0.1329979879, "operatingIncome": 542000000, "operatingIncomeRatio": 0.109054326, "totalOtherIncomeExpensesNet": 7000000, "incomeBeforeTax": 549000000, "incomeBeforeTaxRatio": 0.1104627767, "incomeTaxExpense": 185000000, "netIncome": 364000000, "netIncomeRatio": 0.0732394366, "eps": 1.48, "epsdiluted": 1.46, "weightedAverageShsOut": 399000000, "weightedAverageShsOutDil": 404400000, "link": "https://www.sec.gov/Archives/edgar/data/40533/000095013399000806/0000950133-99-000806-index.html", "finalLink": "https://www.sec.gov/Archives/edgar/data/40533/", "calculatedOtherExpenses": 126000000, "calculatedOperatingExpenses": 126000000, "calculatedNetInterest": 0, "calculatedOtherIncome": 7000000, "calculatedIncomeNonControlling": 0, "calculatedEbitda": 668000000}, {"date": "1997-12-31", "symbol": "GD", "reportedCurrency": "USD", "cik": "0000040533", "fillingDate": "1998-03-18", "acceptedDate": "1998-03-18 00:00:00", "calendarYear": "1997", "period": "FY", "revenue": 4062000000, "costOfRevenue": 3525000000, "grossProfit": 537000000, "grossProfitRatio": 0.1322008863, "researchAndDevelopmentExpenses": 0, "generalAndAdministrativeExpenses": 0, "sellingAndMarketingExpenses": 0, "sellingGeneralAndAdministrativeExpenses": 0, "otherExpenses": 91000000, "operatingExpenses": 91000000, "costAndExpenses": 3616000000, "interestIncome": 0, "interestExpense": 0, "depreciationAndAmortization": 91000000, "ebitda": 504000000, "ebitdaratio": 0.1240768095, "operatingIncome": 446000000, "operatingIncomeRatio": 0.109798129, "totalOtherIncomeExpensesNet": 33000000, "incomeBeforeTax": 479000000, "incomeBeforeTaxRatio": 0.1179222058, "incomeTaxExpense": 163000000, "netIncome": 316000000, "netIncomeRatio": 0.0777941901, "eps": 1.4, "epsdiluted": 1.37, "weightedAverageShsOut": 251891892, "weightedAverageShsOutDil": 251891892, "link": "https://www.sec.gov/Archives/edgar/data/40533/000095013398000793/0000950133-98-000793-index.html", "finalLink": "https://www.sec.gov/Archives/edgar/data/40533/", "calculatedOtherExpenses": 91000000, "calculatedOperatingExpenses": 91000000, "calculatedNetInterest": 0, "calculatedOtherIncome": 33000000, "calculatedIncomeNonControlling": 0, "calculatedEbitda": 537000000}, {"date": "1996-12-31", "symbol": "GD", "reportedCurrency": "USD", "cik": "0000040533", "fillingDate": "1997-03-21", "acceptedDate": "1997-03-21 00:00:00", "calendarYear": "1996", "period": "FY", "revenue": 3581000000, "costOfRevenue": 3161000000, "grossProfit": 420000000, "grossProfitRatio": 0.1172856744, "researchAndDevelopmentExpenses": 0, "generalAndAdministrativeExpenses": 0, "sellingAndMarketingExpenses": 0, "sellingGeneralAndAdministrativeExpenses": 0, "otherExpenses": 67000000, "operatingExpenses": 67000000, "costAndExpenses": 3228000000, "interestIncome": 0, "interestExpense": 0, "depreciationAndAmortization": 67000000, "ebitda": 364000000, "ebitdaratio": 0.1016475845, "operatingIncome": 353000000, "operatingIncomeRatio": 0.0985758168, "totalOtherIncomeExpensesNet": 56000000, "incomeBeforeTax": 409000000, "incomeBeforeTaxRatio": 0.1142139067, "incomeTaxExpense": 139000000, "netIncome": 270000000, "netIncomeRatio": 0.0753979335, "eps": 1.07, "epsdiluted": 1.07, "weightedAverageShsOut": 252336449, "weightedAverageShsOutDil": 252336449, "link": "https://www.sec.gov/Archives/edgar/data/40533/000095013397000914/0000950133-97-000914-index.html", "finalLink": "https://www.sec.gov/Archives/edgar/data/40533/", "calculatedOtherExpenses": 67000000, "calculatedOperatingExpenses": 67000000, "calculatedNetInterest": 0, "calculatedOtherIncome": 56000000, "calculatedIncomeNonControlling": 0, "calculatedEbitda": 420000000}, {"date": "1995-12-31", "symbol": "GD", "reportedCurrency": "USD", "cik": "0000040533", "fillingDate": "1996-03-21", "acceptedDate": "1996-03-21 00:00:00", "calendarYear": "1995", "period": "FY", "revenue": 3067000000, "costOfRevenue": 2714000000, "grossProfit": 353000000, "grossProfitRatio": 0.1150961852, "researchAndDevelopmentExpenses": 0, "generalAndAdministrativeExpenses": 0, "sellingAndMarketingExpenses": 0, "sellingGeneralAndAdministrativeExpenses": 0, "otherExpenses": 38000000, "operatingExpenses": 38000000, "costAndExpenses": 2752000000, "interestIncome": 0, "interestExpense": 0, "depreciationAndAmortization": 38000000, "ebitda": 293000000, "ebitdaratio": 0.0955330942, "operatingIncome": 315000000, "operatingIncomeRatio": 0.1027062276, "totalOtherIncomeExpensesNet": 60000000, "incomeBeforeTax": 375000000, "incomeBeforeTaxRatio": 0.1222693186, "incomeTaxExpense": 128000000, "netIncome": 321000000, "netIncomeRatio": 0.1046625367, "eps": 1.27, "epsdiluted": 1.27, "weightedAverageShsOut": 251970232, "weightedAverageShsOutDil": 253456592, "link": "https://www.sec.gov/Archives/edgar/data/40533/000095013396000230/0000950133-96-000230-index.html", "finalLink": "https://www.sec.gov/Archives/edgar/data/40533/", "calculatedOtherExpenses": 38000000, "calculatedOperatingExpenses": 38000000, "calculatedNetInterest": 0, "calculatedOtherIncome": 60000000, "calculatedIncomeNonControlling": -74000000, "calculatedEbitda": 353000000}, {"date": "1994-12-31", "symbol": "GD", "reportedCurrency": "USD", "cik": "0000040533", "fillingDate": "1995-03-09", "acceptedDate": "1995-03-09 00:00:00", "calendarYear": "1994", "period": "FY", "revenue": 3058000000, "costOfRevenue": 2698000000, "grossProfit": 360000000, "grossProfitRatio": 0.1177240026, "researchAndDevelopmentExpenses": 0, "generalAndAdministrativeExpenses": 0, "sellingAndMarketingExpenses": 0, "sellingGeneralAndAdministrativeExpenses": 0, "otherExpenses": 39000000, "operatingExpenses": 39000000, "costAndExpenses": 2737000000, "interestIncome": 0, "interestExpense": 0, "depreciationAndAmortization": 39000000, "ebitda": 338000000, "ebitdaratio": 0.110529758, "operatingIncome": 321000000, "operatingIncomeRatio": 0.104970569, "totalOtherIncomeExpensesNet": 22000000, "incomeBeforeTax": 343000000, "incomeBeforeTaxRatio": 0.1121648136, "incomeTaxExpense": 120000000, "netIncome": 238000000, "netIncomeRatio": 0.0778286462, "eps": 0.94, "epsdiluted": 0.94, "weightedAverageShsOut": 252273312, "weightedAverageShsOutDil": 253703100, "link": "https://www.sec.gov/Archives/edgar/data/40533/000095013395000118/0000950133-95-000118-index.html", "finalLink": "https://www.sec.gov/Archives/edgar/data/40533/", "calculatedOtherExpenses": 39000000, "calculatedOperatingExpenses": 39000000, "calculatedNetInterest": 0, "calculatedOtherIncome": 22000000, "calculatedIncomeNonControlling": -15000000, "calculatedEbitda": 360000000}, {"date": "1993-12-31", "symbol": "GD", "reportedCurrency": "USD", "cik": "0000040533", "fillingDate": "1994-03-29", "acceptedDate": "1994-03-29 00:00:00", "calendarYear": "1993", "period": "FY", "revenue": 3187000000, "costOfRevenue": 2822000000, "grossProfit": 365000000, "grossProfitRatio": 0.1145277691, "researchAndDevelopmentExpenses": 0, "generalAndAdministrativeExpenses": 0, "sellingAndMarketingExpenses": 0, "sellingGeneralAndAdministrativeExpenses": 0, "otherExpenses": 56000000, "operatingExpenses": 56000000, "costAndExpenses": 2878000000, "interestIncome": 0, "interestExpense": 0, "depreciationAndAmortization": 56000000, "ebitda": 297000000, "ebitdaratio": 0.0931910888, "operatingIncome": 309000000, "operatingIncomeRatio": 0.0969563853, "totalOtherIncomeExpensesNet": 68000000, "incomeBeforeTax": 413000000, "incomeBeforeTaxRatio": 0.1295889551, "incomeTaxExpense": 143000000, "netIncome": 885000000, "netIncomeRatio": 0.2776906181, "eps": 1.09, "epsdiluted": 1.07, "weightedAverageShsOut": 251840491, "weightedAverageShsOutDil": 251840491, "link": "https://www.sec.gov/Archives/edgar/data/40533/000095013394000045/0000950133-94-000045-index.html", "finalLink": "https://www.sec.gov/Archives/edgar/data/40533/", "calculatedOtherExpenses": 56000000, "calculatedOperatingExpenses": 56000000, "calculatedNetInterest": 0, "calculatedOtherIncome": 104000000, "calculatedIncomeNonControlling": -615000000, "calculatedEbitda": 365000000}, {"date": "1992-12-31", "symbol": "GD", "reportedCurrency": "USD", "cik": "0000040533", "fillingDate": "1992-12-31", "acceptedDate": "1992-12-30 19:00:00", "calendarYear": "1992", "period": "FY", "revenue": 3472000000, "costOfRevenue": 3241000000, "grossProfit": 231000000, "grossProfitRatio": 0.0665322581, "researchAndDevelopmentExpenses": 0, "generalAndAdministrativeExpenses": 0, "sellingAndMarketingExpenses": 0, "sellingGeneralAndAdministrativeExpenses": 0, "otherExpenses": 56000000, "operatingExpenses": 56000000, "costAndExpenses": 3297000000, "interestIncome": 0, "interestExpense": 0, "depreciationAndAmortization": 56000000, "ebitda": 179000000, "ebitdaratio": 0.0515552995, "operatingIncome": 175000000, "operatingIncomeRatio": 0.0504032258, "totalOtherIncomeExpensesNet": 52000000, "incomeBeforeTax": 227000000, "incomeBeforeTaxRatio": 0.0653801843, "incomeTaxExpense": -21000000, "netIncome": 815000000, "netIncomeRatio": 0.234735023, "eps": 4.47, "epsdiluted": 4.47, "weightedAverageShsOut": 182530795, "weightedAverageShsOutDil": 182530795, "link": "", "finalLink": "", "calculatedOtherExpenses": 56000000, "calculatedOperatingExpenses": 56000000, "calculatedNetInterest": 0, "calculatedOtherIncome": 52000000, "calculatedIncomeNonControlling": -567000000, "calculatedEbitda": 231000000}, {"date": "1991-12-31", "symbol": "GD", "reportedCurrency": "USD", "cik": "0000040533", "fillingDate": "1991-12-31", "acceptedDate": "1991-12-30 19:00:00", "calendarYear": "1991", "period": "FY", "revenue": 8751000000, "costOfRevenue": 8056000000, "grossProfit": 695000000, "grossProfitRatio": 0.0794194949, "researchAndDevelopmentExpenses": 0, "generalAndAdministrativeExpenses": 0, "sellingAndMarketingExpenses": 0, "sellingGeneralAndAdministrativeExpenses": 0, "otherExpenses": 303000000, "operatingExpenses": 303000000, "costAndExpenses": 8359000000, "interestIncome": 0, "interestExpense": 0, "depreciationAndAmortization": 303000000, "ebitda": 722000000, "ebitdaratio": 0.0825048566, "operatingIncome": 392000000, "operatingIncomeRatio": 0.0447948806, "totalOtherIncomeExpensesNet": -27000000, "incomeBeforeTax": 331000000, "incomeBeforeTaxRatio": 0.0378242487, "incomeTaxExpense": -43000000, "netIncome": 505000000, "netIncomeRatio": 0.0577076905, "eps": 1.52, "epsdiluted": 1.52, "weightedAverageShsOut": 333333333, "weightedAverageShsOutDil": 333333333, "link": "", "finalLink": "", "calculatedOtherExpenses": 303000000, "calculatedOperatingExpenses": 303000000, "calculatedNetInterest": 0, "calculatedOtherIncome": -61000000, "calculatedIncomeNonControlling": -131000000, "calculatedEbitda": 695000000}, {"date": "1990-12-31", "symbol": "GD", "reportedCurrency": "USD", "cik": "0000040533", "fillingDate": "1990-12-31", "acceptedDate": "1990-12-30 19:00:00", "calendarYear": "1990", "period": "FY", "revenue": 10173000000, "costOfRevenue": 10606000000, "grossProfit": -433000000, "grossProfitRatio": -0.0425636489, "researchAndDevelopmentExpenses": 0, "generalAndAdministrativeExpenses": 0, "sellingAndMarketingExpenses": 0, "sellingGeneralAndAdministrativeExpenses": 0, "otherExpenses": 378000000, "operatingExpenses": 378000000, "costAndExpenses": 10984000000, "interestIncome": 0, "interestExpense": 0, "depreciationAndAmortization": 378000000, "ebitda": -319000000, "ebitdaratio": -0.031357515, "operatingIncome": -811000000, "operatingIncomeRatio": -0.0797208296, "totalOtherIncomeExpensesNet": -114000000, "incomeBeforeTax": -988000000, "incomeBeforeTaxRatio": -0.097119827, "incomeTaxExpense": -349000000, "netIncome": -578000000, "netIncomeRatio": -0.0568170648, "eps": -1.74, "epsdiluted": -1.74, "weightedAverageShsOut": 333141210, "weightedAverageShsOutDil": 333141210, "link": "", "finalLink": "", "calculatedOtherExpenses": 378000000, "calculatedOperatingExpenses": 378000000, "calculatedNetInterest": 0, "calculatedOtherIncome": -177000000, "calculatedIncomeNonControlling": -61000000, "calculatedEbitda": -433000000}, {"date": "1989-12-31", "symbol": "GD", "reportedCurrency": "USD", "cik": "0000040533", "fillingDate": "1989-12-31", "acceptedDate": "1989-12-30 19:00:00", "calendarYear": "1989", "period": "FY", "revenue": 10042900000, "costOfRevenue": 9098100000, "grossProfit": 944800000, "grossProfitRatio": 0.0940764122, "researchAndDevelopmentExpenses": 0, "generalAndAdministrativeExpenses": 0, "sellingAndMarketingExpenses": 0, "sellingGeneralAndAdministrativeExpenses": 52000000, "otherExpenses": 360900000, "operatingExpenses": 412900000, "costAndExpenses": 9511000000, "interestIncome": 0, "interestExpense": 0, "depreciationAndAmortization": 360900000, "ebitda": 892800000, "ebitdaratio": 0.0888986249, "operatingIncome": 531900000, "operatingIncomeRatio": 0.0529627896, "totalOtherIncomeExpensesNet": -83700000, "incomeBeforeTax": 448200000, "incomeBeforeTaxRatio": 0.0446285435, "incomeTaxExpense": 155100000, "netIncome": 293100000, "netIncomeRatio": 0.0291847972, "eps": 0.88, "epsdiluted": 0.88, "weightedAverageShsOut": 333068182, "weightedAverageShsOutDil": 333068182, "link": "", "finalLink": "", "calculatedOtherExpenses": 360900000, "calculatedOperatingExpenses": 412900000, "calculatedNetInterest": 0, "calculatedOtherIncome": -83700000, "calculatedIncomeNonControlling": 0, "calculatedEbitda": 892800000}, {"date": "1988-12-31", "symbol": "GD", "reportedCurrency": "USD", "cik": "0000040533", "fillingDate": "1988-12-31", "acceptedDate": "1988-12-30 19:00:00", "calendarYear": "1988", "period": "FY", "revenue": 9551000000, "costOfRevenue": 8702500000, "grossProfit": 848500000, "grossProfitRatio": 0.088838865, "researchAndDevelopmentExpenses": 0, "generalAndAdministrativeExpenses": 0, "sellingAndMarketingExpenses": 0, "sellingGeneralAndAdministrativeExpenses": 0, "otherExpenses": 326400000, "operatingExpenses": 326400000, "costAndExpenses": 9028900000, "interestIncome": 0, "interestExpense": 0, "depreciationAndAmortization": 326400000, "ebitda": 867200000, "ebitdaratio": 0.0907967752, "operatingIncome": 522100000, "operatingIncomeRatio": 0.054664433, "totalOtherIncomeExpensesNet": -18700000, "incomeBeforeTax": 455000000, "incomeBeforeTaxRatio": 0.0476389907, "incomeTaxExpense": 76000000, "netIncome": 379000000, "netIncomeRatio": 0.0396817087, "eps": 1.13, "epsdiluted": 1.13, "weightedAverageShsOut": 335398230, "weightedAverageShsOutDil": 335398230, "link": "", "finalLink": "", "calculatedOtherExpenses": 326400000, "calculatedOperatingExpenses": 326400000, "calculatedNetInterest": 0, "calculatedOtherIncome": -67100000, "calculatedIncomeNonControlling": 0, "calculatedEbitda": 848500000}, {"date": "1987-12-31", "symbol": "GD", "reportedCurrency": "USD", "cik": "0000040533", "fillingDate": "1987-12-31", "acceptedDate": "1987-12-30 19:00:00", "calendarYear": "1987", "period": "FY", "revenue": 9344000000, "costOfRevenue": 7707000000, "grossProfit": 1637000000, "grossProfitRatio": 0.175192637, "researchAndDevelopmentExpenses": 0, "generalAndAdministrativeExpenses": 0, "sellingAndMarketingExpenses": 0, "sellingGeneralAndAdministrativeExpenses": 682000000, "otherExpenses": 320500000, "operatingExpenses": 1002500000, "costAndExpenses": 8709500000, "interestIncome": 0, "interestExpense": 0, "depreciationAndAmortization": 320500000, "ebitda": 955700000, "ebitdaratio": 0.1022795377, "operatingIncome": 634500000, "operatingIncomeRatio": 0.0679045377, "totalOtherIncomeExpensesNet": -700000, "incomeBeforeTax": 592400000, "incomeBeforeTaxRatio": 0.0633989726, "incomeTaxExpense": 155100000, "netIncome": 437300000, "netIncomeRatio": 0.0468000856, "eps": 1.29, "epsdiluted": 1.29, "weightedAverageShsOut": 340311284, "weightedAverageShsOutDil": 340311284, "link": "", "finalLink": "", "calculatedOtherExpenses": 320500000, "calculatedOperatingExpenses": 1002500000, "calculatedNetInterest": 0, "calculatedOtherIncome": -42100000, "calculatedIncomeNonControlling": 0, "calculatedEbitda": 955000000}, {"date": "1986-12-31", "symbol": "GD", "reportedCurrency": "USD", "cik": "0000040533", "fillingDate": "1986-12-31", "acceptedDate": "1986-12-30 19:00:00", "calendarYear": "1986", "period": "FY", "revenue": 8892000000, "costOfRevenue": 7320400000, "grossProfit": 1571600000, "grossProfitRatio": 0.1767431399, "researchAndDevelopmentExpenses": 0, "generalAndAdministrativeExpenses": 0, "sellingAndMarketingExpenses": 0, "sellingGeneralAndAdministrativeExpenses": 652300000, "otherExpenses": 270100000, "operatingExpenses": 922400000, "costAndExpenses": 8242800000, "interestIncome": 0, "interestExpense": 0, "depreciationAndAmortization": 270100000, "ebitda": 1316200000, "ebitdaratio": 0.1480206928, "operatingIncome": 649200000, "operatingIncomeRatio": 0.0730094467, "totalOtherIncomeExpensesNet": -396900000, "incomeBeforeTax": 197600000, "incomeBeforeTaxRatio": 0.0222222222, "incomeTaxExpense": 260200000, "netIncome": -52500000, "netIncomeRatio": -0.0059041835, "eps": -0.16, "epsdiluted": -0.16, "weightedAverageShsOut": 338709677, "weightedAverageShsOutDil": 338709677, "link": "", "finalLink": "", "calculatedOtherExpenses": 270100000, "calculatedOperatingExpenses": 922400000, "calculatedNetInterest": 0, "calculatedOtherIncome": -451600000, "calculatedIncomeNonControlling": -10100000, "calculatedEbitda": 919300000}, {"date": "1985-12-31", "symbol": "GD", "reportedCurrency": "USD", "cik": "0000040533", "fillingDate": "1985-12-31", "acceptedDate": "1985-12-30 19:00:00", "calendarYear": "1985", "period": "FY", "revenue": 8163800000, "costOfRevenue": 6736200000, "grossProfit": 1427600000, "grossProfitRatio": 0.174869546, "researchAndDevelopmentExpenses": 0, "generalAndAdministrativeExpenses": 0, "sellingAndMarketingExpenses": 0, "sellingGeneralAndAdministrativeExpenses": 537000000, "otherExpenses": 222600000, "operatingExpenses": 759600000, "costAndExpenses": 7495800000, "interestIncome": 0, "interestExpense": 0, "depreciationAndAmortization": 222600000, "ebitda": 887000000, "ebitdaratio": 0.1086503834, "operatingIncome": 668000000, "operatingIncomeRatio": 0.0818246405, "totalOtherIncomeExpensesNet": 3600000, "incomeBeforeTax": 654400000, "incomeBeforeTaxRatio": 0.0801587496, "incomeTaxExpense": 281900000, "netIncome": 388300000, "netIncomeRatio": 0.0475636346, "eps": 1.15, "epsdiluted": 1.15, "weightedAverageShsOut": 337652174, "weightedAverageShsOutDil": 337652174, "link": "", "finalLink": "", "calculatedOtherExpenses": 222600000, "calculatedOperatingExpenses": 759600000, "calculatedNetInterest": 0, "calculatedOtherIncome": -13600000, "calculatedIncomeNonControlling": -15800000, "calculatedEbitda": 890600000}]}