{"originalCurrency": "USD", "convertedCurrency": "USD", "report": [{"date": "2023-12-31", "symbol": "GE", "reportedCurrency": "USD", "cik": "0000040545", "fillingDate": "2024-02-02", "acceptedDate": "2024-02-02 06:31:30", "calendarYear": "2023", "period": "FY", "revenue": 67954000000, "costOfRevenue": 50392000000, "grossProfit": 17562000000, "grossProfitRatio": 0.2584395326, "researchAndDevelopmentExpenses": 1907000000, "generalAndAdministrativeExpenses": 12081000000, "sellingAndMarketingExpenses": 0, "sellingGeneralAndAdministrativeExpenses": 12081000000, "otherExpenses": 1857000000, "operatingExpenses": 13988000000, "costAndExpenses": 64380000000, "interestIncome": 739000000, "interestExpense": 1118000000, "depreciationAndAmortization": 2079000000, "ebitda": 8484000000, "ebitdaratio": 0.1248491627, "operatingIncome": 6405000000, "operatingIncomeRatio": 0.0942549372, "totalOtherIncomeExpensesNet": 6998000000, "incomeBeforeTax": 10191000000, "incomeBeforeTaxRatio": 0.1499690967, "incomeTaxExpense": 1162000000, "netIncome": 9481000000, "netIncomeRatio": 0.1395208523, "eps": 8.43, "epsdiluted": 8.35, "weightedAverageShsOut": 1089000000, "weightedAverageShsOutDil": 1099000000, "link": "https://www.sec.gov/Archives/edgar/data/40545/000004054524000027/0000040545-24-000027-index.htm", "finalLink": "https://www.sec.gov/Archives/edgar/data/40545/000004054524000027/ge-20231231.htm", "calculatedOtherExpenses": -2831000000, "calculatedOperatingExpenses": 11157000000, "calculatedNetInterest": -379000000, "calculatedOtherIncome": 4165000000, "calculatedIncomeNonControlling": -452000000, "calculatedEbitda": 8484000000}, {"date": "2022-12-31", "symbol": "GE", "reportedCurrency": "USD", "cik": "0000040545", "fillingDate": "2023-02-10", "acceptedDate": "2023-02-10 08:32:52", "calendarYear": "2022", "period": "FY", "revenue": 58099000000, "costOfRevenue": 44272000000, "grossProfit": 13827000000, "grossProfitRatio": 0.2379903269, "researchAndDevelopmentExpenses": 1786000000, "generalAndAdministrativeExpenses": 11765000000, "sellingAndMarketingExpenses": 0, "sellingGeneralAndAdministrativeExpenses": 11765000000, "otherExpenses": 1581000000, "operatingExpenses": 13551000000, "costAndExpenses": 57823000000, "interestIncome": 456000000, "interestExpense": 1477000000, "depreciationAndAmortization": 2902000000, "ebitda": 4760000000, "ebitdaratio": 0.081929121, "operatingIncome": 1858000000, "operatingIncomeRatio": 0.0319798964, "totalOtherIncomeExpensesNet": -2657000000, "incomeBeforeTax": -799000000, "incomeBeforeTaxRatio": -0.0137523882, "incomeTaxExpense": -3000000, "netIncome": -796000000, "netIncomeRatio": -0.0137007522, "eps": -0.73, "epsdiluted": -0.73, "weightedAverageShsOut": 1096000000, "weightedAverageShsOutDil": 1096000000, "link": "https://www.sec.gov/Archives/edgar/data/40545/000004054523000023/0000040545-23-000023-index.htm", "finalLink": "https://www.sec.gov/Archives/edgar/data/40545/000004054523000023/ge-20221231.htm", "calculatedOtherExpenses": -1582000000, "calculatedOperatingExpenses": 11969000000, "calculatedNetInterest": -1021000000, "calculatedOtherIncome": -1636000000, "calculatedIncomeNonControlling": 0, "calculatedEbitda": 4760000000}, {"date": "2021-12-31", "symbol": "GE", "reportedCurrency": "USD", "cik": "0000040545", "fillingDate": "2022-02-11", "acceptedDate": "2022-02-11 08:33:15", "calendarYear": "2021", "period": "FY", "revenue": 74196000000, "costOfRevenue": 53896000000, "grossProfit": 20300000000, "grossProfitRatio": 0.273599655, "researchAndDevelopmentExpenses": 2497000000, "generalAndAdministrativeExpenses": 13990000000, "sellingAndMarketingExpenses": -2283000000, "sellingGeneralAndAdministrativeExpenses": 11707000000, "otherExpenses": 905000000, "operatingExpenses": 14204000000, "costAndExpenses": 68100000000, "interestIncome": 2270000000, "interestExpense": 1876000000, "depreciationAndAmortization": 3009000000, "ebitda": 7000000000, "ebitdaratio": 0.0943447086, "operatingIncome": 3991000000, "operatingIncomeRatio": 0.0537899617, "totalOtherIncomeExpensesNet": -7674000000, "incomeBeforeTax": -3683000000, "incomeBeforeTaxRatio": -0.0496387945, "incomeTaxExpense": -286000000, "netIncome": -3397000000, "netIncomeRatio": -0.0457841393, "eps": -3.09, "epsdiluted": -3.09, "weightedAverageShsOut": 1098000000, "weightedAverageShsOutDil": 1098000000, "link": "https://www.sec.gov/Archives/edgar/data/40545/000004054522000008/0000040545-22-000008-index.htm", "finalLink": "https://www.sec.gov/Archives/edgar/data/40545/000004054522000008/ge-20211231.htm", "calculatedOtherExpenses": 2105000000, "calculatedOperatingExpenses": 16309000000, "calculatedNetInterest": 394000000, "calculatedOtherIncome": -8068000000, "calculatedIncomeNonControlling": 0, "calculatedEbitda": 7000000000}, {"date": "2020-12-31", "symbol": "GE", "reportedCurrency": "USD", "cik": "0000040545", "fillingDate": "2021-02-12", "acceptedDate": "2021-02-12 10:24:28", "calendarYear": "2020", "period": "FY", "revenue": 79619000000, "costOfRevenue": 60421000000, "grossProfit": 19198000000, "grossProfitRatio": 0.24112335, "researchAndDevelopmentExpenses": 2565000000, "generalAndAdministrativeExpenses": 15018000000, "sellingAndMarketingExpenses": 0, "sellingGeneralAndAdministrativeExpenses": 15018000000, "otherExpenses": 8570000000, "operatingExpenses": 17583000000, "costAndExpenses": 78004000000, "interestIncome": 1478000000, "interestExpense": 3273000000, "depreciationAndAmortization": 6018000000, "ebitda": 10187000000, "ebitdaratio": 0.1279468469, "operatingIncome": 4169000000, "operatingIncomeRatio": 0.0523618734, "totalOtherIncomeExpensesNet": 1028000000, "incomeBeforeTax": 5197000000, "incomeBeforeTaxRatio": 0.0652733644, "incomeTaxExpense": -474000000, "netIncome": 5704000000, "netIncomeRatio": 0.0716411912, "eps": 4.67, "epsdiluted": 4.67, "weightedAverageShsOut": 1094000000, "weightedAverageShsOutDil": 1095000000, "link": "https://www.sec.gov/Archives/edgar/data/40545/000004054521000011/0000040545-21-000011-index.htm", "finalLink": "https://www.sec.gov/Archives/edgar/data/40545/000004054521000011/ge-20201231.htm", "calculatedOtherExpenses": -2554000000, "calculatedOperatingExpenses": 15029000000, "calculatedNetInterest": -1795000000, "calculatedOtherIncome": 2823000000, "calculatedIncomeNonControlling": -33000000, "calculatedEbitda": 10187000000}, {"date": "2019-12-31", "symbol": "GE", "reportedCurrency": "USD", "cik": "0000040545", "fillingDate": "2020-02-24", "acceptedDate": "2020-02-24 16:34:07", "calendarYear": "2019", "period": "FY", "revenue": 95215000000, "costOfRevenue": 70029000000, "grossProfit": 25186000000, "grossProfitRatio": 0.2645171454, "researchAndDevelopmentExpenses": 3118000000, "generalAndAdministrativeExpenses": 17243000000, "sellingAndMarketingExpenses": 0, "sellingGeneralAndAdministrativeExpenses": 17243000000, "otherExpenses": -1080000000, "operatingExpenses": 17243000000, "costAndExpenses": 87272000000, "interestIncome": 1220000000, "interestExpense": 4227000000, "depreciationAndAmortization": 5595000000, "ebitda": 6862000000, "ebitdaratio": 0.0720684766, "operatingIncome": 1267000000, "operatingIncomeRatio": 0.0133067269, "totalOtherIncomeExpensesNet": -118000000, "incomeBeforeTax": 1149000000, "incomeBeforeTaxRatio": 0.0120674264, "incomeTaxExpense": 726000000, "netIncome": 423000000, "netIncomeRatio": 0.0044425773, "eps": 0.39, "epsdiluted": 0.39, "weightedAverageShsOut": 1090500000, "weightedAverageShsOutDil": 1090500000, "link": "https://www.sec.gov/Archives/edgar/data/40545/000004054520000009/0000040545-20-000009-index.htm", "finalLink": "https://www.sec.gov/Archives/edgar/data/40545/000004054520000009/ge10-k2019.htm", "calculatedOtherExpenses": 3558000000, "calculatedOperatingExpenses": 23919000000, "calculatedNetInterest": -3007000000, "calculatedOtherIncome": 2889000000, "calculatedIncomeNonControlling": 0, "calculatedEbitda": 6862000000}, {"date": "2018-12-31", "symbol": "GE", "reportedCurrency": "USD", "cik": "0000040545", "fillingDate": "2019-02-26", "acceptedDate": "2019-02-26 16:36:51", "calendarYear": "2018", "period": "FY", "revenue": 121615000000, "costOfRevenue": 92671000000, "grossProfit": 28944000000, "grossProfitRatio": 0.2379969576, "researchAndDevelopmentExpenses": 3414000000, "generalAndAdministrativeExpenses": 0, "sellingAndMarketingExpenses": 0, "sellingGeneralAndAdministrativeExpenses": 18111000000, "otherExpenses": -982000000, "operatingExpenses": 18111000000, "costAndExpenses": 110782000000, "interestIncome": 669000000, "interestExpense": 5059000000, "depreciationAndAmortization": 8224000000, "ebitda": 9851000000, "ebitdaratio": 0.0810015212, "operatingIncome": 12934000000, "operatingIncomeRatio": 0.1063520125, "totalOtherIncomeExpensesNet": -25908000000, "incomeBeforeTax": -20134000000, "incomeBeforeTaxRatio": -0.1655552358, "incomeTaxExpense": 583000000, "netIncome": -22355000000, "netIncomeRatio": -0.1838177856, "eps": -20.6, "epsdiluted": -20.58, "weightedAverageShsOut": 1085323886, "weightedAverageShsOutDil": 1086375000, "link": "https://www.sec.gov/Archives/edgar/data/40545/000004054519000014/0000040545-19-000014-index.htm", "finalLink": "https://www.sec.gov/Archives/edgar/data/40545/000004054519000014/ge10-k2018.htm", "calculatedOtherExpenses": -5515000000, "calculatedOperatingExpenses": 16010000000, "calculatedNetInterest": -4390000000, "calculatedOtherIncome": -28678000000, "calculatedIncomeNonControlling": 1638000000, "calculatedEbitda": 21158000000}, {"date": "2017-12-31", "symbol": "GE", "reportedCurrency": "USD", "cik": "0000040545", "fillingDate": "2018-02-23", "acceptedDate": "2018-02-23 16:52:20", "calendarYear": "2017", "period": "FY", "revenue": 120468000000, "costOfRevenue": 91934000000, "grossProfit": 28534000000, "grossProfitRatio": 0.236859581, "researchAndDevelopmentExpenses": 4738000000, "generalAndAdministrativeExpenses": 0, "sellingAndMarketingExpenses": 0, "sellingGeneralAndAdministrativeExpenses": 18280000000, "otherExpenses": -3632000000, "operatingExpenses": 16655000000, "costAndExpenses": 108589000000, "interestIncome": 299000000, "interestExpense": 4869000000, "depreciationAndAmortization": 5139000000, "ebitda": 8246000000, "ebitdaratio": 0.0684497128, "operatingIncome": 11879000000, "operatingIncomeRatio": 0.098607099, "totalOtherIncomeExpensesNet": -15800000000, "incomeBeforeTax": -8791000000, "incomeBeforeTaxRatio": -0.0729737358, "incomeTaxExpense": -3043000000, "netIncome": -5786000000, "netIncomeRatio": -0.0480293522, "eps": -5.36, "epsdiluted": -5.36, "weightedAverageShsOut": 1079000000, "weightedAverageShsOutDil": 1080208333, "link": "https://www.sec.gov/Archives/edgar/data/40545/000004054518000014/0000040545-18-000014-index.htm", "finalLink": "https://www.sec.gov/Archives/edgar/data/40545/000004054518000014/ge10-k2017.htm", "calculatedOtherExpenses": -6363000000, "calculatedOperatingExpenses": 16655000000, "calculatedNetInterest": -4570000000, "calculatedOtherIncome": -16100000000, "calculatedIncomeNonControlling": 38000000, "calculatedEbitda": 17018000000}, {"date": "2016-12-31", "symbol": "GE", "reportedCurrency": "USD", "cik": "0000040545", "fillingDate": "2017-02-24", "acceptedDate": "2017-02-24 17:21:03", "calendarYear": "2016", "period": "FY", "revenue": 119688000000, "costOfRevenue": 87483000000, "grossProfit": 32205000000, "grossProfitRatio": 0.2690745939, "researchAndDevelopmentExpenses": 4782000000, "generalAndAdministrativeExpenses": 0, "sellingAndMarketingExpenses": 0, "sellingGeneralAndAdministrativeExpenses": 18377000000, "otherExpenses": -982000000, "operatingExpenses": 14372000000, "costAndExpenses": 101855000000, "interestIncome": 167000000, "interestExpense": 5025000000, "depreciationAndAmortization": 4997000000, "ebitda": 16852000000, "ebitdaratio": 0.1407994118, "operatingIncome": 17832000000, "operatingIncomeRatio": 0.1489873672, "totalOtherIncomeExpensesNet": -3779000000, "incomeBeforeTax": 9030000000, "incomeBeforeTaxRatio": 0.07544616, "incomeTaxExpense": -464000000, "netIncome": 8831000000, "netIncomeRatio": 0.0737835038, "eps": 7.2, "epsdiluted": 7.12, "weightedAverageShsOut": 1128125000, "weightedAverageShsOutDil": 1141250000, "link": "https://www.sec.gov/Archives/edgar/data/40545/000004054517000010/0000040545-17-000010-index.htm", "finalLink": "https://www.sec.gov/Archives/edgar/data/40545/000004054517000010/ge10k2016.htm", "calculatedOtherExpenses": -8786000000, "calculatedOperatingExpenses": 14373000000, "calculatedNetInterest": -4858000000, "calculatedOtherIncome": -3944000000, "calculatedIncomeNonControlling": 663000000, "calculatedEbitda": 22829000000}, {"date": "2015-12-31", "symbol": "GE", "reportedCurrency": "USD", "cik": "0000040545", "fillingDate": "2016-02-26", "acceptedDate": "2016-02-26 16:06:12", "calendarYear": "2015", "period": "FY", "revenue": 115159000000, "costOfRevenue": 82693000000, "grossProfit": 32466000000, "grossProfitRatio": 0.2819232539, "researchAndDevelopmentExpenses": 5416000000, "generalAndAdministrativeExpenses": 0, "sellingAndMarketingExpenses": 0, "sellingGeneralAndAdministrativeExpenses": 17831000000, "otherExpenses": -2608000000, "operatingExpenses": 15604000000, "costAndExpenses": 98297000000, "interestIncome": 65000000, "interestExpense": 3463000000, "depreciationAndAmortization": 4847000000, "ebitda": 14254000000, "ebitdaratio": 0.1237766914, "operatingIncome": 16861000000, "operatingIncomeRatio": 0.1464149567, "totalOtherIncomeExpensesNet": -5213000000, "incomeBeforeTax": 8186000000, "incomeBeforeTaxRatio": 0.0710843269, "incomeTaxExpense": 6485000000, "netIncome": -6126000000, "netIncomeRatio": -0.0531960159, "eps": -4.93, "epsdiluted": -4.89, "weightedAverageShsOut": 1243000000, "weightedAverageShsOutDil": 1252000000, "link": "https://www.sec.gov/Archives/edgar/data/40545/000004054516000145/0000040545-16-000145-index.htm", "finalLink": "https://www.sec.gov/Archives/edgar/data/40545/000004054516000145/ge10k2015.htm", "calculatedOtherExpenses": -7642000000, "calculatedOperatingExpenses": 15605000000, "calculatedNetInterest": -3398000000, "calculatedOtherIncome": -5277000000, "calculatedIncomeNonControlling": 7827000000, "calculatedEbitda": 21708000000}, {"date": "2014-12-31", "symbol": "GE", "reportedCurrency": "USD", "cik": "0000040545", "fillingDate": "2014-12-31", "acceptedDate": "2014-12-30 19:00:00", "calendarYear": "2014", "period": "FY", "revenue": 147811000000, "costOfRevenue": 81311000000, "grossProfit": 66500000000, "grossProfitRatio": 0.4498988573, "researchAndDevelopmentExpenses": 5273000000, "generalAndAdministrativeExpenses": 28024000000, "sellingAndMarketingExpenses": 0, "sellingGeneralAndAdministrativeExpenses": 28024000000, "otherExpenses": -34026000000, "operatingExpenses": 3215000000, "costAndExpenses": 84526000000, "interestIncome": 0, "interestExpense": 9482000000, "depreciationAndAmortization": 9283000000, "ebitda": 29259000000, "ebitdaratio": 0.1979487318, "operatingIncome": 63285000000, "operatingIncomeRatio": 0.4281481081, "totalOtherIncomeExpensesNet": -36574000000, "incomeBeforeTax": 17229000000, "incomeBeforeTaxRatio": 0.1165610137, "incomeTaxExpense": 1772000000, "netIncome": 15233000000, "netIncomeRatio": 0.1030572826, "eps": 12.08, "epsdiluted": 12, "weightedAverageShsOut": 1255625000, "weightedAverageShsOutDil": 1265375000, "link": "", "finalLink": "", "calculatedOtherExpenses": -30082000000, "calculatedOperatingExpenses": 3215000000, "calculatedNetInterest": -9482000000, "calculatedOtherIncome": -36574000000, "calculatedIncomeNonControlling": 224000000, "calculatedEbitda": 72568000000}, {"date": "2013-12-31", "symbol": "GE", "reportedCurrency": "USD", "cik": "0000040545", "fillingDate": "2014-02-27", "acceptedDate": "2014-02-27 16:55:58", "calendarYear": "2013", "period": "FY", "revenue": 143031000000, "costOfRevenue": 112284000000, "grossProfit": 30747000000, "grossProfitRatio": 0.2149673847, "researchAndDevelopmentExpenses": 5461000000, "generalAndAdministrativeExpenses": 0, "sellingAndMarketingExpenses": 0, "sellingGeneralAndAdministrativeExpenses": 14231000000, "otherExpenses": -33927000000, "operatingExpenses": 1804000000, "costAndExpenses": 114088000000, "interestIncome": 21000000, "interestExpense": 10116000000, "depreciationAndAmortization": 9762000000, "ebitda": 28943000000, "ebitdaratio": 0.2023547343, "operatingIncome": 60978000000, "operatingIncomeRatio": 0.4263271598, "totalOtherIncomeExpensesNet": -2676000000, "incomeBeforeTax": 16151000000, "incomeBeforeTaxRatio": 0.1129195769, "incomeTaxExpense": 676000000, "netIncome": 14055000000, "netIncomeRatio": 0.098265411, "eps": 10.96, "epsdiluted": 10.88, "weightedAverageShsOut": 1277750000, "weightedAverageShsOutDil": 1286125000, "link": "https://www.sec.gov/Archives/edgar/data/40545/000004055414000023/0000040554-14-000023-index.htm", "finalLink": "https://www.sec.gov/Archives/edgar/data/40545/000004055414000023/geform10k2013.htm", "calculatedOtherExpenses": -49923000000, "calculatedOperatingExpenses": -30231000000, "calculatedNetInterest": -10095000000, "calculatedOtherIncome": -34732000000, "calculatedIncomeNonControlling": 1420000000, "calculatedEbitda": 70740000000}, {"date": "2012-12-31", "symbol": "GE", "reportedCurrency": "USD", "cik": "0000040545", "fillingDate": "2013-02-26", "acceptedDate": "2013-02-26 17:17:59", "calendarYear": "2012", "period": "FY", "revenue": 144796000000, "costOfRevenue": 110697000000, "grossProfit": 34099000000, "grossProfitRatio": 0.2354968369, "researchAndDevelopmentExpenses": 5200000000, "generalAndAdministrativeExpenses": 0, "sellingAndMarketingExpenses": 0, "sellingGeneralAndAdministrativeExpenses": 26497000000, "otherExpenses": -36095000000, "operatingExpenses": 1328000000, "costAndExpenses": 112025000000, "interestIncome": 114000000, "interestExpense": 12508000000, "depreciationAndAmortization": 9346000000, "ebitda": 32771000000, "ebitdaratio": 0.2263253129, "operatingIncome": 66595000000, "operatingIncomeRatio": 0.459922926, "totalOtherIncomeExpensesNet": -2857000000, "incomeBeforeTax": 17406000000, "incomeBeforeTaxRatio": 0.1202105031, "incomeTaxExpense": 2504000000, "netIncome": 13641000000, "netIncomeRatio": 0.0942084035, "eps": 10.32, "epsdiluted": 10.32, "weightedAverageShsOut": 1315375000, "weightedAverageShsOutDil": 1320500000, "link": "https://www.sec.gov/Archives/edgar/data/40545/000004054513000036/0000040545-13-000036-index.htm", "finalLink": "https://www.sec.gov/Archives/edgar/data/40545/000004054513000036/geform10k2012.htm", "calculatedOtherExpenses": -64193000000, "calculatedOperatingExpenses": -32496000000, "calculatedNetInterest": -12394000000, "calculatedOtherIncome": -36795000000, "calculatedIncomeNonControlling": 1261000000, "calculatedEbitda": 75941000000}, {"date": "2011-12-31", "symbol": "GE", "reportedCurrency": "USD", "cik": "0000040545", "fillingDate": "2012-02-24", "acceptedDate": "2012-02-24 16:29:18", "calendarYear": "2011", "period": "FY", "revenue": 147300000000, "costOfRevenue": 105662000000, "grossProfit": 41638000000, "grossProfitRatio": 0.2826748133, "researchAndDevelopmentExpenses": 0, "generalAndAdministrativeExpenses": 2912000000, "sellingAndMarketingExpenses": 0, "sellingGeneralAndAdministrativeExpenses": 2912000000, "otherExpenses": -37277000000, "operatingExpenses": 6995000000, "costAndExpenses": 112657000000, "interestIncome": 206000000, "interestExpense": 14545000000, "depreciationAndAmortization": 9185000000, "ebitda": 34643000000, "ebitdaratio": 0.2351866938, "operatingIncome": 69876000000, "operatingIncomeRatio": 0.4743788187, "totalOtherIncomeExpensesNet": -35439000000, "incomeBeforeTax": 20098000000, "incomeBeforeTaxRatio": 0.1364426341, "incomeTaxExpense": 5732000000, "netIncome": 14151000000, "netIncomeRatio": 0.0960692464, "eps": 9.92, "epsdiluted": 9.84, "weightedAverageShsOut": 1323875000, "weightedAverageShsOutDil": 1327500000, "link": "https://www.sec.gov/Archives/edgar/data/40545/000004054512000016/0000040545-12-000016-index.htm", "finalLink": "https://www.sec.gov/Archives/edgar/data/40545/000004054512000016/ge10k.htm", "calculatedOtherExpenses": -31150000000, "calculatedOperatingExpenses": -28238000000, "calculatedNetInterest": -14339000000, "calculatedOtherIncome": -35439000000, "calculatedIncomeNonControlling": 215000000, "calculatedEbitda": 79061000000}, {"date": "2010-12-31", "symbol": "GE", "reportedCurrency": "USD", "cik": "0000040545", "fillingDate": "2011-02-25", "acceptedDate": "2011-02-25 16:33:50", "calendarYear": "2010", "period": "FY", "revenue": 150211000000, "costOfRevenue": 109817000000, "grossProfit": 40394000000, "grossProfitRatio": 0.2689150595, "researchAndDevelopmentExpenses": 0, "generalAndAdministrativeExpenses": 41116000000, "sellingAndMarketingExpenses": -38104000000, "sellingGeneralAndAdministrativeExpenses": 3012000000, "otherExpenses": 7191000000, "operatingExpenses": 10203000000, "costAndExpenses": 120020000000, "interestIncome": 0, "interestExpense": 15983000000, "depreciationAndAmortization": 10013000000, "ebitda": 30191000000, "ebitdaratio": 0.2009906065, "operatingIncome": 30191000000, "operatingIncomeRatio": 0.2009906065, "totalOtherIncomeExpensesNet": -15983000000, "incomeBeforeTax": 14208000000, "incomeBeforeTaxRatio": 0.0945869477, "incomeTaxExpense": 1050000000, "netIncome": 11644000000, "netIncomeRatio": 0.0775176252, "eps": 8.48, "epsdiluted": 8.48, "weightedAverageShsOut": 1332625000, "weightedAverageShsOutDil": 1334750000, "link": "https://www.sec.gov/Archives/edgar/data/40545/000119312511047479/0001193125-11-047479-index.htm", "finalLink": "https://www.sec.gov/Archives/edgar/data/40545/000119312511047479/d10k.htm", "calculatedOtherExpenses": 7191000000, "calculatedOperatingExpenses": 10203000000, "calculatedNetInterest": -15983000000, "calculatedOtherIncome": 0, "calculatedIncomeNonControlling": 1514000000, "calculatedEbitda": 40204000000}, {"date": "2009-12-31", "symbol": "GE", "reportedCurrency": "USD", "cik": "0000040545", "fillingDate": "2010-02-19", "acceptedDate": "2010-02-19 17:16:21", "calendarYear": "2009", "period": "FY", "revenue": 156783000000, "costOfRevenue": 113725000000, "grossProfit": 43058000000, "grossProfitRatio": 0.2746343672, "researchAndDevelopmentExpenses": 0, "generalAndAdministrativeExpenses": 40821000000, "sellingAndMarketingExpenses": -37804000000, "sellingGeneralAndAdministrativeExpenses": 3017000000, "otherExpenses": 10928000000, "operatingExpenses": 13945000000, "costAndExpenses": 127670000000, "interestIncome": 0, "interestExpense": 18769000000, "depreciationAndAmortization": 10636000000, "ebitda": 29113000000, "ebitdaratio": 0.185689775, "operatingIncome": 29113000000, "operatingIncomeRatio": 0.185689775, "totalOtherIncomeExpensesNet": -18769000000, "incomeBeforeTax": 10344000000, "incomeBeforeTaxRatio": 0.0659765408, "incomeTaxExpense": -1090000000, "netIncome": 11025000000, "netIncomeRatio": 0.070320124, "eps": 8.08, "epsdiluted": 8.08, "weightedAverageShsOut": 1326750000, "weightedAverageShsOutDil": 1326875000, "link": "https://www.sec.gov/Archives/edgar/data/40545/000004054510000010/0000040545-10-000010-index.htm", "finalLink": "https://www.sec.gov/Archives/edgar/data/40545/000004054510000010/frm10k.htm", "calculatedOtherExpenses": 10928000000, "calculatedOperatingExpenses": 13945000000, "calculatedNetInterest": -18769000000, "calculatedOtherIncome": 0, "calculatedIncomeNonControlling": 409000000, "calculatedEbitda": 39749000000}, {"date": "2008-12-31", "symbol": "GE", "reportedCurrency": "USD", "cik": "0000040545", "fillingDate": "2009-02-18", "acceptedDate": "2009-02-18 06:35:13", "calendarYear": "2008", "period": "FY", "revenue": 182515000000, "costOfRevenue": 125793000000, "grossProfit": 56722000000, "grossProfitRatio": 0.3107799359, "researchAndDevelopmentExpenses": 0, "generalAndAdministrativeExpenses": 45234000000, "sellingAndMarketingExpenses": 0, "sellingGeneralAndAdministrativeExpenses": 45234000000, "otherExpenses": 7518000000, "operatingExpenses": 11372000000, "costAndExpenses": 137165000000, "interestIncome": 0, "interestExpense": 26209000000, "depreciationAndAmortization": 11492000000, "ebitda": 45350000000, "ebitdaratio": 0.2484727283, "operatingIncome": 45991000000, "operatingIncomeRatio": 0.2519847684, "totalOtherIncomeExpensesNet": -641000000, "incomeBeforeTax": 19141000000, "incomeBeforeTaxRatio": 0.104873572, "incomeTaxExpense": 1052000000, "netIncome": 17410000000, "netIncomeRatio": 0.09538942, "eps": 13.76, "epsdiluted": 13.76, "weightedAverageShsOut": 1260000000, "weightedAverageShsOutDil": 1262250000, "link": "https://www.sec.gov/Archives/edgar/data/40545/000004054509000012/0000040545-09-000012-index.htm", "finalLink": "https://www.sec.gov/Archives/edgar/data/40545/000004054509000012/frm10k.htm", "calculatedOtherExpenses": -34503000000, "calculatedOperatingExpenses": 10731000000, "calculatedNetInterest": -26209000000, "calculatedOtherIncome": -641000000, "calculatedIncomeNonControlling": 679000000, "calculatedEbitda": 57483000000}, {"date": "2007-12-31", "symbol": "GE", "reportedCurrency": "USD", "cik": "0000040545", "fillingDate": "2008-02-20", "acceptedDate": "2008-02-20 08:54:26", "calendarYear": "2007", "period": "FY", "revenue": 172738000000, "costOfRevenue": 73125000000, "grossProfit": 99613000000, "grossProfitRatio": 0.5766710278, "researchAndDevelopmentExpenses": 0, "generalAndAdministrativeExpenses": 43766000000, "sellingAndMarketingExpenses": 0, "sellingGeneralAndAdministrativeExpenses": 43766000000, "otherExpenses": 4546000000, "operatingExpenses": 48312000000, "costAndExpenses": 121437000000, "interestIncome": 0, "interestExpense": 23787000000, "depreciationAndAmortization": 10278000000, "ebitda": 61579000000, "ebitdaratio": 0.3564878602, "operatingIncome": 51301000000, "operatingIncomeRatio": 0.296987345, "totalOtherIncomeExpensesNet": -916000000, "incomeBeforeTax": 26598000000, "incomeBeforeTaxRatio": 0.1539788582, "incomeTaxExpense": 4130000000, "netIncome": 22208000000, "netIncomeRatio": 0.128564647, "eps": 17.44, "epsdiluted": 17.36, "weightedAverageShsOut": 1272750000, "weightedAverageShsOutDil": 1277250000, "link": "https://www.sec.gov/Archives/edgar/data/40545/000004054508000011/0000040545-08-000011-index.htm", "finalLink": "https://www.sec.gov/Archives/edgar/data/40545/000004054508000011/frm10k.htm", "calculatedOtherExpenses": 4546000000, "calculatedOperatingExpenses": 48312000000, "calculatedNetInterest": -23787000000, "calculatedOtherIncome": -916000000, "calculatedIncomeNonControlling": 260000000, "calculatedEbitda": 61579000000}, {"date": "2006-12-31", "symbol": "GE", "reportedCurrency": "USD", "cik": "0000040545", "fillingDate": "2007-02-27", "acceptedDate": "2007-02-27 09:11:09", "calendarYear": "2006", "period": "FY", "revenue": 163391000000, "costOfRevenue": 74110000000, "grossProfit": 89281000000, "grossProfitRatio": 0.5464254457, "researchAndDevelopmentExpenses": 0, "generalAndAdministrativeExpenses": 40628000000, "sellingAndMarketingExpenses": 0, "sellingGeneralAndAdministrativeExpenses": 40628000000, "otherExpenses": 3839000000, "operatingExpenses": 44467000000, "costAndExpenses": 118577000000, "interestIncome": 0, "interestExpense": 19286000000, "depreciationAndAmortization": 9158000000, "ebitda": 53972000000, "ebitdaratio": 0.3303241917, "operatingIncome": 44814000000, "operatingIncomeRatio": 0.2742745928, "totalOtherIncomeExpensesNet": -908000000, "incomeBeforeTax": 24620000000, "incomeBeforeTaxRatio": 0.1506814941, "incomeTaxExpense": 3954000000, "netIncome": 20829000000, "netIncomeRatio": 0.1274794817, "eps": 16, "epsdiluted": 16, "weightedAverageShsOut": 1294875000, "weightedAverageShsOutDil": 1299250000, "link": "https://www.sec.gov/Archives/edgar/data/40545/000004054507000017/0000040545-07-000017-index.htm", "finalLink": "https://www.sec.gov/Archives/edgar/data/40545/000004054507000017/frm10k.htm", "calculatedOtherExpenses": 3839000000, "calculatedOperatingExpenses": 44467000000, "calculatedNetInterest": -19286000000, "calculatedOtherIncome": -908000000, "calculatedIncomeNonControlling": -163000000, "calculatedEbitda": 53972000000}, {"date": "2005-12-31", "symbol": "GE", "reportedCurrency": "USD", "cik": "0000040545", "fillingDate": "2006-03-03", "acceptedDate": "2006-03-03 08:10:03", "calendarYear": "2005", "period": "FY", "revenue": 149702000000, "costOfRevenue": 66814000000, "grossProfit": 82888000000, "grossProfitRatio": 0.5536866575, "researchAndDevelopmentExpenses": 0, "generalAndAdministrativeExpenses": 40745000000, "sellingAndMarketingExpenses": 0, "sellingGeneralAndAdministrativeExpenses": 40745000000, "otherExpenses": 3841000000, "operatingExpenses": 44586000000, "costAndExpenses": 111400000000, "interestIncome": 0, "interestExpense": 15187000000, "depreciationAndAmortization": 8538000000, "ebitda": 46840000000, "ebitdaratio": 0.3128882714, "operatingIncome": 38302000000, "operatingIncomeRatio": 0.2558549652, "totalOtherIncomeExpensesNet": -986000000, "incomeBeforeTax": 22129000000, "incomeBeforeTaxRatio": 0.1478203364, "incomeTaxExpense": 3854000000, "netIncome": 16353000000, "netIncomeRatio": 0.1092370175, "eps": 12.64, "epsdiluted": 12.56, "weightedAverageShsOut": 1321250000, "weightedAverageShsOutDil": 1326375000, "link": "https://www.sec.gov/Archives/edgar/data/40545/000004054506000009/0000040545-06-000009-index.htm", "finalLink": "https://www.sec.gov/Archives/edgar/data/40545/000004054506000009/frm10k.htm", "calculatedOtherExpenses": 3841000000, "calculatedOperatingExpenses": 44586000000, "calculatedNetInterest": -15187000000, "calculatedOtherIncome": -986000000, "calculatedIncomeNonControlling": 1922000000, "calculatedEbitda": 46840000000}, {"date": "2004-12-31", "symbol": "GE", "reportedCurrency": "USD", "cik": "0000040545", "fillingDate": "2005-03-01", "acceptedDate": "2005-03-01 10:37:34", "calendarYear": "2004", "period": "FY", "revenue": 152363000000, "costOfRevenue": 61759000000, "grossProfit": 90604000000, "grossProfitRatio": 0.5946588082, "researchAndDevelopmentExpenses": 0, "generalAndAdministrativeExpenses": 53775000000, "sellingAndMarketingExpenses": 0, "sellingGeneralAndAdministrativeExpenses": 53775000000, "otherExpenses": 3888000000, "operatingExpenses": 57663000000, "costAndExpenses": 119422000000, "interestIncome": 0, "interestExpense": 11907000000, "depreciationAndAmortization": 8385000000, "ebitda": 41326000000, "ebitdaratio": 0.2712338297, "operatingIncome": 32941000000, "operatingIncomeRatio": 0.2162007837, "totalOtherIncomeExpensesNet": -928000000, "incomeBeforeTax": 20106000000, "incomeBeforeTaxRatio": 0.1319611717, "incomeTaxExpense": 3513000000, "netIncome": 16593000000, "netIncomeRatio": 0.1089043928, "eps": 13.2, "epsdiluted": 13.12, "weightedAverageShsOut": 1300000000, "weightedAverageShsOutDil": 1305625000, "link": "https://www.sec.gov/Archives/edgar/data/40545/000004054505000020/0000040545-05-000020-index.htm", "finalLink": "https://www.sec.gov/Archives/edgar/data/40545/000004054505000020/gefrm10k.htm", "calculatedOtherExpenses": 3888000000, "calculatedOperatingExpenses": 57663000000, "calculatedNetInterest": -11907000000, "calculatedOtherIncome": -928000000, "calculatedIncomeNonControlling": 0, "calculatedEbitda": 41326000000}, {"date": "2003-12-31", "symbol": "GE", "reportedCurrency": "USD", "cik": "0000040545", "fillingDate": "2004-03-01", "acceptedDate": "2004-03-01 17:20:34", "calendarYear": "2003", "period": "FY", "revenue": 134187000000, "costOfRevenue": 51206000000, "grossProfit": 82981000000, "grossProfitRatio": 0.6183982055, "researchAndDevelopmentExpenses": 0, "generalAndAdministrativeExpenses": 48096000000, "sellingAndMarketingExpenses": 0, "sellingGeneralAndAdministrativeExpenses": 48096000000, "otherExpenses": 3752000000, "operatingExpenses": 51848000000, "costAndExpenses": 103054000000, "interestIncome": 0, "interestExpense": 10432000000, "depreciationAndAmortization": 6956000000, "ebitda": 38089000000, "ebitdaratio": 0.2838501494, "operatingIncome": 31133000000, "operatingIncomeRatio": 0.2320120429, "totalOtherIncomeExpensesNet": -797000000, "incomeBeforeTax": 19904000000, "incomeBeforeTaxRatio": 0.1483303152, "incomeTaxExpense": 4315000000, "netIncome": 15002000000, "netIncomeRatio": 0.1117992056, "eps": 12.16, "epsdiluted": 12.08, "weightedAverageShsOut": 1252375000, "weightedAverageShsOutDil": 1259375000, "link": "https://www.sec.gov/Archives/edgar/data/40545/000004054504000013/0000040545-04-000013-index.htm", "finalLink": "https://www.sec.gov/Archives/edgar/data/40545/000004054504000013/frm10k.htm", "calculatedOtherExpenses": 3752000000, "calculatedOperatingExpenses": 51848000000, "calculatedNetInterest": -10432000000, "calculatedOtherIncome": -797000000, "calculatedIncomeNonControlling": 587000000, "calculatedEbitda": 38089000000}, {"date": "2002-12-31", "symbol": "GE", "reportedCurrency": "USD", "cik": "0000040545", "fillingDate": "2003-03-07", "acceptedDate": "2003-03-07 13:21:47", "calendarYear": "2002", "period": "FY", "revenue": 131698000000, "costOfRevenue": 52856000000, "grossProfit": 78842000000, "grossProfitRatio": 0.5986575347, "researchAndDevelopmentExpenses": 0, "generalAndAdministrativeExpenses": 46322000000, "sellingAndMarketingExpenses": 0, "sellingGeneralAndAdministrativeExpenses": 46322000000, "otherExpenses": 3087000000, "operatingExpenses": 49409000000, "costAndExpenses": 102265000000, "interestIncome": 0, "interestExpense": 10216000000, "depreciationAndAmortization": 5998000000, "ebitda": 35431000000, "ebitdaratio": 0.2690321797, "operatingIncome": 29433000000, "operatingIncomeRatio": 0.2234885875, "totalOtherIncomeExpensesNet": -326000000, "incomeBeforeTax": 18891000000, "incomeBeforeTaxRatio": 0.1434418138, "incomeTaxExpense": 3758000000, "netIncome": 14118000000, "netIncomeRatio": 0.1071998056, "eps": 11.36, "epsdiluted": 11.28, "weightedAverageShsOut": 1655180800, "weightedAverageShsOutDil": 1668659200, "link": "https://www.sec.gov/Archives/edgar/data/40545/000004054503000016/0000040545-03-000016-index.htm", "finalLink": "https://www.sec.gov/Archives/edgar/data/40545/000004054503000016/frm10k.htm", "calculatedOtherExpenses": 3087000000, "calculatedOperatingExpenses": 49409000000, "calculatedNetInterest": -10216000000, "calculatedOtherIncome": -326000000, "calculatedIncomeNonControlling": 1015000000, "calculatedEbitda": 35431000000}, {"date": "2001-12-31", "symbol": "GE", "reportedCurrency": "USD", "cik": "0000040545", "fillingDate": "2002-03-08", "acceptedDate": "2002-03-08 00:00:00", "calendarYear": "2001", "period": "FY", "revenue": 125913000000, "costOfRevenue": 49097000000, "grossProfit": 76816000000, "grossProfitRatio": 0.6100720339, "researchAndDevelopmentExpenses": 0, "generalAndAdministrativeExpenses": 43224000000, "sellingAndMarketingExpenses": 0, "sellingGeneralAndAdministrativeExpenses": 43224000000, "otherExpenses": 2481000000, "operatingExpenses": 45705000000, "costAndExpenses": 94802000000, "interestIncome": 0, "interestExpense": 11062000000, "depreciationAndAmortization": 7089000000, "ebitda": 38200000000, "ebitdaratio": 0.3033840827, "operatingIncome": 31111000000, "operatingIncomeRatio": 0.2470833036, "totalOtherIncomeExpensesNet": -348000000, "incomeBeforeTax": 19701000000, "incomeBeforeTaxRatio": 0.1564651783, "incomeTaxExpense": 5573000000, "netIncome": 13684000000, "netIncomeRatio": 0.1086782143, "eps": 11.04, "epsdiluted": 10.96, "weightedAverageShsOut": 1652684800, "weightedAverageShsOutDil": 1672652800, "link": "https://www.sec.gov/Archives/edgar/data/40545/000004054502000012/0000040545-02-000012-index.htm", "finalLink": "https://www.sec.gov/Archives/edgar/data/40545/000004054502000012/f10k.txt", "calculatedOtherExpenses": 2481000000, "calculatedOperatingExpenses": 45705000000, "calculatedNetInterest": -11062000000, "calculatedOtherIncome": -348000000, "calculatedIncomeNonControlling": 444000000, "calculatedEbitda": 38200000000}, {"date": "2000-12-31", "symbol": "GE", "reportedCurrency": "USD", "cik": "0000040545", "fillingDate": "2001-03-23", "acceptedDate": "2001-03-23 00:00:00", "calendarYear": "2000", "period": "FY", "revenue": 129853000000, "costOfRevenue": 51823000000, "grossProfit": 78030000000, "grossProfitRatio": 0.6009102601, "researchAndDevelopmentExpenses": 0, "generalAndAdministrativeExpenses": 45392000000, "sellingAndMarketingExpenses": 0, "sellingGeneralAndAdministrativeExpenses": 45392000000, "otherExpenses": 2045000000, "operatingExpenses": 47437000000, "costAndExpenses": 99260000000, "interestIncome": 0, "interestExpense": 11720000000, "depreciationAndAmortization": 7736000000, "ebitda": 38329000000, "ebitdaratio": 0.2951722332, "operatingIncome": 30593000000, "operatingIncomeRatio": 0.2355971753, "totalOtherIncomeExpensesNet": -427000000, "incomeBeforeTax": 18446000000, "incomeBeforeTaxRatio": 0.1420529368, "incomeTaxExpense": 5711000000, "netIncome": 12735000000, "netIncomeRatio": 0.0980724358, "eps": 10.32, "epsdiluted": 10.16, "weightedAverageShsOut": 1646860800, "weightedAverageShsOutDil": 1673484800, "link": "https://www.sec.gov/Archives/edgar/data/40545/000004054501500023/0000040545-01-500023-index.htm", "finalLink": "https://www.sec.gov/Archives/edgar/data/40545/000004054501500023/f10k2000.htm", "calculatedOtherExpenses": 2045000000, "calculatedOperatingExpenses": 47437000000, "calculatedNetInterest": -11720000000, "calculatedOtherIncome": -427000000, "calculatedIncomeNonControlling": 0, "calculatedEbitda": 38329000000}, {"date": "1999-12-31", "symbol": "GE", "reportedCurrency": "USD", "cik": "0000040545", "fillingDate": "2000-03-17", "acceptedDate": "2000-03-17 00:00:00", "calendarYear": "1999", "period": "FY", "revenue": 110832000000, "costOfRevenue": 39267000000, "grossProfit": 71565000000, "grossProfitRatio": 0.645707016, "researchAndDevelopmentExpenses": 0, "generalAndAdministrativeExpenses": 0, "sellingAndMarketingExpenses": 0, "sellingGeneralAndAdministrativeExpenses": 39717000000, "otherExpenses": 6691000000, "operatingExpenses": 46408000000, "costAndExpenses": 85675000000, "interestIncome": 0, "interestExpense": 0, "depreciationAndAmortization": 6691000000, "ebitda": 31050000000, "ebitdaratio": 0.2801537462, "operatingIncome": 25157000000, "operatingIncomeRatio": 0.2269831818, "totalOtherIncomeExpensesNet": 798000000, "incomeBeforeTax": 15577000000, "incomeBeforeTaxRatio": 0.1405460517, "incomeTaxExpense": 4860000000, "netIncome": 10717000000, "netIncomeRatio": 0.0966959001, "eps": 8.72, "epsdiluted": 8.56, "weightedAverageShsOut": 1229125000, "weightedAverageShsOutDil": 1249500000, "link": "https://www.sec.gov/Archives/edgar/data/40545/000004054500000023/0000040545-00-000023-index.htm", "finalLink": "https://www.sec.gov/Archives/edgar/data/40545/000004054500000023/0000040545-00-000023-d1.html", "calculatedOtherExpenses": 6691000000, "calculatedOperatingExpenses": 46408000000, "calculatedNetInterest": 0, "calculatedOtherIncome": -9580000000, "calculatedIncomeNonControlling": 0, "calculatedEbitda": 31848000000}, {"date": "1998-12-31", "symbol": "GE", "reportedCurrency": "USD", "cik": "0000040545", "fillingDate": "1999-03-25", "acceptedDate": "1999-03-25 00:00:00", "calendarYear": "1998", "period": "FY", "revenue": 99820000000, "costOfRevenue": 36420000000, "grossProfit": 63400000000, "grossProfitRatio": 0.6351432579, "researchAndDevelopmentExpenses": 0, "generalAndAdministrativeExpenses": 0, "sellingAndMarketingExpenses": 0, "sellingGeneralAndAdministrativeExpenses": 34694000000, "otherExpenses": 5860000000, "operatingExpenses": 40554000000, "costAndExpenses": 76974000000, "interestIncome": 0, "interestExpense": 0, "depreciationAndAmortization": 5860000000, "ebitda": 28057000000, "ebitdaratio": 0.2810759367, "operatingIncome": 22846000000, "operatingIncomeRatio": 0.2288719695, "totalOtherIncomeExpensesNet": 649000000, "incomeBeforeTax": 13477000000, "incomeBeforeTaxRatio": 0.1350130234, "incomeTaxExpense": 4181000000, "netIncome": 9296000000, "netIncomeRatio": 0.0931276297, "eps": 7.6, "epsdiluted": 7.44, "weightedAverageShsOut": 1225875000, "weightedAverageShsOutDil": 1248750000, "link": "https://www.sec.gov/Archives/edgar/data/40545/000004054599000007/0000040545-99-000007-index.htm", "finalLink": "https://www.sec.gov/Archives/edgar/data/40545/000004054599000007/", "calculatedOtherExpenses": 5860000000, "calculatedOperatingExpenses": 40554000000, "calculatedNetInterest": 0, "calculatedOtherIncome": -9369000000, "calculatedIncomeNonControlling": 0, "calculatedEbitda": 28706000000}, {"date": "1997-12-31", "symbol": "GE", "reportedCurrency": "USD", "cik": "0000040545", "fillingDate": "1998-03-27", "acceptedDate": "1998-03-27 00:00:00", "calendarYear": "1997", "period": "FY", "revenue": 88540000000, "costOfRevenue": 36006000000, "grossProfit": 52534000000, "grossProfitRatio": 0.5933363452, "researchAndDevelopmentExpenses": 0, "generalAndAdministrativeExpenses": 0, "sellingAndMarketingExpenses": 0, "sellingGeneralAndAdministrativeExpenses": 30949000000, "otherExpenses": 4082000000, "operatingExpenses": 35031000000, "costAndExpenses": 71037000000, "interestIncome": 0, "interestExpense": 0, "depreciationAndAmortization": 4082000000, "ebitda": 19285000000, "ebitdaratio": 0.2178111588, "operatingIncome": 17503000000, "operatingIncomeRatio": 0.1976846623, "totalOtherIncomeExpensesNet": 2300000000, "incomeBeforeTax": 11179000000, "incomeBeforeTaxRatio": 0.1262593178, "incomeTaxExpense": 2976000000, "netIncome": 8203000000, "netIncomeRatio": 0.092647391, "eps": 6.67, "epsdiluted": 6.56, "weightedAverageShsOut": 1228125000, "weightedAverageShsOutDil": 1254375000, "link": "https://www.sec.gov/Archives/edgar/data/40545/000004054598000013/0000040545-98-000013-index.htm", "finalLink": "https://www.sec.gov/Archives/edgar/data/40545/000004054598000013/", "calculatedOtherExpenses": 4082000000, "calculatedOperatingExpenses": 35031000000, "calculatedNetInterest": 0, "calculatedOtherIncome": -6324000000, "calculatedIncomeNonControlling": 0, "calculatedEbitda": 21585000000}, {"date": "1996-12-31", "symbol": "GE", "reportedCurrency": "USD", "cik": "0000040545", "fillingDate": "1997-03-21", "acceptedDate": "1997-03-21 00:00:00", "calendarYear": "1996", "period": "FY", "revenue": 78541000000, "costOfRevenue": 29086000000, "grossProfit": 49455000000, "grossProfitRatio": 0.6296711272, "researchAndDevelopmentExpenses": 0, "generalAndAdministrativeExpenses": 0, "sellingAndMarketingExpenses": 0, "sellingGeneralAndAdministrativeExpenses": 27329000000, "otherExpenses": 3785000000, "operatingExpenses": 31114000000, "costAndExpenses": 60200000000, "interestIncome": 0, "interestExpense": 0, "depreciationAndAmortization": 3785000000, "ebitda": 21488000000, "ebitdaratio": 0.2735895902, "operatingIncome": 18341000000, "operatingIncomeRatio": 0.2335213455, "totalOtherIncomeExpensesNet": 638000000, "incomeBeforeTax": 10806000000, "incomeBeforeTaxRatio": 0.1375841917, "incomeTaxExpense": 3526000000, "netIncome": 7280000000, "netIncomeRatio": 0.0926904419, "eps": 5.87, "epsdiluted": 5.76, "weightedAverageShsOut": 1264125000, "weightedAverageShsOutDil": 1264125000, "link": "https://www.sec.gov/Archives/edgar/data/40545/000004054597000005/0000040545-97-000005-index.htm", "finalLink": "https://www.sec.gov/Archives/edgar/data/40545/000004054597000005/", "calculatedOtherExpenses": 3785000000, "calculatedOperatingExpenses": 31114000000, "calculatedNetInterest": 0, "calculatedOtherIncome": -7535000000, "calculatedIncomeNonControlling": 0, "calculatedEbitda": 22126000000}, {"date": "1995-12-31", "symbol": "GE", "reportedCurrency": "USD", "cik": "0000040545", "fillingDate": "1996-03-20", "acceptedDate": "1996-03-20 00:00:00", "calendarYear": "1995", "period": "FY", "revenue": 69276000000, "costOfRevenue": 27376000000, "grossProfit": 41900000000, "grossProfitRatio": 0.6048270685, "researchAndDevelopmentExpenses": 0, "generalAndAdministrativeExpenses": 0, "sellingAndMarketingExpenses": 0, "sellingGeneralAndAdministrativeExpenses": 21831000000, "otherExpenses": 3594000000, "operatingExpenses": 25425000000, "costAndExpenses": 52801000000, "interestIncome": 0, "interestExpense": 0, "depreciationAndAmortization": 3594000000, "ebitda": 19317000000, "ebitdaratio": 0.2788411571, "operatingIncome": 16475000000, "operatingIncomeRatio": 0.2378168485, "totalOtherIncomeExpensesNet": 752000000, "incomeBeforeTax": 9737000000, "incomeBeforeTaxRatio": 0.1405537271, "incomeTaxExpense": 3164000000, "netIncome": 6573000000, "netIncomeRatio": 0.0948813442, "eps": 5.2, "epsdiluted": 5.2, "weightedAverageShsOut": 1262859000, "weightedAverageShsOutDil": 1262859000, "link": "https://www.sec.gov/Archives/edgar/data/40545/000004054596000007/0000040545-96-000007-index.html", "finalLink": "https://www.sec.gov/Archives/edgar/data/40545/", "calculatedOtherExpenses": 3594000000, "calculatedOperatingExpenses": 25425000000, "calculatedNetInterest": 0, "calculatedOtherIncome": -6738000000, "calculatedIncomeNonControlling": 0, "calculatedEbitda": 20069000000}, {"date": "1994-12-31", "symbol": "GE", "reportedCurrency": "USD", "cik": "0000040545", "fillingDate": "1995-03-24", "acceptedDate": "1995-03-24 00:00:00", "calendarYear": "1994", "period": "FY", "revenue": 59316000000, "costOfRevenue": 25755000000, "grossProfit": 33561000000, "grossProfitRatio": 0.5658001214, "researchAndDevelopmentExpenses": 0, "generalAndAdministrativeExpenses": 0, "sellingAndMarketingExpenses": 0, "sellingGeneralAndAdministrativeExpenses": 17367000000, "otherExpenses": 3207000000, "operatingExpenses": 20574000000, "costAndExpenses": 46329000000, "interestIncome": 0, "interestExpense": 0, "depreciationAndAmortization": 3207000000, "ebitda": 15401000000, "ebitdaratio": 0.2596432666, "operatingIncome": 12987000000, "operatingIncomeRatio": 0.2189459842, "totalOtherIncomeExpensesNet": 793000000, "incomeBeforeTax": 8661000000, "incomeBeforeTaxRatio": 0.1460145661, "incomeTaxExpense": 2746000000, "netIncome": 4726000000, "netIncomeRatio": 0.0796749612, "eps": 3.69, "epsdiluted": 3.69, "weightedAverageShsOut": 1281553500, "weightedAverageShsOutDil": 1281553500, "link": "https://www.sec.gov/Archives/edgar/data/40545/000004054595000004/0000040545-95-000004-index.html", "finalLink": "https://www.sec.gov/Archives/edgar/data/40545/", "calculatedOtherExpenses": 3207000000, "calculatedOperatingExpenses": 20574000000, "calculatedNetInterest": 0, "calculatedOtherIncome": -4326000000, "calculatedIncomeNonControlling": 1189000000, "calculatedEbitda": 16194000000}, {"date": "1993-12-31", "symbol": "GE", "reportedCurrency": "USD", "cik": "0000040545", "fillingDate": "1994-03-11", "acceptedDate": "1994-03-11 00:00:00", "calendarYear": "1993", "period": "FY", "revenue": 59827000000, "costOfRevenue": 39427000000, "grossProfit": 20400000000, "grossProfitRatio": 0.3409831681, "researchAndDevelopmentExpenses": 0, "generalAndAdministrativeExpenses": 0, "sellingAndMarketingExpenses": 0, "sellingGeneralAndAdministrativeExpenses": 4159000000, "otherExpenses": 3261000000, "operatingExpenses": 7420000000, "costAndExpenses": 46847000000, "interestIncome": 0, "interestExpense": 0, "depreciationAndAmortization": 3261000000, "ebitda": 15506000000, "ebitdaratio": 0.2591806375, "operatingIncome": 12980000000, "operatingIncomeRatio": 0.2169588982, "totalOtherIncomeExpensesNet": 735000000, "incomeBeforeTax": 6575000000, "incomeBeforeTaxRatio": 0.1099002123, "incomeTaxExpense": 2151000000, "netIncome": 4315000000, "netIncomeRatio": 0.072124626, "eps": 3.36, "epsdiluted": 3.36, "weightedAverageShsOut": 1280984250, "weightedAverageShsOutDil": 1313888889, "link": "https://www.sec.gov/Archives/edgar/data/40545/000004054594000003/0000040545-94-000003-index.html", "finalLink": "https://www.sec.gov/Archives/edgar/data/40545/", "calculatedOtherExpenses": 3261000000, "calculatedOperatingExpenses": 7420000000, "calculatedNetInterest": 0, "calculatedOtherIncome": -6405000000, "calculatedIncomeNonControlling": 109000000, "calculatedEbitda": 16241000000}, {"date": "1992-12-31", "symbol": "GE", "reportedCurrency": "USD", "cik": "0000040545", "fillingDate": "1992-12-31", "acceptedDate": "1992-12-30 19:00:00", "calendarYear": "1992", "period": "FY", "revenue": 56274000000, "costOfRevenue": 25562000000, "grossProfit": 30712000000, "grossProfitRatio": 0.5457582543, "researchAndDevelopmentExpenses": 0, "generalAndAdministrativeExpenses": 0, "sellingAndMarketingExpenses": 0, "sellingGeneralAndAdministrativeExpenses": 15507000000, "otherExpenses": 2818000000, "operatingExpenses": 18325000000, "costAndExpenses": 43887000000, "interestIncome": 0, "interestExpense": 0, "depreciationAndAmortization": 2818000000, "ebitda": 14406000000, "ebitdaratio": 0.2559974411, "operatingIncome": 12387000000, "operatingIncomeRatio": 0.2201194157, "totalOtherIncomeExpensesNet": 799000000, "incomeBeforeTax": 6273000000, "incomeBeforeTaxRatio": 0.1114724384, "incomeTaxExpense": 1968000000, "netIncome": 4725000000, "netIncomeRatio": 0.0839641753, "eps": 3.68, "epsdiluted": 3.68, "weightedAverageShsOut": 1283967391, "weightedAverageShsOutDil": 1283967391, "link": "", "finalLink": "", "calculatedOtherExpenses": 2818000000, "calculatedOperatingExpenses": 18325000000, "calculatedNetInterest": 0, "calculatedOtherIncome": -6114000000, "calculatedIncomeNonControlling": -420000000, "calculatedEbitda": 15205000000}, {"date": "1991-12-31", "symbol": "GE", "reportedCurrency": "USD", "cik": "0000040545", "fillingDate": "1991-12-31", "acceptedDate": "1991-12-30 19:00:00", "calendarYear": "1991", "period": "FY", "revenue": 59379000000, "costOfRevenue": 29740000000, "grossProfit": 29639000000, "grossProfitRatio": 0.499149531, "researchAndDevelopmentExpenses": 0, "generalAndAdministrativeExpenses": 0, "sellingAndMarketingExpenses": 0, "sellingGeneralAndAdministrativeExpenses": 13752000000, "otherExpenses": 2832000000, "operatingExpenses": 16584000000, "costAndExpenses": 46324000000, "interestIncome": 0, "interestExpense": 0, "depreciationAndAmortization": 2832000000, "ebitda": 15030000000, "ebitdaratio": 0.2531197898, "operatingIncome": 13055000000, "operatingIncomeRatio": 0.2198588727, "totalOtherIncomeExpensesNet": 857000000, "incomeBeforeTax": 6436000000, "incomeBeforeTaxRatio": 0.1083884875, "incomeTaxExpense": 2001000000, "netIncome": 2636000000, "netIncomeRatio": 0.0443927988, "eps": 2.08, "epsdiluted": 2.08, "weightedAverageShsOut": 1267307692, "weightedAverageShsOutDil": 1267307692, "link": "", "finalLink": "", "calculatedOtherExpenses": 2832000000, "calculatedOperatingExpenses": 16584000000, "calculatedNetInterest": 0, "calculatedOtherIncome": -6619000000, "calculatedIncomeNonControlling": 1799000000, "calculatedEbitda": 15887000000}, {"date": "1990-12-31", "symbol": "GE", "reportedCurrency": "USD", "cik": "0000040545", "fillingDate": "1990-12-31", "acceptedDate": "1990-12-30 19:00:00", "calendarYear": "1990", "period": "FY", "revenue": 57662000000, "costOfRevenue": 28876000000, "grossProfit": 28786000000, "grossProfitRatio": 0.49921959, "researchAndDevelopmentExpenses": 0, "generalAndAdministrativeExpenses": 0, "sellingAndMarketingExpenses": 0, "sellingGeneralAndAdministrativeExpenses": 13409000000, "otherExpenses": 2508000000, "operatingExpenses": 15917000000, "costAndExpenses": 44793000000, "interestIncome": 0, "interestExpense": 0, "depreciationAndAmortization": 2508000000, "ebitda": 14625000000, "ebitdaratio": 0.253633242, "operatingIncome": 12869000000, "operatingIncomeRatio": 0.2231799105, "totalOtherIncomeExpensesNet": 752000000, "incomeBeforeTax": 6147000000, "incomeBeforeTaxRatio": 0.1066040026, "incomeTaxExpense": 1844000000, "netIncome": 4303000000, "netIncomeRatio": 0.0746245361, "eps": 3.28, "epsdiluted": 3.28, "weightedAverageShsOut": 1311890244, "weightedAverageShsOutDil": 1311890244, "link": "", "finalLink": "", "calculatedOtherExpenses": 2508000000, "calculatedOperatingExpenses": 15917000000, "calculatedNetInterest": 0, "calculatedOtherIncome": -6722000000, "calculatedIncomeNonControlling": 0, "calculatedEbitda": 15377000000}, {"date": "1989-12-31", "symbol": "GE", "reportedCurrency": "USD", "cik": "0000040545", "fillingDate": "1989-12-31", "acceptedDate": "1989-12-30 19:00:00", "calendarYear": "1989", "period": "FY", "revenue": 53884000000, "costOfRevenue": 27444000000, "grossProfit": 26440000000, "grossProfitRatio": 0.4906836909, "researchAndDevelopmentExpenses": 0, "generalAndAdministrativeExpenses": 0, "sellingAndMarketingExpenses": 0, "sellingGeneralAndAdministrativeExpenses": 12496000000, "otherExpenses": 2256000000, "operatingExpenses": 14752000000, "costAndExpenses": 42196000000, "interestIncome": 0, "interestExpense": 0, "depreciationAndAmortization": 2256000000, "ebitda": 13254000000, "ebitdaratio": 0.2459728305, "operatingIncome": 11688000000, "operatingIncomeRatio": 0.2169104001, "totalOtherIncomeExpensesNet": 690000000, "incomeBeforeTax": 5703000000, "incomeBeforeTaxRatio": 0.1058384678, "incomeTaxExpense": 1764000000, "netIncome": 3939000000, "netIncomeRatio": 0.0731014772, "eps": 2.88, "epsdiluted": 2.88, "weightedAverageShsOut": 1367708333, "weightedAverageShsOutDil": 1367708333, "link": "", "finalLink": "", "calculatedOtherExpenses": 2256000000, "calculatedOperatingExpenses": 14752000000, "calculatedNetInterest": 0, "calculatedOtherIncome": -5985000000, "calculatedIncomeNonControlling": 0, "calculatedEbitda": 13944000000}, {"date": "1988-12-31", "symbol": "GE", "reportedCurrency": "USD", "cik": "0000040545", "fillingDate": "1988-12-31", "acceptedDate": "1988-12-30 19:00:00", "calendarYear": "1988", "period": "FY", "revenue": 38793000000, "costOfRevenue": 26565000000, "grossProfit": 12228000000, "grossProfitRatio": 0.3152115072, "researchAndDevelopmentExpenses": 0, "generalAndAdministrativeExpenses": 0, "sellingAndMarketingExpenses": 0, "sellingGeneralAndAdministrativeExpenses": 11659000000, "otherExpenses": 2266000000, "operatingExpenses": 13925000000, "costAndExpenses": 40490000000, "interestIncome": 0, "interestExpense": 0, "depreciationAndAmortization": 2266000000, "ebitda": -10727000000, "ebitdaratio": -0.2765189596, "operatingIncome": -1697000000, "operatingIncomeRatio": -0.0437450055, "totalOtherIncomeExpensesNet": 11296000000, "incomeBeforeTax": 4721000000, "incomeBeforeTaxRatio": 0.1216972134, "incomeTaxExpense": 1335000000, "netIncome": 3386000000, "netIncomeRatio": 0.0872837883, "eps": 2.48, "epsdiluted": 2.48, "weightedAverageShsOut": 1365322581, "weightedAverageShsOutDil": 1365322581, "link": "", "finalLink": "", "calculatedOtherExpenses": 2266000000, "calculatedOperatingExpenses": 13925000000, "calculatedNetInterest": 0, "calculatedOtherIncome": 6418000000, "calculatedIncomeNonControlling": 0, "calculatedEbitda": 569000000}, {"date": "1987-12-31", "symbol": "GE", "reportedCurrency": "USD", "cik": "0000040545", "fillingDate": "1987-12-31", "acceptedDate": "1987-12-30 19:00:00", "calendarYear": "1987", "period": "FY", "revenue": 39315000000, "costOfRevenue": 28113000000, "grossProfit": 11202000000, "grossProfitRatio": 0.2849294163, "researchAndDevelopmentExpenses": 0, "generalAndAdministrativeExpenses": 0, "sellingAndMarketingExpenses": 0, "sellingGeneralAndAdministrativeExpenses": 5979000000, "otherExpenses": 1544000000, "operatingExpenses": 7523000000, "costAndExpenses": 35636000000, "interestIncome": 0, "interestExpense": 0, "depreciationAndAmortization": 1544000000, "ebitda": 5050000000, "ebitdaratio": 0.1284497011, "operatingIncome": 3679000000, "operatingIncomeRatio": 0.0935775149, "totalOtherIncomeExpensesNet": 173000000, "incomeBeforeTax": 3207000000, "incomeBeforeTaxRatio": 0.0815719191, "incomeTaxExpense": 1088000000, "netIncome": 2119000000, "netIncomeRatio": 0.0538980033, "eps": 1.6, "epsdiluted": 1.6, "weightedAverageShsOut": 1324375000, "weightedAverageShsOutDil": 1324375000, "link": "", "finalLink": "", "calculatedOtherExpenses": 1544000000, "calculatedOperatingExpenses": 7523000000, "calculatedNetInterest": 0, "calculatedOtherIncome": -472000000, "calculatedIncomeNonControlling": 0, "calculatedEbitda": 5223000000}, {"date": "1986-12-31", "symbol": "GE", "reportedCurrency": "USD", "cik": "0000040545", "fillingDate": "1986-12-31", "acceptedDate": "1986-12-30 19:00:00", "calendarYear": "1986", "period": "FY", "revenue": 35210000000, "costOfRevenue": 24727000000, "grossProfit": 10483000000, "grossProfitRatio": 0.2977279182, "researchAndDevelopmentExpenses": 0, "generalAndAdministrativeExpenses": 0, "sellingAndMarketingExpenses": 0, "sellingGeneralAndAdministrativeExpenses": 5963000000, "otherExpenses": 1460000000, "operatingExpenses": 7423000000, "costAndExpenses": 32150000000, "interestIncome": 0, "interestExpense": 0, "depreciationAndAmortization": 1460000000, "ebitda": 3267000000, "ebitdaratio": 0.0927861403, "operatingIncome": 3060000000, "operatingIncomeRatio": 0.0869071287, "totalOtherIncomeExpensesNet": 1253000000, "incomeBeforeTax": 3692000000, "incomeBeforeTaxRatio": 0.1048565748, "incomeTaxExpense": 1200000000, "netIncome": 2492000000, "netIncomeRatio": 0.0707753479, "eps": 1.84, "epsdiluted": 1.84, "weightedAverageShsOut": 1354347826, "weightedAverageShsOutDil": 1354347826, "link": "", "finalLink": "", "calculatedOtherExpenses": 1460000000, "calculatedOperatingExpenses": 7423000000, "calculatedNetInterest": 0, "calculatedOtherIncome": 632000000, "calculatedIncomeNonControlling": 0, "calculatedEbitda": 4520000000}, {"date": "1985-12-31", "symbol": "GE", "reportedCurrency": "USD", "cik": "0000040545", "fillingDate": "1985-12-31", "acceptedDate": "1985-12-30 19:00:00", "calendarYear": "1985", "period": "FY", "revenue": 28285000000, "costOfRevenue": 19775000000, "grossProfit": 8510000000, "grossProfitRatio": 0.3008661835, "researchAndDevelopmentExpenses": 0, "generalAndAdministrativeExpenses": 0, "sellingAndMarketingExpenses": 0, "sellingGeneralAndAdministrativeExpenses": 4349000000, "otherExpenses": 1226000000, "operatingExpenses": 5575000000, "costAndExpenses": 25350000000, "interestIncome": 0, "interestExpense": 0, "depreciationAndAmortization": 1226000000, "ebitda": 3196000000, "ebitdaratio": 0.1129927523, "operatingIncome": 2935000000, "operatingIncomeRatio": 0.1037652466, "totalOtherIncomeExpensesNet": 965000000, "incomeBeforeTax": 3528000000, "incomeBeforeTaxRatio": 0.1247304225, "incomeTaxExpense": 1192000000, "netIncome": 2336000000, "netIncomeRatio": 0.0825879441, "eps": 1.76, "epsdiluted": 1.76, "weightedAverageShsOut": 1327272727, "weightedAverageShsOutDil": 1327272727, "link": "", "finalLink": "", "calculatedOtherExpenses": 1226000000, "calculatedOperatingExpenses": 5575000000, "calculatedNetInterest": 0, "calculatedOtherIncome": 593000000, "calculatedIncomeNonControlling": 0, "calculatedEbitda": 4161000000}]}