{"originalCurrency": "USD", "convertedCurrency": "USD", "report": [{"date": "2023-12-31", "symbol": "GERN", "reportedCurrency": "USD", "cik": "0000886744", "fillingDate": "2023-12-31", "acceptedDate": "2023-12-30 19:00:00", "calendarYear": "2023", "period": "FY", "revenue": 237000, "costOfRevenue": 1032999, "grossProfit": -795999, "grossProfitRatio": -3.3586455696, "researchAndDevelopmentExpenses": 125046000, "generalAndAdministrativeExpenses": 69135000, "sellingAndMarketingExpenses": -1033000, "sellingGeneralAndAdministrativeExpenses": 68102000, "otherExpenses": -23000, "operatingExpenses": 193148000, "costAndExpenses": 194181000, "interestIncome": 18152000, "interestExpense": 8311999, "depreciationAndAmortization": 1032999, "ebitda": -192911000, "ebitdaratio": -813.970464135, "operatingIncome": -193944000, "operatingIncomeRatio": -818.3291139241, "totalOtherIncomeExpensesNet": 9817000, "incomeBeforeTax": -184127000, "incomeBeforeTaxRatio": -776.9071729958, "incomeTaxExpense": 1, "netIncome": -184127000, "netIncomeRatio": -776.9071729958, "eps": -0.32, "epsdiluted": -0.32, "weightedAverageShsOut": 570645405, "weightedAverageShsOutDil": 570645405, "link": null, "finalLink": null, "calculatedOtherExpenses": 1, "calculatedOperatingExpenses": 193148001, "calculatedNetInterest": 9840001, "calculatedOtherIncome": -23001, "calculatedIncomeNonControlling": -1, "calculatedEbitda": -192911001}, {"date": "2022-12-31", "symbol": "GERN", "reportedCurrency": "USD", "cik": "0000886744", "fillingDate": "2023-03-16", "acceptedDate": "2023-03-16 16:02:52", "calendarYear": "2022", "period": "FY", "revenue": 596000, "costOfRevenue": 868000, "grossProfit": -272000, "grossProfitRatio": -0.4563758389, "researchAndDevelopmentExpenses": 95518000, "generalAndAdministrativeExpenses": 43628000, "sellingAndMarketingExpenses": 0, "sellingGeneralAndAdministrativeExpenses": 43628000, "otherExpenses": 1002000, "operatingExpenses": 139146000, "costAndExpenses": 139146000, "interestIncome": 2529000, "interestExpense": 6882000, "depreciationAndAmortization": 3531000, "ebitda": -135019000, "ebitdaratio": -226.5419463087, "operatingIncome": -138550000, "operatingIncomeRatio": -232.466442953, "totalOtherIncomeExpensesNet": -3351000, "incomeBeforeTax": -141901000, "incomeBeforeTaxRatio": -238.0889261745, "incomeTaxExpense": -868000, "netIncome": -141033000, "netIncomeRatio": -236.6325503356, "eps": -0.37, "epsdiluted": -0.37, "weightedAverageShsOut": 380784846, "weightedAverageShsOutDil": 380784846, "link": "https://www.sec.gov/Archives/edgar/data/886744/000095017023008437/0000950170-23-008437-index.htm", "finalLink": "https://www.sec.gov/Archives/edgar/data/886744/000095017023008437/gern-20221231.htm", "calculatedOtherExpenses": -868000, "calculatedOperatingExpenses": 138278000, "calculatedNetInterest": -4353000, "calculatedOtherIncome": 1002000, "calculatedIncomeNonControlling": 0, "calculatedEbitda": -135019000}, {"date": "2021-12-31", "symbol": "GERN", "reportedCurrency": "USD", "cik": "0000886744", "fillingDate": "2022-03-10", "acceptedDate": "2022-03-10 16:02:07", "calendarYear": "2021", "period": "FY", "revenue": 1393000, "costOfRevenue": 783000, "grossProfit": 610000, "grossProfitRatio": 0.4379038047, "researchAndDevelopmentExpenses": 85727000, "generalAndAdministrativeExpenses": 29665000, "sellingAndMarketingExpenses": 0, "sellingGeneralAndAdministrativeExpenses": 29665000, "otherExpenses": 1100000, "operatingExpenses": 115392000, "costAndExpenses": 115392000, "interestIncome": 527000, "interestExpense": 3740000, "depreciationAndAmortization": 2410000, "ebitda": -111589000, "ebitdaratio": -80.1069633884, "operatingIncome": -113999000, "operatingIncomeRatio": -81.8370423546, "totalOtherIncomeExpensesNet": -2113000, "incomeBeforeTax": -116112000, "incomeBeforeTaxRatio": -83.3539124192, "incomeTaxExpense": 4840000, "netIncome": -120952000, "netIncomeRatio": -86.8284278536, "eps": -0.37, "epsdiluted": -0.37, "weightedAverageShsOut": 327631814, "weightedAverageShsOutDil": 327631814, "link": "https://www.sec.gov/Archives/edgar/data/886744/000156459022009627/0001564590-22-009627-index.htm", "finalLink": "https://www.sec.gov/Archives/edgar/data/886744/000156459022009627/gern-10k_20211231.htm", "calculatedOtherExpenses": -783000, "calculatedOperatingExpenses": 114609000, "calculatedNetInterest": -3213000, "calculatedOtherIncome": 1100000, "calculatedIncomeNonControlling": 0, "calculatedEbitda": -111589000}, {"date": "2020-12-31", "symbol": "GERN", "reportedCurrency": "USD", "cik": "0000886744", "fillingDate": "2021-03-11", "acceptedDate": "2021-03-11 16:06:26", "calendarYear": "2020", "period": "FY", "revenue": 253000, "costOfRevenue": 50052000, "grossProfit": -49799000, "grossProfitRatio": -196.8339920949, "researchAndDevelopmentExpenses": 51488000, "generalAndAdministrativeExpenses": 25678000, "sellingAndMarketingExpenses": 0, "sellingGeneralAndAdministrativeExpenses": 25678000, "otherExpenses": 168000, "operatingExpenses": 77166000, "costAndExpenses": 77166000, "interestIncome": 1828000, "interestExpense": 760000, "depreciationAndAmortization": 1996000, "ebitda": -74917000, "ebitdaratio": -296.1146245059, "operatingIncome": -76913000, "operatingIncomeRatio": -304.0039525692, "totalOtherIncomeExpensesNet": 1296000, "incomeBeforeTax": -75617000, "incomeBeforeTaxRatio": -298.8814229249, "incomeTaxExpense": -7000, "netIncome": -75610000, "netIncomeRatio": -298.8537549407, "eps": -0.28, "epsdiluted": -0.28, "weightedAverageShsOut": 271460265, "weightedAverageShsOutDil": 271460265, "link": "https://www.sec.gov/Archives/edgar/data/886744/000156459021012493/0001564590-21-012493-index.htm", "finalLink": "https://www.sec.gov/Archives/edgar/data/886744/000156459021012493/gern-10k_20201231.htm", "calculatedOtherExpenses": -50052000, "calculatedOperatingExpenses": 27114000, "calculatedNetInterest": 1068000, "calculatedOtherIncome": 228000, "calculatedIncomeNonControlling": 0, "calculatedEbitda": -74917000}, {"date": "2019-12-31", "symbol": "GERN", "reportedCurrency": "USD", "cik": "0000886744", "fillingDate": "2020-03-12", "acceptedDate": "2020-03-12 16:05:10", "calendarYear": "2019", "period": "FY", "revenue": 460000, "costOfRevenue": 51272000, "grossProfit": -50812000, "grossProfitRatio": -110.4608695652, "researchAndDevelopmentExpenses": 52072000, "generalAndAdministrativeExpenses": 20893000, "sellingAndMarketingExpenses": 0, "sellingGeneralAndAdministrativeExpenses": 20893000, "otherExpenses": -69000, "operatingExpenses": 72965000, "costAndExpenses": 72965000, "interestIncome": 4221000, "interestExpense": 0, "depreciationAndAmortization": 776000, "ebitda": -72505000, "ebitdaratio": -157.6195652174, "operatingIncome": -72505000, "operatingIncomeRatio": -157.6195652174, "totalOtherIncomeExpensesNet": 3957000, "incomeBeforeTax": -68548000, "incomeBeforeTaxRatio": -149.0173913043, "incomeTaxExpense": -4997000, "netIncome": -63551000, "netIncomeRatio": -138.1543478261, "eps": -0.33, "epsdiluted": -0.33, "weightedAverageShsOut": 190160311, "weightedAverageShsOutDil": 190160311, "link": "https://www.sec.gov/Archives/edgar/data/886744/000156459020010449/0001564590-20-010449-index.htm", "finalLink": "https://www.sec.gov/Archives/edgar/data/886744/000156459020010449/gern-10k_20191231.htm", "calculatedOtherExpenses": -51272000, "calculatedOperatingExpenses": 21693000, "calculatedNetInterest": 4221000, "calculatedOtherIncome": -264000, "calculatedIncomeNonControlling": 0, "calculatedEbitda": -71729000}, {"date": "2018-12-31", "symbol": "GERN", "reportedCurrency": "USD", "cik": "0000886744", "fillingDate": "2019-03-07", "acceptedDate": "2019-03-07 16:02:19", "calendarYear": "2018", "period": "FY", "revenue": 1066000, "costOfRevenue": 12723000, "grossProfit": -11657000, "grossProfitRatio": -10.935272045, "researchAndDevelopmentExpenses": 13432000, "generalAndAdministrativeExpenses": 18707000, "sellingAndMarketingExpenses": 0, "sellingGeneralAndAdministrativeExpenses": 18707000, "otherExpenses": -154000, "operatingExpenses": 32139000, "costAndExpenses": 32139000, "interestIncome": 3291000, "interestExpense": 0, "depreciationAndAmortization": 59000, "ebitda": -32533000, "ebitdaratio": -30.5187617261, "operatingIncome": -31073000, "operatingIncomeRatio": -29.1491557223, "totalOtherIncomeExpensesNet": 765000, "incomeBeforeTax": -27017000, "incomeBeforeTaxRatio": -25.3442776735, "incomeTaxExpense": 4056000, "netIncome": -27017000, "netIncomeRatio": -25.3442776735, "eps": -0.15, "epsdiluted": -0.15, "weightedAverageShsOut": 176504996, "weightedAverageShsOutDil": 176504996, "link": "https://www.sec.gov/Archives/edgar/data/886744/000156459019006759/0001564590-19-006759-index.htm", "finalLink": "https://www.sec.gov/Archives/edgar/data/886744/000156459019006759/gern-10k_20181231.htm", "calculatedOtherExpenses": -12723000, "calculatedOperatingExpenses": 19416000, "calculatedNetInterest": 3291000, "calculatedOtherIncome": 765000, "calculatedIncomeNonControlling": -4056000, "calculatedEbitda": -31014000}, {"date": "2017-12-31", "symbol": "GERN", "reportedCurrency": "USD", "cik": "0000886744", "fillingDate": "2018-03-16", "acceptedDate": "2018-03-16 16:07:19", "calendarYear": "2017", "period": "FY", "revenue": 1065000, "costOfRevenue": 8437000, "grossProfit": -7372000, "grossProfitRatio": -6.9220657277, "researchAndDevelopmentExpenses": 11033000, "generalAndAdministrativeExpenses": 19287000, "sellingAndMarketingExpenses": 0, "sellingGeneralAndAdministrativeExpenses": 19287000, "otherExpenses": 0, "operatingExpenses": 30320000, "costAndExpenses": 30320000, "interestIncome": 1416000, "interestExpense": 77000, "depreciationAndAmortization": 76000, "ebitda": -27839000, "ebitdaratio": -26.1399061033, "operatingIncome": -29255000, "operatingIncomeRatio": -27.4694835681, "totalOtherIncomeExpensesNet": 1339000, "incomeBeforeTax": -27916000, "incomeBeforeTaxRatio": -26.2122065728, "incomeTaxExpense": 1340000, "netIncome": -27916000, "netIncomeRatio": -26.2122065728, "eps": -0.18, "epsdiluted": -0.18, "weightedAverageShsOut": 159224986, "weightedAverageShsOutDil": 159224986, "link": "https://www.sec.gov/Archives/edgar/data/886744/000156459018006051/0001564590-18-006051-index.htm", "finalLink": "https://www.sec.gov/Archives/edgar/data/886744/000156459018006051/gern-10k_20171231.htm", "calculatedOtherExpenses": -8437000, "calculatedOperatingExpenses": 21883000, "calculatedNetInterest": 1339000, "calculatedOtherIncome": 0, "calculatedIncomeNonControlling": -1340000, "calculatedEbitda": -29179000}, {"date": "2016-12-31", "symbol": "GERN", "reportedCurrency": "USD", "cik": "0000886744", "fillingDate": "2017-03-01", "acceptedDate": "2017-03-01 15:57:40", "calendarYear": "2016", "period": "FY", "revenue": 6162000, "costOfRevenue": 14695000, "grossProfit": -8533000, "grossProfitRatio": -1.3847776696, "researchAndDevelopmentExpenses": 18047000, "generalAndAdministrativeExpenses": 18761000, "sellingAndMarketingExpenses": 0, "sellingGeneralAndAdministrativeExpenses": 18761000, "otherExpenses": 0, "operatingExpenses": 36808000, "costAndExpenses": 36808000, "interestIncome": 1192000, "interestExpense": 83000, "depreciationAndAmortization": 81000, "ebitda": -29454000, "ebitdaratio": -4.7799415774, "operatingIncome": -30646000, "operatingIncomeRatio": -4.9733852645, "totalOtherIncomeExpensesNet": 1109000, "incomeBeforeTax": -29537000, "incomeBeforeTaxRatio": -4.7934112301, "incomeTaxExpense": 1111000, "netIncome": -29537000, "netIncomeRatio": -4.7934112301, "eps": -0.19, "epsdiluted": -0.19, "weightedAverageShsOut": 159045644, "weightedAverageShsOutDil": 159045644, "link": "https://www.sec.gov/Archives/edgar/data/886744/000104746917001123/0001047469-17-001123-index.htm", "finalLink": "https://www.sec.gov/Archives/edgar/data/886744/000104746917001123/a2230923z10-k.htm", "calculatedOtherExpenses": -14695000, "calculatedOperatingExpenses": 22113000, "calculatedNetInterest": 1109000, "calculatedOtherIncome": 0, "calculatedIncomeNonControlling": -1111000, "calculatedEbitda": -30565000}, {"date": "2015-12-31", "symbol": "GERN", "reportedCurrency": "USD", "cik": "0000886744", "fillingDate": "2016-03-10", "acceptedDate": "2016-03-10 16:32:06", "calendarYear": "2015", "period": "FY", "revenue": 36371000, "costOfRevenue": 9574000, "grossProfit": 26797000, "grossProfitRatio": 0.7367683044, "researchAndDevelopmentExpenses": 17831000, "generalAndAdministrativeExpenses": 17793000, "sellingAndMarketingExpenses": 0, "sellingGeneralAndAdministrativeExpenses": 17793000, "otherExpenses": 1306000, "operatingExpenses": 35624000, "costAndExpenses": 35624000, "interestIncome": 677000, "interestExpense": 88000, "depreciationAndAmortization": 56000, "ebitda": 1424000, "ebitdaratio": 0.0391520717, "operatingIncome": -559000, "operatingIncomeRatio": -0.0153693877, "totalOtherIncomeExpensesNet": -1290000, "incomeBeforeTax": 46000, "incomeBeforeTaxRatio": 0.0012647439, "incomeTaxExpense": 32000, "netIncome": 46000, "netIncomeRatio": 0.0012647439, "eps": 0.0003, "epsdiluted": 0.0003, "weightedAverageShsOut": 158036162, "weightedAverageShsOutDil": 162663894, "link": "https://www.sec.gov/Archives/edgar/data/886744/000104746916010984/0001047469-16-010984-index.htm", "finalLink": "https://www.sec.gov/Archives/edgar/data/886744/000104746916010984/a2227532z10-k.htm", "calculatedOtherExpenses": -8268000, "calculatedOperatingExpenses": 27356000, "calculatedNetInterest": 589000, "calculatedOtherIncome": 16000, "calculatedIncomeNonControlling": -32000, "calculatedEbitda": -503000}, {"date": "2014-12-31", "symbol": "GERN", "reportedCurrency": "USD", "cik": "0000886744", "fillingDate": "2015-03-11", "acceptedDate": "2015-03-11 16:31:22", "calendarYear": "2014", "period": "FY", "revenue": 1153000, "costOfRevenue": 8901000, "grossProfit": -7748000, "grossProfitRatio": -6.7198612316, "researchAndDevelopmentExpenses": 20707000, "generalAndAdministrativeExpenses": 16758000, "sellingAndMarketingExpenses": 0, "sellingGeneralAndAdministrativeExpenses": 16758000, "otherExpenses": 0, "operatingExpenses": 37465000, "costAndExpenses": 37465000, "interestIncome": 373000, "interestExpense": 82000, "depreciationAndAmortization": 47000, "ebitda": -35939000, "ebitdaratio": -31.169991327, "operatingIncome": -36312000, "operatingIncomeRatio": -31.4934952298, "totalOtherIncomeExpensesNet": 351000, "incomeBeforeTax": -35670000, "incomeBeforeTaxRatio": -30.9366869037, "incomeTaxExpense": 35000, "netIncome": -35670000, "netIncomeRatio": -30.9366869037, "eps": -0.23, "epsdiluted": -0.23, "weightedAverageShsOut": 153540341, "weightedAverageShsOutDil": 153540341, "link": "https://www.sec.gov/Archives/edgar/data/886744/000104746915001989/0001047469-15-001989-index.htm", "finalLink": "https://www.sec.gov/Archives/edgar/data/886744/000104746915001989/a2223360z10-k.htm", "calculatedOtherExpenses": -8901000, "calculatedOperatingExpenses": 28564000, "calculatedNetInterest": 291000, "calculatedOtherIncome": 351000, "calculatedIncomeNonControlling": -35000, "calculatedEbitda": -36265000}, {"date": "2013-12-31", "symbol": "GERN", "reportedCurrency": "USD", "cik": "0000886744", "fillingDate": "2014-03-17", "acceptedDate": "2014-03-17 06:11:47", "calendarYear": "2013", "period": "FY", "revenue": 1283000, "costOfRevenue": 9134000, "grossProfit": -7851000, "grossProfitRatio": -6.1192517537, "researchAndDevelopmentExpenses": 23155000, "generalAndAdministrativeExpenses": 15624000, "sellingAndMarketingExpenses": 0, "sellingGeneralAndAdministrativeExpenses": 15624000, "otherExpenses": 0, "operatingExpenses": 38779000, "costAndExpenses": 38779000, "interestIncome": 951000, "interestExpense": 56000, "depreciationAndAmortization": 320000, "ebitda": -36225000, "ebitdaratio": -28.2346063913, "operatingIncome": -38958000, "operatingIncomeRatio": -30.3647700701, "totalOtherIncomeExpensesNet": -1778000, "incomeBeforeTax": -38379000, "incomeBeforeTaxRatio": -29.9134840218, "incomeTaxExpense": 56000, "netIncome": -38379000, "netIncomeRatio": -29.9134840218, "eps": -0.3, "epsdiluted": -0.3, "weightedAverageShsOut": 127930000, "weightedAverageShsOutDil": 128380800, "link": "https://www.sec.gov/Archives/edgar/data/886744/000104746914002454/0001047469-14-002454-index.htm", "finalLink": "https://www.sec.gov/Archives/edgar/data/886744/000104746914002454/a2218685z10-k.htm", "calculatedOtherExpenses": -7672000, "calculatedOperatingExpenses": 31107000, "calculatedNetInterest": 895000, "calculatedOtherIncome": -316000, "calculatedIncomeNonControlling": -56000, "calculatedEbitda": -38638000}, {"date": "2012-12-31", "symbol": "GERN", "reportedCurrency": "USD", "cik": "0000886744", "fillingDate": "2013-03-15", "acceptedDate": "2013-03-15 16:34:08", "calendarYear": "2012", "period": "FY", "revenue": 2709000, "costOfRevenue": 25178000, "grossProfit": -22469000, "grossProfitRatio": -8.2942045035, "researchAndDevelopmentExpenses": 51368000, "generalAndAdministrativeExpenses": 20397000, "sellingAndMarketingExpenses": 0, "sellingGeneralAndAdministrativeExpenses": 20397000, "otherExpenses": 5449000, "operatingExpenses": 71765000, "costAndExpenses": 71765000, "interestIncome": 3097000, "interestExpense": 233000, "depreciationAndAmortization": 830000, "ebitda": -65959000, "ebitdaratio": -24.3480989295, "operatingIncome": -71758000, "operatingIncomeRatio": -26.4887412329, "totalOtherIncomeExpensesNet": -2689000, "incomeBeforeTax": -68881000, "incomeBeforeTaxRatio": -25.4267257291, "incomeTaxExpense": -597000, "netIncome": -68881000, "netIncomeRatio": -25.4267257291, "eps": -0.54, "epsdiluted": -0.54, "weightedAverageShsOut": 126941024, "weightedAverageShsOutDil": 126941024, "link": "https://www.sec.gov/Archives/edgar/data/886744/000104746913002849/0001047469-13-002849-index.htm", "finalLink": "https://www.sec.gov/Archives/edgar/data/886744/000104746913002849/a2213377z10-k.htm", "calculatedOtherExpenses": -22476000, "calculatedOperatingExpenses": 49289000, "calculatedNetInterest": 2864000, "calculatedOtherIncome": 13000, "calculatedIncomeNonControlling": 597000, "calculatedEbitda": -70928000}, {"date": "2011-12-31", "symbol": "GERN", "reportedCurrency": "USD", "cik": "0000886744", "fillingDate": "2012-03-07", "acceptedDate": "2012-03-07 16:01:51", "calendarYear": "2011", "period": "FY", "revenue": 2438000, "costOfRevenue": 0, "grossProfit": 2438000, "grossProfitRatio": 1, "researchAndDevelopmentExpenses": 69316000, "generalAndAdministrativeExpenses": 23789000, "sellingAndMarketingExpenses": 0, "sellingGeneralAndAdministrativeExpenses": 23789000, "otherExpenses": 5449000, "operatingExpenses": 93105000, "costAndExpenses": 93105000, "interestIncome": 1024000, "interestExpense": 237000, "depreciationAndAmortization": 1580000, "ebitda": -82617000, "ebitdaratio": -33.8872026251, "operatingIncome": -96116000, "operatingIncomeRatio": -39.4241181296, "totalOtherIncomeExpensesNet": -6973000, "incomeBeforeTax": -96853000, "incomeBeforeTaxRatio": -39.7264150943, "incomeTaxExpense": 5683000, "netIncome": -96853000, "netIncomeRatio": -39.7264150943, "eps": -0.78, "epsdiluted": -0.78, "weightedAverageShsOut": 124506763, "weightedAverageShsOutDil": 124506763, "link": "https://www.sec.gov/Archives/edgar/data/886744/000120677412000967/0001206774-12-000967-index.htm", "finalLink": "https://www.sec.gov/Archives/edgar/data/886744/000120677412000967/geron_10k.htm", "calculatedOtherExpenses": 5449000, "calculatedOperatingExpenses": 98554000, "calculatedNetInterest": 787000, "calculatedOtherIncome": -1524000, "calculatedIncomeNonControlling": -5683000, "calculatedEbitda": -94536000}, {"date": "2010-12-31", "symbol": "GERN", "reportedCurrency": "USD", "cik": "0000886744", "fillingDate": "2011-02-25", "acceptedDate": "2011-02-25 17:15:35", "calendarYear": "2010", "period": "FY", "revenue": 3563000, "costOfRevenue": 0, "grossProfit": 3563000, "grossProfitRatio": 1, "researchAndDevelopmentExpenses": 61687000, "generalAndAdministrativeExpenses": 18043000, "sellingAndMarketingExpenses": 0, "sellingGeneralAndAdministrativeExpenses": 18043000, "otherExpenses": 35000000, "operatingExpenses": 79730000, "costAndExpenses": 79730000, "interestIncome": 2045000, "interestExpense": 98000, "depreciationAndAmortization": 1609000, "ebitda": -41357000, "ebitdaratio": -11.6073533539, "operatingIncome": -111167000, "operatingIncomeRatio": -31.2003929273, "totalOtherIncomeExpensesNet": -37157000, "incomeBeforeTax": -111377000, "incomeBeforeTaxRatio": -31.2593320236, "incomeTaxExpense": 31254000, "netIncome": -111377000, "netIncomeRatio": -31.2593320236, "eps": -1.14, "epsdiluted": -1.14, "weightedAverageShsOut": 97601520, "weightedAverageShsOutDil": 97601520, "link": "https://www.sec.gov/Archives/edgar/data/886744/000120677411000317/0001206774-11-000317-index.htm", "finalLink": "https://www.sec.gov/Archives/edgar/data/886744/000120677411000317/geron_10k.htm", "calculatedOtherExpenses": 35000000, "calculatedOperatingExpenses": 114730000, "calculatedNetInterest": 1947000, "calculatedOtherIncome": -2157000, "calculatedIncomeNonControlling": -31254000, "calculatedEbitda": -109558000}, {"date": "2009-12-31", "symbol": "GERN", "reportedCurrency": "USD", "cik": "0000886744", "fillingDate": "2010-02-26", "acceptedDate": "2010-02-26 17:15:58", "calendarYear": "2009", "period": "FY", "revenue": 1726000, "costOfRevenue": 0, "grossProfit": 1726000, "grossProfitRatio": 1, "researchAndDevelopmentExpenses": 57617000, "generalAndAdministrativeExpenses": 14343000, "sellingAndMarketingExpenses": 0, "sellingGeneralAndAdministrativeExpenses": 14343000, "otherExpenses": 57617000, "operatingExpenses": 71960000, "costAndExpenses": 71960000, "interestIncome": 1374000, "interestExpense": 143000, "depreciationAndAmortization": 1753000, "ebitda": -70391000, "ebitdaratio": -40.7827346466, "operatingIncome": -70234000, "operatingIncomeRatio": -40.6917728853, "totalOtherIncomeExpensesNet": -1181000, "incomeBeforeTax": -70184000, "incomeBeforeTaxRatio": -40.6628041715, "incomeTaxExpense": -3141000, "netIncome": -70184000, "netIncomeRatio": -40.6628041715, "eps": -0.8, "epsdiluted": -0.8, "weightedAverageShsOut": 88078557, "weightedAverageShsOutDil": 88078557, "link": "https://www.sec.gov/Archives/edgar/data/886744/000120677410000410/0001206774-10-000410-index.htm", "finalLink": "https://www.sec.gov/Archives/edgar/data/886744/000120677410000410/geron_10k.htm", "calculatedOtherExpenses": 0, "calculatedOperatingExpenses": 71960000, "calculatedNetInterest": 1231000, "calculatedOtherIncome": -1181000, "calculatedIncomeNonControlling": 3141000, "calculatedEbitda": -68481000}, {"date": "2008-12-31", "symbol": "GERN", "reportedCurrency": "USD", "cik": "0000886744", "fillingDate": "2009-02-27", "acceptedDate": "2009-02-27 17:21:00", "calendarYear": "2008", "period": "FY", "revenue": 2803000, "costOfRevenue": 0, "grossProfit": 2803000, "grossProfitRatio": 1, "researchAndDevelopmentExpenses": 53664000, "generalAndAdministrativeExpenses": 16183000, "sellingAndMarketingExpenses": 0, "sellingGeneralAndAdministrativeExpenses": 16183000, "otherExpenses": 0, "operatingExpenses": 69847000, "costAndExpenses": 69847000, "interestIncome": 5542000, "interestExpense": 93000, "depreciationAndAmortization": 2422000, "ebitda": -65040000, "ebitdaratio": -23.2037103104, "operatingIncome": -67044000, "operatingIncomeRatio": -23.9186585801, "totalOtherIncomeExpensesNet": -426000, "incomeBeforeTax": -62021000, "incomeBeforeTaxRatio": -22.1266500178, "incomeTaxExpense": -5867000, "netIncome": -62021000, "netIncomeRatio": -22.1266500178, "eps": -0.79, "epsdiluted": -0.79, "weightedAverageShsOut": 78187795, "weightedAverageShsOutDil": 78187795, "link": "https://www.sec.gov/Archives/edgar/data/886744/000120677409000373/0001206774-09-000373-index.htm", "finalLink": "https://www.sec.gov/Archives/edgar/data/886744/000120677409000373/geron_10k.htm", "calculatedOtherExpenses": 0, "calculatedOperatingExpenses": 69847000, "calculatedNetInterest": 5449000, "calculatedOtherIncome": -426000, "calculatedIncomeNonControlling": 5867000, "calculatedEbitda": -64622000}, {"date": "2007-12-31", "symbol": "GERN", "reportedCurrency": "USD", "cik": "0000886744", "fillingDate": "2008-02-28", "acceptedDate": "2008-02-28 17:26:51", "calendarYear": "2007", "period": "FY", "revenue": 7622000, "costOfRevenue": 0, "grossProfit": 7622000, "grossProfitRatio": 1, "researchAndDevelopmentExpenses": 54624000, "generalAndAdministrativeExpenses": 15837000, "sellingAndMarketingExpenses": 0, "sellingGeneralAndAdministrativeExpenses": 15837000, "otherExpenses": 54624000, "operatingExpenses": 70461000, "costAndExpenses": 70461000, "interestIncome": 10791000, "interestExpense": 102000, "depreciationAndAmortization": 1930000, "ebitda": -76362000, "ebitdaratio": -10.0186302808, "operatingIncome": -62839000, "operatingIncomeRatio": -8.2444240357, "totalOtherIncomeExpensesNet": 15453000, "incomeBeforeTax": -36697000, "incomeBeforeTaxRatio": -4.8146155865, "incomeTaxExpense": -26142000, "netIncome": -36697000, "netIncomeRatio": -4.8146155865, "eps": -0.49, "epsdiluted": -0.49, "weightedAverageShsOut": 74206249, "weightedAverageShsOutDil": 74206249, "link": "https://www.sec.gov/Archives/edgar/data/886744/000120677408000413/0001206774-08-000413-index.htm", "finalLink": "https://www.sec.gov/Archives/edgar/data/886744/000120677408000413/geron_10k1.htm", "calculatedOtherExpenses": 0, "calculatedOperatingExpenses": 70461000, "calculatedNetInterest": 10689000, "calculatedOtherIncome": 15453000, "calculatedIncomeNonControlling": 26142000, "calculatedEbitda": -60909000}, {"date": "2006-12-31", "symbol": "GERN", "reportedCurrency": "USD", "cik": "0000886744", "fillingDate": "2007-03-16", "acceptedDate": "2007-03-16 10:06:15", "calendarYear": "2006", "period": "FY", "revenue": 3277000, "costOfRevenue": 0, "grossProfit": 3277000, "grossProfitRatio": 1, "researchAndDevelopmentExpenses": 41234000, "generalAndAdministrativeExpenses": 9403000, "sellingAndMarketingExpenses": 0, "sellingGeneralAndAdministrativeExpenses": 9403000, "otherExpenses": 0, "operatingExpenses": 50637000, "costAndExpenses": 50637000, "interestIncome": 8704000, "interestExpense": 130000, "depreciationAndAmortization": 1589000, "ebitda": -53192000, "ebitdaratio": -16.2319194385, "operatingIncome": -47360000, "operatingIncomeRatio": -14.4522429051, "totalOtherIncomeExpensesNet": 7421000, "incomeBeforeTax": -31365000, "incomeBeforeTaxRatio": -9.5712541959, "incomeTaxExpense": -15995000, "netIncome": -31365000, "netIncomeRatio": -9.5712541959, "eps": -0.47, "epsdiluted": -0.47, "weightedAverageShsOut": 66057367, "weightedAverageShsOutDil": 66057367, "link": "https://www.sec.gov/Archives/edgar/data/886744/000120677407000690/0001206774-07-000690-index.htm", "finalLink": "https://www.sec.gov/Archives/edgar/data/886744/000120677407000690/geron_10k.htm", "calculatedOtherExpenses": 0, "calculatedOperatingExpenses": 50637000, "calculatedNetInterest": 8574000, "calculatedOtherIncome": 7421000, "calculatedIncomeNonControlling": 15995000, "calculatedEbitda": -45771000}, {"date": "2005-12-31", "symbol": "GERN", "reportedCurrency": "USD", "cik": "0000886744", "fillingDate": "2006-03-01", "acceptedDate": "2006-02-28 20:24:59", "calendarYear": "2005", "period": "FY", "revenue": 290000, "costOfRevenue": 0, "grossProfit": 290000, "grossProfitRatio": 1, "researchAndDevelopmentExpenses": 35080000, "generalAndAdministrativeExpenses": 8788000, "sellingAndMarketingExpenses": 0, "sellingGeneralAndAdministrativeExpenses": 8788000, "otherExpenses": -5868000, "operatingExpenses": 38000000, "costAndExpenses": 38000000, "interestIncome": 4658000, "interestExpense": 464000, "depreciationAndAmortization": 3743000, "ebitda": -39835000, "ebitdaratio": -137.3620689655, "operatingIncome": -37710000, "operatingIncomeRatio": -130.0344827586, "totalOtherIncomeExpensesNet": 5856000, "incomeBeforeTax": -33528000, "incomeBeforeTaxRatio": -115.6137931034, "incomeTaxExpense": -4194000, "netIncome": -33528000, "netIncomeRatio": -115.6137931034, "eps": -0.58, "epsdiluted": -0.58, "weightedAverageShsOut": 57879725, "weightedAverageShsOutDil": 57879725, "link": "https://www.sec.gov/Archives/edgar/data/886744/000120677406000340/0001206774-06-000340-index.htm", "finalLink": "https://www.sec.gov/Archives/edgar/data/886744/000120677406000340/geron_10k1.htm", "calculatedOtherExpenses": -5868000, "calculatedOperatingExpenses": 38000000, "calculatedNetInterest": 4194000, "calculatedOtherIncome": -12000, "calculatedIncomeNonControlling": 4194000, "calculatedEbitda": -33967000}, {"date": "2004-12-31", "symbol": "GERN", "reportedCurrency": "USD", "cik": "0000886744", "fillingDate": "2005-02-28", "acceptedDate": "2005-02-25 20:27:35", "calendarYear": "2004", "period": "FY", "revenue": 1053000, "costOfRevenue": 0, "grossProfit": 1053000, "grossProfitRatio": 1, "researchAndDevelopmentExpenses": 30084000, "generalAndAdministrativeExpenses": 7104000, "sellingAndMarketingExpenses": 0, "sellingGeneralAndAdministrativeExpenses": 7104000, "otherExpenses": 45150000, "operatingExpenses": 37188000, "costAndExpenses": 37188000, "interestIncome": 1552000, "interestExpense": 672000, "depreciationAndAmortization": 3905000, "ebitda": 12920000, "ebitdaratio": 12.269705603, "operatingIncome": -81285000, "operatingIncomeRatio": -77.1937321937, "totalOtherIncomeExpensesNet": -45150000, "incomeBeforeTax": -80405000, "incomeBeforeTaxRatio": -76.3580246914, "incomeTaxExpense": 44270000, "netIncome": -80405000, "netIncomeRatio": -76.3580246914, "eps": -1.79, "epsdiluted": -1.79, "weightedAverageShsOut": 44877627, "weightedAverageShsOutDil": 44877627, "link": "https://www.sec.gov/Archives/edgar/data/886744/000114544305000311/0001145443-05-000311-index.htm", "finalLink": "https://www.sec.gov/Archives/edgar/data/886744/000114544305000311/d16418_10-k.htm", "calculatedOtherExpenses": 45150000, "calculatedOperatingExpenses": 82338000, "calculatedNetInterest": 880000, "calculatedOtherIncome": 0, "calculatedIncomeNonControlling": -44270000, "calculatedEbitda": -77380000}, {"date": "2003-12-31", "symbol": "GERN", "reportedCurrency": "USD", "cik": "0000886744", "fillingDate": "2004-02-27", "acceptedDate": "2004-02-27 06:54:13", "calendarYear": "2003", "period": "FY", "revenue": 1174000, "costOfRevenue": 0, "grossProfit": 1174000, "grossProfitRatio": 1, "researchAndDevelopmentExpenses": 25551000, "generalAndAdministrativeExpenses": 5803000, "sellingAndMarketingExpenses": 0, "sellingGeneralAndAdministrativeExpenses": 5803000, "otherExpenses": 0, "operatingExpenses": 31354000, "costAndExpenses": 31354000, "interestIncome": 1812000, "interestExpense": 736000, "depreciationAndAmortization": 4122000, "ebitda": -25279000, "ebitdaratio": -21.5323679727, "operatingIncome": -30180000, "operatingIncomeRatio": -25.7069846678, "totalOtherIncomeExpensesNet": -779000, "incomeBeforeTax": -29883000, "incomeBeforeTaxRatio": -25.4540034072, "incomeTaxExpense": -297000, "netIncome": -29883000, "netIncomeRatio": -25.4540034072, "eps": -0.97, "epsdiluted": -0.97, "weightedAverageShsOut": 30965330, "weightedAverageShsOutDil": 30965330, "link": "https://www.sec.gov/Archives/edgar/data/886744/000120677404000093/0001206774-04-000093-index.htm", "finalLink": "https://www.sec.gov/Archives/edgar/data/886744/000120677404000093/d14011.htm", "calculatedOtherExpenses": 0, "calculatedOperatingExpenses": 31354000, "calculatedNetInterest": 1076000, "calculatedOtherIncome": -779000, "calculatedIncomeNonControlling": 297000, "calculatedEbitda": -26058000}, {"date": "2002-12-31", "symbol": "GERN", "reportedCurrency": "USD", "cik": "0000886744", "fillingDate": "2003-03-03", "acceptedDate": "2003-03-03 17:19:26", "calendarYear": "2002", "period": "FY", "revenue": 1248000, "costOfRevenue": 0, "grossProfit": 1248000, "grossProfitRatio": 1, "researchAndDevelopmentExpenses": 31573000, "generalAndAdministrativeExpenses": 5375000, "sellingAndMarketingExpenses": 0, "sellingGeneralAndAdministrativeExpenses": 5375000, "otherExpenses": 0, "operatingExpenses": 36948000, "costAndExpenses": 36948000, "interestIncome": 2549000, "interestExpense": 757000, "depreciationAndAmortization": 4590000, "ebitda": -31110000, "ebitdaratio": -24.9278846154, "operatingIncome": -35700000, "operatingIncomeRatio": -28.6057692308, "totalOtherIncomeExpensesNet": 0, "incomeBeforeTax": 0, "incomeBeforeTaxRatio": 0, "incomeTaxExpense": -1792000, "netIncome": -33908000, "netIncomeRatio": -27.1698717949, "eps": -1.37, "epsdiluted": -1.37, "weightedAverageShsOut": 24661733, "weightedAverageShsOutDil": 24661733, "link": "https://www.sec.gov/Archives/edgar/data/886744/000120677403000108/0001206774-03-000108-index.htm", "finalLink": "https://www.sec.gov/Archives/edgar/data/886744/000120677403000108/d12038.txt", "calculatedOtherExpenses": 0, "calculatedOperatingExpenses": 36948000, "calculatedNetInterest": 1792000, "calculatedOtherIncome": 33908000, "calculatedIncomeNonControlling": 35700000, "calculatedEbitda": -31110000}, {"date": "2001-12-31", "symbol": "GERN", "reportedCurrency": "USD", "cik": "0000886744", "fillingDate": "2002-03-01", "acceptedDate": "2002-03-01 00:00:00", "calendarYear": "2001", "period": "FY", "revenue": 3620000, "costOfRevenue": 0, "grossProfit": 3620000, "grossProfitRatio": 1, "researchAndDevelopmentExpenses": 29018000, "generalAndAdministrativeExpenses": 9621000, "sellingAndMarketingExpenses": 0, "sellingGeneralAndAdministrativeExpenses": 9621000, "otherExpenses": 0, "operatingExpenses": 38639000, "costAndExpenses": 38639000, "interestIncome": 5860000, "interestExpense": 1004000, "depreciationAndAmortization": 4370000, "ebitda": -18739000, "ebitdaratio": -5.176519337, "operatingIncome": -35019000, "operatingIncomeRatio": -9.6737569061, "totalOtherIncomeExpensesNet": -11910000, "incomeBeforeTax": -46929000, "incomeBeforeTaxRatio": -12.9638121547, "incomeTaxExpense": 7054000, "netIncome": -42073000, "netIncomeRatio": -11.6223756906, "eps": -1.9, "epsdiluted": -1.9, "weightedAverageShsOut": 22121833, "weightedAverageShsOutDil": 22121833, "link": "https://www.sec.gov/Archives/edgar/data/886744/000089161802000983/0000891618-02-000983-index.htm", "finalLink": "https://www.sec.gov/Archives/edgar/data/886744/000089161802000983/f79480e10-k.txt", "calculatedOtherExpenses": 0, "calculatedOperatingExpenses": 38639000, "calculatedNetInterest": 4856000, "calculatedOtherIncome": -16766000, "calculatedIncomeNonControlling": -11910000, "calculatedEbitda": -30649000}, {"date": "2000-12-31", "symbol": "GERN", "reportedCurrency": "USD", "cik": "0000886744", "fillingDate": "2001-03-23", "acceptedDate": "2001-03-23 00:00:00", "calendarYear": "2000", "period": "FY", "revenue": 6609000, "costOfRevenue": -4653000, "grossProfit": 11262000, "grossProfitRatio": 1.7040399455, "researchAndDevelopmentExpenses": 23548000, "generalAndAdministrativeExpenses": 9273000, "sellingAndMarketingExpenses": 0, "sellingGeneralAndAdministrativeExpenses": 9273000, "otherExpenses": 4653000, "operatingExpenses": 37474000, "costAndExpenses": 32821000, "interestIncome": 5922000, "interestExpense": 12284000, "depreciationAndAmortization": 4653000, "ebitda": -21559000, "ebitdaratio": -3.2620668785, "operatingIncome": -26212000, "operatingIncomeRatio": -3.966106824, "totalOtherIncomeExpensesNet": 0, "incomeBeforeTax": 0, "incomeBeforeTaxRatio": 0, "incomeTaxExpense": 19621000, "netIncome": -45833000, "netIncomeRatio": -6.9349372068, "eps": -2.2, "epsdiluted": -2.2, "weightedAverageShsOut": 20869791, "weightedAverageShsOutDil": 20869791, "link": "https://www.sec.gov/Archives/edgar/data/886744/000109581101001727/0001095811-01-001727-index.htm", "finalLink": "https://www.sec.gov/Archives/edgar/data/886744/000109581101001727/f70239e10-k.txt", "calculatedOtherExpenses": 4653000, "calculatedOperatingExpenses": 37474000, "calculatedNetInterest": -6362000, "calculatedOtherIncome": 32574000, "calculatedIncomeNonControlling": 26212000, "calculatedEbitda": -21559000}, {"date": "1999-12-31", "symbol": "GERN", "reportedCurrency": "USD", "cik": "0000886744", "fillingDate": "2000-03-13", "acceptedDate": "2000-03-13 00:00:00", "calendarYear": "1999", "period": "FY", "revenue": 5400000, "costOfRevenue": -3700000, "grossProfit": 9100000, "grossProfitRatio": 1.6851851852, "researchAndDevelopmentExpenses": 20600000, "generalAndAdministrativeExpenses": 5600000, "sellingAndMarketingExpenses": 0, "sellingGeneralAndAdministrativeExpenses": 5600000, "otherExpenses": 3700000, "operatingExpenses": 29900000, "costAndExpenses": 26200000, "interestIncome": 0, "interestExpense": 0, "depreciationAndAmortization": 3700000, "ebitda": 6300000, "ebitdaratio": 1.1666666667, "operatingIncome": -20800000, "operatingIncomeRatio": -3.8518518519, "totalOtherIncomeExpensesNet": -23400000, "incomeBeforeTax": -44200000, "incomeBeforeTaxRatio": -8.1851851852, "incomeTaxExpense": 25600000, "netIncome": -46400000, "netIncomeRatio": -8.5925925926, "eps": -3, "epsdiluted": -3, "weightedAverageShsOut": 15489035, "weightedAverageShsOutDil": 15489035, "link": "https://www.sec.gov/Archives/edgar/data/886744/000089161800001385/0000891618-00-001385-index.html", "finalLink": "https://www.sec.gov/Archives/edgar/data/886744/000089161800001385/", "calculatedOtherExpenses": 3700000, "calculatedOperatingExpenses": 29900000, "calculatedNetInterest": 0, "calculatedOtherIncome": -23400000, "calculatedIncomeNonControlling": -23400000, "calculatedEbitda": -17100000}, {"date": "1998-12-31", "symbol": "GERN", "reportedCurrency": "USD", "cik": "0000886744", "fillingDate": "1999-03-16", "acceptedDate": "1999-03-16 00:00:00", "calendarYear": "1998", "period": "FY", "revenue": 6800000, "costOfRevenue": -1700000, "grossProfit": 8500000, "grossProfitRatio": 1.25, "researchAndDevelopmentExpenses": 15600000, "generalAndAdministrativeExpenses": 3800000, "sellingAndMarketingExpenses": 0, "sellingGeneralAndAdministrativeExpenses": 3800000, "otherExpenses": 1700000, "operatingExpenses": 21100000, "costAndExpenses": 19400000, "interestIncome": 0, "interestExpense": 900000, "depreciationAndAmortization": 1700000, "ebitda": -13600000, "ebitdaratio": -2, "operatingIncome": -12600000, "operatingIncomeRatio": -1.8529411765, "totalOtherIncomeExpensesNet": 2700000, "incomeBeforeTax": -9900000, "incomeBeforeTaxRatio": -1.4558823529, "incomeTaxExpense": -1800000, "netIncome": -10800000, "netIncomeRatio": -1.5882352941, "eps": -0.94, "epsdiluted": -0.94, "weightedAverageShsOut": 11439084, "weightedAverageShsOutDil": 11439084, "link": "https://www.sec.gov/Archives/edgar/data/886744/000089161899000950/0000891618-99-000950-index.html", "finalLink": "https://www.sec.gov/Archives/edgar/data/886744/", "calculatedOtherExpenses": 1700000, "calculatedOperatingExpenses": 21100000, "calculatedNetInterest": -900000, "calculatedOtherIncome": 3600000, "calculatedIncomeNonControlling": 2700000, "calculatedEbitda": -10900000}, {"date": "1997-12-31", "symbol": "GERN", "reportedCurrency": "USD", "cik": "0000886744", "fillingDate": "1998-03-31", "acceptedDate": "1998-03-31 00:00:00", "calendarYear": "1997", "period": "FY", "revenue": 7300000, "costOfRevenue": -1600000, "grossProfit": 8900000, "grossProfitRatio": 1.2191780822, "researchAndDevelopmentExpenses": 15100000, "generalAndAdministrativeExpenses": 3100000, "sellingAndMarketingExpenses": 0, "sellingGeneralAndAdministrativeExpenses": 3100000, "otherExpenses": 1600000, "operatingExpenses": 19800000, "costAndExpenses": 18200000, "interestIncome": 0, "interestExpense": 0, "depreciationAndAmortization": 1600000, "ebitda": -11100000, "ebitdaratio": -1.5205479452, "operatingIncome": -10900000, "operatingIncomeRatio": -1.4931506849, "totalOtherIncomeExpensesNet": 1800000, "incomeBeforeTax": -9100000, "incomeBeforeTaxRatio": -1.2465753425, "incomeTaxExpense": -1300000, "netIncome": -9600000, "netIncomeRatio": -1.3150684932, "eps": -0.91, "epsdiluted": -0.91, "weightedAverageShsOut": 10551054, "weightedAverageShsOutDil": 10551054, "link": "https://www.sec.gov/Archives/edgar/data/886744/000089161898001466/0000891618-98-001466-index.html", "finalLink": "https://www.sec.gov/Archives/edgar/data/886744/", "calculatedOtherExpenses": 1600000, "calculatedOperatingExpenses": 19800000, "calculatedNetInterest": 0, "calculatedOtherIncome": 1800000, "calculatedIncomeNonControlling": 1800000, "calculatedEbitda": -9300000}, {"date": "1996-12-31", "symbol": "GERN", "reportedCurrency": "USD", "cik": "0000886744", "fillingDate": "1997-03-20", "acceptedDate": "1997-03-20 00:00:00", "calendarYear": "1996", "period": "FY", "revenue": 5300000, "costOfRevenue": -1200000, "grossProfit": 6500000, "grossProfitRatio": 1.2264150943, "researchAndDevelopmentExpenses": 14300000, "generalAndAdministrativeExpenses": 3200000, "sellingAndMarketingExpenses": 0, "sellingGeneralAndAdministrativeExpenses": 3200000, "otherExpenses": 1200000, "operatingExpenses": 18700000, "costAndExpenses": 17500000, "interestIncome": 0, "interestExpense": 400000, "depreciationAndAmortization": 1200000, "ebitda": -12800000, "ebitdaratio": -2.4150943396, "operatingIncome": -12200000, "operatingIncomeRatio": -2.3018867925, "totalOtherIncomeExpensesNet": 1800000, "incomeBeforeTax": -10400000, "incomeBeforeTaxRatio": -1.9622641509, "incomeTaxExpense": -1500000, "netIncome": -10700000, "netIncomeRatio": -2.0188679245, "eps": -2.08, "epsdiluted": -1.38, "weightedAverageShsOut": 5151113, "weightedAverageShsOutDil": 7741935, "link": "https://www.sec.gov/Archives/edgar/data/886744/000089161897001289/0000891618-97-001289-index.html", "finalLink": "https://www.sec.gov/Archives/edgar/data/886744/", "calculatedOtherExpenses": 1200000, "calculatedOperatingExpenses": 18700000, "calculatedNetInterest": -400000, "calculatedOtherIncome": 2200000, "calculatedIncomeNonControlling": 1800000, "calculatedEbitda": -11000000}]}