{"originalCurrency": "USD", "convertedCurrency": "USD", "report": [{"date": "2023-09-30", "symbol": "GFF", "reportedCurrency": "USD", "cik": "0000050725", "fillingDate": "2023-11-16", "acceptedDate": "2023-11-15 19:21:58", "calendarYear": "2023", "period": "FY", "revenue": 2685183000, "costOfRevenue": 1736362000, "grossProfit": 948821000, "grossProfitRatio": 0.3533543151, "researchAndDevelopmentExpenses": 18000000, "generalAndAdministrativeExpenses": 547434000, "sellingAndMarketingExpenses": 95300000, "sellingGeneralAndAdministrativeExpenses": 642734000, "otherExpenses": 2928000, "operatingExpenses": 642734000, "costAndExpenses": 2379096000, "interestIncome": 2094000, "interestExpense": 101445000, "depreciationAndAmortization": 65445000, "ebitda": 376554000, "ebitdaratio": 0.1402340176, "operatingIncome": 196887000, "operatingIncomeRatio": 0.0733234942, "totalOtherIncomeExpensesNet": -94054000, "incomeBeforeTax": 112682000, "incomeBeforeTaxRatio": 0.0419643652, "incomeTaxExpense": 35065000, "netIncome": 77617000, "netIncomeRatio": 0.0289056649, "eps": 1.49, "epsdiluted": 1.42, "weightedAverageShsOut": 52111000, "weightedAverageShsOutDil": 54612000, "link": "https://www.sec.gov/Archives/edgar/data/50725/000005072523000055/0000050725-23-000055-index.htm", "finalLink": "https://www.sec.gov/Archives/edgar/data/50725/000005072523000055/gff-20230930.htm", "calculatedOtherExpenses": 91200000, "calculatedOperatingExpenses": 751934000, "calculatedNetInterest": -99351000, "calculatedOtherIncome": 15146000, "calculatedIncomeNonControlling": 0, "calculatedEbitda": 262332000}, {"date": "2022-09-30", "symbol": "GFF", "reportedCurrency": "USD", "cik": "0000050725", "fillingDate": "2022-11-18", "acceptedDate": "2022-11-17 21:39:05", "calendarYear": "2022", "period": "FY", "revenue": 2848488000, "costOfRevenue": 1911602000, "grossProfit": 936886000, "grossProfitRatio": 0.3289064233, "researchAndDevelopmentExpenses": 16000000, "generalAndAdministrativeExpenses": 517926000, "sellingAndMarketingExpenses": 91000000, "sellingGeneralAndAdministrativeExpenses": 608926000, "otherExpenses": 6881000, "operatingExpenses": 608926000, "costAndExpenses": 2520528000, "interestIncome": 215000, "interestExpense": 84379000, "depreciationAndAmortization": 64658000, "ebitda": 399714000, "ebitdaratio": 0.1403249724, "operatingIncome": 335056000, "operatingIncomeRatio": 0.1176259124, "totalOtherIncomeExpensesNet": -605935000, "incomeBeforeTax": -270879000, "incomeBeforeTaxRatio": -0.0950957139, "incomeTaxExpense": 16836000, "netIncome": -287715000, "netIncomeRatio": -0.101006218, "eps": -5.57, "epsdiluted": -5.57, "weightedAverageShsOut": 51672000, "weightedAverageShsOutDil": 51672000, "link": "https://www.sec.gov/Archives/edgar/data/50725/000005072522000090/0000050725-22-000090-index.htm", "finalLink": "https://www.sec.gov/Archives/edgar/data/50725/000005072522000090/gff-20220930.htm", "calculatedOtherExpenses": -23096000, "calculatedOperatingExpenses": 601830000, "calculatedNetInterest": -84164000, "calculatedOtherIncome": -521771000, "calculatedIncomeNonControlling": 0, "calculatedEbitda": 399714000}, {"date": "2021-09-30", "symbol": "GFF", "reportedCurrency": "USD", "cik": "0000050725", "fillingDate": "2021-11-17", "acceptedDate": "2021-11-16 20:25:27", "calendarYear": "2021", "period": "FY", "revenue": 2270626000, "costOfRevenue": 1629513000, "grossProfit": 641113000, "grossProfitRatio": 0.2823507702, "researchAndDevelopmentExpenses": 7000000, "generalAndAdministrativeExpenses": 393430000, "sellingAndMarketingExpenses": 77100000, "sellingGeneralAndAdministrativeExpenses": 470530000, "otherExpenses": 3331000, "operatingExpenses": 470530000, "costAndExpenses": 2100043000, "interestIncome": 440000, "interestExpense": 63175000, "depreciationAndAmortization": 56073000, "ebitda": 226656000, "ebitdaratio": 0.0998209304, "operatingIncome": 170583000, "operatingIncomeRatio": 0.0751259785, "totalOtherIncomeExpensesNet": -59404000, "incomeBeforeTax": 111179000, "incomeBeforeTaxRatio": 0.0489640302, "incomeTaxExpense": 39940000, "netIncome": 79211000, "netIncomeRatio": 0.0348850934, "eps": 1.45, "epsdiluted": 1.39, "weightedAverageShsOut": 50830000, "weightedAverageShsOutDil": 53369000, "link": "https://www.sec.gov/Archives/edgar/data/50725/000005072521000068/0000050725-21-000068-index.htm", "finalLink": "https://www.sec.gov/Archives/edgar/data/50725/000005072521000068/gff-20210930.htm", "calculatedOtherExpenses": -7000000, "calculatedOperatingExpenses": 470530000, "calculatedNetInterest": -62735000, "calculatedOtherIncome": 3331000, "calculatedIncomeNonControlling": -7972000, "calculatedEbitda": 226656000}, {"date": "2020-09-30", "symbol": "GFF", "reportedCurrency": "USD", "cik": "0000050725", "fillingDate": "2020-11-13", "acceptedDate": "2020-11-12 19:32:23", "calendarYear": "2020", "period": "FY", "revenue": 2407522000, "costOfRevenue": 1766096000, "grossProfit": 641426000, "grossProfitRatio": 0.2664258104, "researchAndDevelopmentExpenses": 8000000, "generalAndAdministrativeExpenses": 413898000, "sellingAndMarketingExpenses": 72500000, "sellingGeneralAndAdministrativeExpenses": 486398000, "otherExpenses": 1445000, "operatingExpenses": 486398000, "costAndExpenses": 2252494000, "interestIncome": 753000, "interestExpense": 66544000, "depreciationAndAmortization": 64607000, "ebitda": 219635000, "ebitdaratio": 0.0912286575, "operatingIncome": 155028000, "operatingIncomeRatio": 0.064393181, "totalOtherIncomeExpensesNet": -72271000, "incomeBeforeTax": 82757000, "incomeBeforeTaxRatio": 0.0343743484, "incomeTaxExpense": 29328000, "netIncome": 53429000, "netIncomeRatio": 0.0221925283, "eps": 0.51, "epsdiluted": 0.48, "weightedAverageShsOut": 42588000, "weightedAverageShsOutDil": 45015000, "link": "https://www.sec.gov/Archives/edgar/data/50725/000005072520000063/0000050725-20-000063-index.htm", "finalLink": "https://www.sec.gov/Archives/edgar/data/50725/000005072520000063/gff-20200930x10k.htm", "calculatedOtherExpenses": -8000000, "calculatedOperatingExpenses": 486398000, "calculatedNetInterest": -65791000, "calculatedOtherIncome": -6480000, "calculatedIncomeNonControlling": 0, "calculatedEbitda": 219635000}, {"date": "2019-09-30", "symbol": "GFF", "reportedCurrency": "USD", "cik": "0000050725", "fillingDate": "2019-11-22", "acceptedDate": "2019-11-21 21:41:56", "calendarYear": "2019", "period": "FY", "revenue": 2209289000, "costOfRevenue": 1614020000, "grossProfit": 595269000, "grossProfitRatio": 0.2694391725, "researchAndDevelopmentExpenses": 15400000, "generalAndAdministrativeExpenses": 388504000, "sellingAndMarketingExpenses": 71500000, "sellingGeneralAndAdministrativeExpenses": 460004000, "otherExpenses": 4173000, "operatingExpenses": 460004000, "costAndExpenses": 2074024000, "interestIncome": 806000, "interestExpense": 68066000, "depreciationAndAmortization": 66827000, "ebitda": 202092000, "ebitdaratio": 0.0914737728, "operatingIncome": 135265000, "operatingIncomeRatio": 0.0612255798, "totalOtherIncomeExpensesNet": -63087000, "incomeBeforeTax": 72178000, "incomeBeforeTaxRatio": 0.0326702392, "incomeTaxExpense": 26556000, "netIncome": 37287000, "netIncomeRatio": 0.0168773755, "eps": 0.91, "epsdiluted": 0.87, "weightedAverageShsOut": 40934000, "weightedAverageShsOutDil": 42888000, "link": "https://www.sec.gov/Archives/edgar/data/50725/000005072519000077/0000050725-19-000077-index.htm", "finalLink": "https://www.sec.gov/Archives/edgar/data/50725/000005072519000077/gff-20190930x10k.htm", "calculatedOtherExpenses": -15400000, "calculatedOperatingExpenses": 460004000, "calculatedNetInterest": -67260000, "calculatedOtherIncome": 4173000, "calculatedIncomeNonControlling": 8335000, "calculatedEbitda": 202092000}, {"date": "2018-09-30", "symbol": "GFF", "reportedCurrency": "USD", "cik": "0000050725", "fillingDate": "2018-11-19", "acceptedDate": "2018-11-16 20:10:40", "calendarYear": "2018", "period": "FY", "revenue": 1977918000, "costOfRevenue": 1448358000, "grossProfit": 529560000, "grossProfitRatio": 0.267736074, "researchAndDevelopmentExpenses": 15400000, "generalAndAdministrativeExpenses": 370410000, "sellingAndMarketingExpenses": 62700000, "sellingGeneralAndAdministrativeExpenses": 433110000, "otherExpenses": 1231000, "operatingExpenses": 433110000, "costAndExpenses": 1881468000, "interestIncome": 1697000, "interestExpense": 65568000, "depreciationAndAmortization": 55803000, "ebitda": 155181000, "ebitdaratio": 0.0784567409, "operatingIncome": 96450000, "operatingIncomeRatio": 0.0487633967, "totalOtherIncomeExpensesNet": 1231000, "incomeBeforeTax": 33810000, "incomeBeforeTaxRatio": 0.0170937319, "incomeTaxExpense": 555000, "netIncome": 125678000, "netIncomeRatio": 0.0635405512, "eps": 3.06, "epsdiluted": 2.96, "weightedAverageShsOut": 41005000, "weightedAverageShsOutDil": 42422000, "link": "https://www.sec.gov/Archives/edgar/data/50725/000005072518000075/0000050725-18-000075-index.htm", "finalLink": "https://www.sec.gov/Archives/edgar/data/50725/000005072518000075/gff-20180930x10k.htm", "calculatedOtherExpenses": -15400000, "calculatedOperatingExpenses": 433110000, "calculatedNetInterest": -63871000, "calculatedOtherIncome": 1231000, "calculatedIncomeNonControlling": -92423000, "calculatedEbitda": 152253000}, {"date": "2017-09-30", "symbol": "GFF", "reportedCurrency": "USD", "cik": "0000050725", "fillingDate": "2017-11-20", "acceptedDate": "2017-11-20 08:17:09", "calendarYear": "2017", "period": "FY", "revenue": 1524997000, "costOfRevenue": 1116881000, "grossProfit": 408116000, "grossProfitRatio": 0.2676175756, "researchAndDevelopmentExpenses": 17700000, "generalAndAdministrativeExpenses": 284589000, "sellingAndMarketingExpenses": 54500000, "sellingGeneralAndAdministrativeExpenses": 339089000, "otherExpenses": -880000, "operatingExpenses": 339089000, "costAndExpenses": 1455970000, "interestIncome": 64000, "interestExpense": 51513000, "depreciationAndAmortization": 47878000, "ebitda": 116089000, "ebitdaratio": 0.0761240842, "operatingIncome": 69027000, "operatingIncomeRatio": 0.0452636956, "totalOtherIncomeExpensesNet": -880000, "incomeBeforeTax": 16698000, "incomeBeforeTaxRatio": 0.0109495297, "incomeTaxExpense": -1085000, "netIncome": 14912000, "netIncomeRatio": 0.0097783799, "eps": 0.36, "epsdiluted": 0.35, "weightedAverageShsOut": 41005000, "weightedAverageShsOutDil": 43011000, "link": "https://www.sec.gov/Archives/edgar/data/50725/000005072517000060/0000050725-17-000060-index.htm", "finalLink": "https://www.sec.gov/Archives/edgar/data/50725/000005072517000060/gff-20170930x10k.htm", "calculatedOtherExpenses": -17700000, "calculatedOperatingExpenses": 339089000, "calculatedNetInterest": -51449000, "calculatedOtherIncome": -880000, "calculatedIncomeNonControlling": 2871000, "calculatedEbitda": 116905000}, {"date": "2016-09-30", "symbol": "GFF", "reportedCurrency": "USD", "cik": "0000050725", "fillingDate": "2016-11-17", "acceptedDate": "2016-11-17 16:23:10", "calendarYear": "2016", "period": "FY", "revenue": 1957161000, "costOfRevenue": 1483727000, "grossProfit": 473434000, "grossProfitRatio": 0.2418983415, "researchAndDevelopmentExpenses": 18000000, "generalAndAdministrativeExpenses": 310427000, "sellingAndMarketingExpenses": 53600000, "sellingGeneralAndAdministrativeExpenses": 364027000, "otherExpenses": 768000, "operatingExpenses": 364027000, "costAndExpenses": 1847754000, "interestIncome": 143000, "interestExpense": 51254000, "depreciationAndAmortization": 70208000, "ebitda": 180526000, "ebitdaratio": 0.092238707, "operatingIncome": 103507000, "operatingIncomeRatio": 0.0528862981, "totalOtherIncomeExpensesNet": -5132000, "incomeBeforeTax": 53164000, "incomeBeforeTaxRatio": 0.0271638358, "incomeTaxExpense": 23154000, "netIncome": 30010000, "netIncomeRatio": 0.0153334345, "eps": 0.73, "epsdiluted": 0.68, "weightedAverageShsOut": 41074000, "weightedAverageShsOutDil": 44109000, "link": "https://www.sec.gov/Archives/edgar/data/50725/000005072516000166/0000050725-16-000166-index.htm", "finalLink": "https://www.sec.gov/Archives/edgar/data/50725/000005072516000166/gff-20160930x10k.htm", "calculatedOtherExpenses": -12100000, "calculatedOperatingExpenses": 369927000, "calculatedNetInterest": -51111000, "calculatedOtherIncome": 768000, "calculatedIncomeNonControlling": 0, "calculatedEbitda": 173715000}, {"date": "2015-09-30", "symbol": "GFF", "reportedCurrency": "USD", "cik": "0000050725", "fillingDate": "2015-11-12", "acceptedDate": "2015-11-12 17:25:36", "calendarYear": "2015", "period": "FY", "revenue": 2016032000, "costOfRevenue": 1540254000, "grossProfit": 475778000, "grossProfitRatio": 0.2359972461, "researchAndDevelopmentExpenses": 15800000, "generalAndAdministrativeExpenses": 318661000, "sellingAndMarketingExpenses": 56100000, "sellingGeneralAndAdministrativeExpenses": 374761000, "otherExpenses": 491000, "operatingExpenses": 374761000, "costAndExpenses": 1915015000, "interestIncome": 301000, "interestExpense": 48173000, "depreciationAndAmortization": 69800000, "ebitda": 171609000, "ebitdaratio": 0.0851221608, "operatingIncome": 101017000, "operatingIncomeRatio": 0.0501068435, "totalOtherIncomeExpensesNet": 491000, "incomeBeforeTax": 53636000, "incomeBeforeTaxRatio": 0.0266047364, "incomeTaxExpense": 19347000, "netIncome": 34289000, "netIncomeRatio": 0.0170081626, "eps": 0.77, "epsdiluted": 0.73, "weightedAverageShsOut": 44608000, "weightedAverageShsOutDil": 46939000, "link": "https://www.sec.gov/Archives/edgar/data/50725/000005072515000080/0000050725-15-000080-index.htm", "finalLink": "https://www.sec.gov/Archives/edgar/data/50725/000005072515000080/gff-20150930x10k.htm", "calculatedOtherExpenses": -15800000, "calculatedOperatingExpenses": 374761000, "calculatedNetInterest": -47872000, "calculatedOtherIncome": 491000, "calculatedIncomeNonControlling": 0, "calculatedEbitda": 170817000}, {"date": "2014-09-30", "symbol": "GFF", "reportedCurrency": "USD", "cik": "0000050725", "fillingDate": "2014-11-13", "acceptedDate": "2014-11-12 17:40:26", "calendarYear": "2014", "period": "FY", "revenue": 1991811000, "costOfRevenue": 1532412000, "grossProfit": 459399000, "grossProfitRatio": 0.2306438713, "researchAndDevelopmentExpenses": 23400000, "generalAndAdministrativeExpenses": 351099000, "sellingAndMarketingExpenses": 24000000, "sellingGeneralAndAdministrativeExpenses": 375099000, "otherExpenses": 3154000, "operatingExpenses": 375099000, "costAndExpenses": 1907511000, "interestIncome": 303000, "interestExpense": 48447000, "depreciationAndAmortization": 67396000, "ebitda": 155153000, "ebitdaratio": 0.0778954429, "operatingIncome": 78164000, "operatingIncomeRatio": 0.0392426791, "totalOtherIncomeExpensesNet": -41872000, "incomeBeforeTax": -5716000, "incomeBeforeTaxRatio": -0.0028697502, "incomeTaxExpense": -5539000, "netIncome": -177000, "netIncomeRatio": -8.88639e-05, "eps": -0.0036, "epsdiluted": -0.0036, "weightedAverageShsOut": 49367000, "weightedAverageShsOutDil": 49367000, "link": "https://www.sec.gov/Archives/edgar/data/50725/000005072514000006/0000050725-14-000006-index.htm", "finalLink": "https://www.sec.gov/Archives/edgar/data/50725/000005072514000006/gff-20140930x10k.htm", "calculatedOtherExpenses": -17264000, "calculatedOperatingExpenses": 381235000, "calculatedNetInterest": -48144000, "calculatedOtherIncome": -35736000, "calculatedIncomeNonControlling": 0, "calculatedEbitda": 145560000}, {"date": "2013-09-30", "symbol": "GFF", "reportedCurrency": "USD", "cik": "0000050725", "fillingDate": "2013-11-15", "acceptedDate": "2013-11-15 13:51:23", "calendarYear": "2013", "period": "FY", "revenue": 1871327000, "costOfRevenue": 1453742000, "grossProfit": 417585000, "grossProfitRatio": 0.2231491343, "researchAndDevelopmentExpenses": 22400000, "generalAndAdministrativeExpenses": 277869000, "sellingAndMarketingExpenses": 62600000, "sellingGeneralAndAdministrativeExpenses": 340469000, "otherExpenses": 2646000, "operatingExpenses": 340469000, "costAndExpenses": 1794211000, "interestIncome": 353000, "interestExpense": 52520000, "depreciationAndAmortization": 70748000, "ebitda": 150863000, "ebitdaratio": 0.0806181923, "operatingIncome": 63854000, "operatingIncomeRatio": 0.03412231, "totalOtherIncomeExpensesNet": -10616000, "incomeBeforeTax": 14333000, "incomeBeforeTaxRatio": 0.0076592707, "incomeTaxExpense": 7543000, "netIncome": 3767000, "netIncomeRatio": 0.00201301, "eps": 0.0692, "epsdiluted": 0.0666, "weightedAverageShsOut": 54428000, "weightedAverageShsOutDil": 56563000, "link": "https://www.sec.gov/Archives/edgar/data/50725/000093041313005414/0000930413-13-005414-index.htm", "finalLink": "https://www.sec.gov/Archives/edgar/data/50725/000093041313005414/c75584_10-k.htm", "calculatedOtherExpenses": -9138000, "calculatedOperatingExpenses": 353731000, "calculatedNetInterest": -52167000, "calculatedOtherIncome": 2646000, "calculatedIncomeNonControlling": 3023000, "calculatedEbitda": 134602000}, {"date": "2012-09-30", "symbol": "GFF", "reportedCurrency": "USD", "cik": "0000050725", "fillingDate": "2012-11-16", "acceptedDate": "2012-11-16 13:08:06", "calendarYear": "2012", "period": "FY", "revenue": 1861145000, "costOfRevenue": 1442340000, "grossProfit": 418805000, "grossProfitRatio": 0.2250254548, "researchAndDevelopmentExpenses": 23600000, "generalAndAdministrativeExpenses": 279496000, "sellingAndMarketingExpenses": 62200000, "sellingGeneralAndAdministrativeExpenses": 341696000, "otherExpenses": 4689000, "operatingExpenses": 341696000, "costAndExpenses": 1784036000, "interestIncome": 292000, "interestExpense": 52007000, "depreciationAndAmortization": 72287000, "ebitda": 149688000, "ebitdaratio": 0.0804279086, "operatingIncome": 72420000, "operatingIncomeRatio": 0.0389115303, "totalOtherIncomeExpensesNet": -3453000, "incomeBeforeTax": 21941000, "incomeBeforeTaxRatio": 0.0117889794, "incomeTaxExpense": 4930000, "netIncome": 17011000, "netIncomeRatio": 0.0091400724, "eps": 0.3, "epsdiluted": 0.3, "weightedAverageShsOut": 55914000, "weightedAverageShsOutDil": 57329000, "link": "https://www.sec.gov/Archives/edgar/data/50725/000093041312006185/0000930413-12-006185-index.htm", "finalLink": "https://www.sec.gov/Archives/edgar/data/50725/000093041312006185/c71577_10-k.htm", "calculatedOtherExpenses": -18911000, "calculatedOperatingExpenses": 346385000, "calculatedNetInterest": -51715000, "calculatedOtherIncome": 1236000, "calculatedIncomeNonControlling": 0, "calculatedEbitda": 144707000}, {"date": "2011-09-30", "symbol": "GFF", "reportedCurrency": "USD", "cik": "0000050725", "fillingDate": "2011-11-18", "acceptedDate": "2011-11-18 17:22:56", "calendarYear": "2011", "period": "FY", "revenue": 1830802000, "costOfRevenue": 1437341000, "grossProfit": 393461000, "grossProfitRatio": 0.2149118255, "researchAndDevelopmentExpenses": 0, "generalAndAdministrativeExpenses": 0, "sellingAndMarketingExpenses": 0, "sellingGeneralAndAdministrativeExpenses": 330369000, "otherExpenses": 7543000, "operatingExpenses": 330369000, "costAndExpenses": 1767710000, "interestIncome": 398000, "interestExpense": 47846000, "depreciationAndAmortization": 67445000, "ebitda": 130935000, "ebitdaratio": 0.0715178375, "operatingIncome": 55549000, "operatingIncomeRatio": 0.0303413477, "totalOtherIncomeExpensesNet": -29993000, "incomeBeforeTax": -14349000, "incomeBeforeTaxRatio": -0.0078375488, "incomeTaxExpense": -6918000, "netIncome": -7431000, "netIncomeRatio": -0.0040588769, "eps": -0.13, "epsdiluted": -0.13, "weightedAverageShsOut": 58919000, "weightedAverageShsOutDil": 58919000, "link": "https://www.sec.gov/Archives/edgar/data/50725/000093041311007477/0000930413-11-007477-index.htm", "finalLink": "https://www.sec.gov/Archives/edgar/data/50725/000093041311007477/c67335_10k.htm", "calculatedOtherExpenses": 7543000, "calculatedOperatingExpenses": 337912000, "calculatedNetInterest": -47448000, "calculatedOtherIncome": -22450000, "calculatedIncomeNonControlling": 0, "calculatedEbitda": 122994000}, {"date": "2010-09-30", "symbol": "GFF", "reportedCurrency": "USD", "cik": "0000050725", "fillingDate": "2010-11-18", "acceptedDate": "2010-11-17 18:44:20", "calendarYear": "2010", "period": "FY", "revenue": 1293996000, "costOfRevenue": 1005692000, "grossProfit": 288304000, "grossProfitRatio": 0.222801307, "researchAndDevelopmentExpenses": 0, "generalAndAdministrativeExpenses": 0, "sellingAndMarketingExpenses": 0, "sellingGeneralAndAdministrativeExpenses": 261403000, "otherExpenses": 4180000, "operatingExpenses": 261403000, "costAndExpenses": 1267095000, "interestIncome": 409000, "interestExpense": 12322000, "depreciationAndAmortization": 45501000, "ebitda": 72811000, "ebitdaratio": 0.0562683347, "operatingIncome": 22721000, "operatingIncomeRatio": 0.0175587869, "totalOtherIncomeExpensesNet": -1176000, "incomeBeforeTax": 13812000, "incomeBeforeTaxRatio": 0.0106739124, "incomeTaxExpense": 4308000, "netIncome": 9592000, "netIncomeRatio": 0.0074126968, "eps": 0.16, "epsdiluted": 0.16, "weightedAverageShsOut": 58974000, "weightedAverageShsOutDil": 59993000, "link": "https://www.sec.gov/Archives/edgar/data/50725/000104746910009877/0001047469-10-009877-index.htm", "finalLink": "https://www.sec.gov/Archives/edgar/data/50725/000104746910009877/a2201064z10-k.htm", "calculatedOtherExpenses": 4180000, "calculatedOperatingExpenses": 265583000, "calculatedNetInterest": -11913000, "calculatedOtherIncome": 3004000, "calculatedIncomeNonControlling": -88000, "calculatedEbitda": 68222000}, {"date": "2009-09-30", "symbol": "GFF", "reportedCurrency": "USD", "cik": "0000050725", "fillingDate": "2009-11-24", "acceptedDate": "2009-11-24 13:16:18", "calendarYear": "2009", "period": "FY", "revenue": 1194050000, "costOfRevenue": 936927000, "grossProfit": 257123000, "grossProfitRatio": 0.2153368787, "researchAndDevelopmentExpenses": 0, "generalAndAdministrativeExpenses": 0, "sellingAndMarketingExpenses": 0, "sellingGeneralAndAdministrativeExpenses": 230736000, "otherExpenses": 1240000, "operatingExpenses": 230736000, "costAndExpenses": 1167663000, "interestIncome": 1539000, "interestExpense": 13091000, "depreciationAndAmortization": 47555000, "ebitda": 75481000, "ebitdaratio": 0.0632142708, "operatingIncome": 25147000, "operatingIncomeRatio": 0.0210602571, "totalOtherIncomeExpensesNet": 4770000, "incomeBeforeTax": 19605000, "incomeBeforeTaxRatio": 0.0164189104, "incomeTaxExpense": 1687000, "netIncome": 18708000, "netIncomeRatio": 0.0156676856, "eps": 0.32, "epsdiluted": 0.32, "weightedAverageShsOut": 58699000, "weightedAverageShsOutDil": 59002000, "link": "https://www.sec.gov/Archives/edgar/data/50725/000104746909010409/0001047469-09-010409-index.htm", "finalLink": "https://www.sec.gov/Archives/edgar/data/50725/000104746909010409/a2195615z10-k.htm", "calculatedOtherExpenses": 1240000, "calculatedOperatingExpenses": 231976000, "calculatedNetInterest": -11552000, "calculatedOtherIncome": 6010000, "calculatedIncomeNonControlling": -790000, "calculatedEbitda": 72702000}, {"date": "2008-09-30", "symbol": "GFF", "reportedCurrency": "USD", "cik": "0000050725", "fillingDate": "2008-12-15", "acceptedDate": "2008-12-15 10:14:25", "calendarYear": "2008", "period": "FY", "revenue": 1269305000, "costOfRevenue": 996308000, "grossProfit": 272997000, "grossProfitRatio": 0.2150759668, "researchAndDevelopmentExpenses": 0, "generalAndAdministrativeExpenses": 0, "sellingAndMarketingExpenses": 0, "sellingGeneralAndAdministrativeExpenses": 246243000, "otherExpenses": 12913000, "operatingExpenses": 259156000, "costAndExpenses": 1255464000, "interestIncome": 1970000, "interestExpense": -11532000, "depreciationAndAmortization": 43735000, "ebitda": 70386000, "ebitdaratio": 0.0554523932, "operatingIncome": 11231000, "operatingIncomeRatio": 0.0088481492, "totalOtherIncomeExpensesNet": -12810000, "incomeBeforeTax": 4382000, "incomeBeforeTaxRatio": 0.0034522829, "incomeTaxExpense": 4294000, "netIncome": -40503000, "netIncomeRatio": -0.0319095883, "eps": -1.24, "epsdiluted": -1.23, "weightedAverageShsOut": 32667000, "weightedAverageShsOutDil": 32836000, "link": "https://www.sec.gov/Archives/edgar/data/50725/000104746908013148/0001047469-08-013148-index.htm", "finalLink": "https://www.sec.gov/Archives/edgar/data/50725/000104746908013148/a2189659z10-k.htm", "calculatedOtherExpenses": 15523000, "calculatedOperatingExpenses": 261766000, "calculatedNetInterest": 13502000, "calculatedOtherIncome": -20351000, "calculatedIncomeNonControlling": 40591000, "calculatedEbitda": 54966000}, {"date": "2007-09-30", "symbol": "GFF", "reportedCurrency": "USD", "cik": "0000050725", "fillingDate": "2007-11-29", "acceptedDate": "2007-11-29 15:54:02", "calendarYear": "2007", "period": "FY", "revenue": 1616612000, "costOfRevenue": 1255181000, "grossProfit": 361431000, "grossProfitRatio": 0.223573127, "researchAndDevelopmentExpenses": 0, "generalAndAdministrativeExpenses": 0, "sellingAndMarketingExpenses": 0, "sellingGeneralAndAdministrativeExpenses": 322653000, "otherExpenses": 0, "operatingExpenses": 322653000, "costAndExpenses": 1577834000, "interestIncome": 0, "interestExpense": 0, "depreciationAndAmortization": 42014000, "ebitda": 77827000, "ebitdaratio": 0.0481420403, "operatingIncome": 38778000, "operatingIncomeRatio": 0.0239872029, "totalOtherIncomeExpensesNet": 2965000, "incomeBeforeTax": 31632000, "incomeBeforeTaxRatio": 0.0195668472, "incomeTaxExpense": 9553000, "netIncome": 22079000, "netIncomeRatio": 0.0136575752, "eps": 0.68, "epsdiluted": 0.66, "weightedAverageShsOut": 32405000, "weightedAverageShsOutDil": 33357000, "link": "https://www.sec.gov/Archives/edgar/data/50725/000104746907009607/0001047469-07-009607-index.htm", "finalLink": "https://www.sec.gov/Archives/edgar/data/50725/000104746907009607/a2181395z10-k.htm", "calculatedOtherExpenses": 0, "calculatedOperatingExpenses": 322653000, "calculatedNetInterest": 0, "calculatedOtherIncome": -7146000, "calculatedIncomeNonControlling": 0, "calculatedEbitda": 80792000}, {"date": "2006-09-30", "symbol": "GFF", "reportedCurrency": "USD", "cik": "0000050725", "fillingDate": "2006-12-14", "acceptedDate": "2006-12-14 16:28:30", "calendarYear": "2006", "period": "FY", "revenue": 1636580000, "costOfRevenue": 1234826000, "grossProfit": 401754000, "grossProfitRatio": 0.2454838749, "researchAndDevelopmentExpenses": 0, "generalAndAdministrativeExpenses": 0, "sellingAndMarketingExpenses": 0, "sellingGeneralAndAdministrativeExpenses": 316696000, "otherExpenses": 0, "operatingExpenses": 316696000, "costAndExpenses": 1551522000, "interestIncome": 1780000000, "interestExpense": -10492000000, "depreciationAndAmortization": 35100000, "ebitda": 117806000, "ebitdaratio": 0.0719830378, "operatingIncome": 85058000, "operatingIncomeRatio": 0.0519730169, "totalOtherIncomeExpensesNet": 2352000, "incomeBeforeTax": 78698000, "incomeBeforeTaxRatio": 0.0480868641, "incomeTaxExpense": 26912000, "netIncome": 51786000, "netIncomeRatio": 0.0316428161, "eps": 1.6, "epsdiluted": 1.53, "weightedAverageShsOut": 32388000, "weightedAverageShsOutDil": 33746000, "link": "https://www.sec.gov/Archives/edgar/data/50725/000110465906081561/0001104659-06-081561-index.htm", "finalLink": "https://www.sec.gov/Archives/edgar/data/50725/000110465906081561/a06-25388_110k.htm", "calculatedOtherExpenses": 0, "calculatedOperatingExpenses": 316696000, "calculatedNetInterest": 12272000000, "calculatedOtherIncome": -12278360000, "calculatedIncomeNonControlling": 0, "calculatedEbitda": 120158000}, {"date": "2005-09-30", "symbol": "GFF", "reportedCurrency": "USD", "cik": "0000050725", "fillingDate": "2005-12-14", "acceptedDate": "2005-12-14 15:50:02", "calendarYear": "2005", "period": "FY", "revenue": 1401993000, "costOfRevenue": 1032365000, "grossProfit": 369628000, "grossProfitRatio": 0.263644683, "researchAndDevelopmentExpenses": 0, "generalAndAdministrativeExpenses": 0, "sellingAndMarketingExpenses": 0, "sellingGeneralAndAdministrativeExpenses": 289527000, "otherExpenses": 0, "operatingExpenses": 289527000, "costAndExpenses": 1321892000, "interestIncome": 2085000000, "interestExpense": -8266000000, "depreciationAndAmortization": 32613000, "ebitda": 107689000, "ebitdaratio": 0.0768113678, "operatingIncome": 80101000, "operatingIncomeRatio": 0.0571336661, "totalOtherIncomeExpensesNet": 5025000, "incomeBeforeTax": 78945000, "incomeBeforeTaxRatio": 0.0563091257, "incomeTaxExpense": 25717000, "netIncome": 48813000, "netIncomeRatio": 0.0348168643, "eps": 1.64, "epsdiluted": 1.55, "weightedAverageShsOut": 29764024, "weightedAverageShsOutDil": 31492258, "link": "https://www.sec.gov/Archives/edgar/data/50725/000110465905060763/0001104659-05-060763-index.htm", "finalLink": "https://www.sec.gov/Archives/edgar/data/50725/000110465905060763/a05-21537_110k.htm", "calculatedOtherExpenses": 0, "calculatedOperatingExpenses": 289527000, "calculatedNetInterest": 10351000000, "calculatedOtherIncome": -10352156000, "calculatedIncomeNonControlling": 4415000, "calculatedEbitda": 112714000}, {"date": "2004-09-30", "symbol": "GFF", "reportedCurrency": "USD", "cik": "0000050725", "fillingDate": "2004-12-13", "acceptedDate": "2004-12-13 16:38:19", "calendarYear": "2004", "period": "FY", "revenue": 1393809000, "costOfRevenue": 992648000, "grossProfit": 401161000, "grossProfitRatio": 0.2878163364, "researchAndDevelopmentExpenses": 0, "generalAndAdministrativeExpenses": 0, "sellingAndMarketingExpenses": 0, "sellingGeneralAndAdministrativeExpenses": 289979000, "otherExpenses": 0, "operatingExpenses": 289979000, "costAndExpenses": 1282627000, "interestIncome": 1070000000, "interestExpense": -8066000000, "depreciationAndAmortization": 28331000, "ebitda": 138950000, "ebitdaratio": 0.0996908472, "operatingIncome": 111182000, "operatingIncomeRatio": 0.0797684618, "totalOtherIncomeExpensesNet": 563000, "incomeBeforeTax": 104749000, "incomeBeforeTaxRatio": 0.0751530518, "incomeTaxExpense": 38757000, "netIncome": 53859000, "netIncomeRatio": 0.0386415929, "eps": 1.81, "epsdiluted": 1.71, "weightedAverageShsOut": 29756354, "weightedAverageShsOutDil": 31496491, "link": "https://www.sec.gov/Archives/edgar/data/50725/000110465904039320/0001104659-04-039320-index.htm", "finalLink": "https://www.sec.gov/Archives/edgar/data/50725/000110465904039320/a04-14539_110k.htm", "calculatedOtherExpenses": 0, "calculatedOperatingExpenses": 289979000, "calculatedNetInterest": 9136000000, "calculatedOtherIncome": -9142433000, "calculatedIncomeNonControlling": 12133000, "calculatedEbitda": 139513000}, {"date": "2003-09-30", "symbol": "GFF", "reportedCurrency": "USD", "cik": "0000050725", "fillingDate": "2003-12-24", "acceptedDate": "2003-12-24 10:39:59", "calendarYear": "2003", "period": "FY", "revenue": 1254650000, "costOfRevenue": 899257000, "grossProfit": 355393000, "grossProfitRatio": 0.2832606703, "researchAndDevelopmentExpenses": 0, "generalAndAdministrativeExpenses": 0, "sellingAndMarketingExpenses": 0, "sellingGeneralAndAdministrativeExpenses": 268990000, "otherExpenses": 0, "operatingExpenses": 268990000, "costAndExpenses": 1168247000, "interestIncome": 682000000, "interestExpense": -4867000000, "depreciationAndAmortization": 26182000, "ebitda": 111738000, "ebitdaratio": 0.0890591001, "operatingIncome": 86403000, "operatingIncomeRatio": 0.0688662177, "totalOtherIncomeExpensesNet": 847000, "incomeBeforeTax": 83065000, "incomeBeforeTaxRatio": 0.0662057147, "incomeTaxExpense": 29876000, "netIncome": 43022000, "netIncomeRatio": 0.034290041, "eps": 1.33, "epsdiluted": 1.28, "weightedAverageShsOut": 32347368, "weightedAverageShsOutDil": 33610938, "link": "https://www.sec.gov/Archives/edgar/data/50725/000110465903029216/0001104659-03-029216-index.htm", "finalLink": "https://www.sec.gov/Archives/edgar/data/50725/000110465903029216/a03-6399_110k.htm", "calculatedOtherExpenses": 0, "calculatedOperatingExpenses": 268990000, "calculatedNetInterest": 5549000000, "calculatedOtherIncome": -5552338000, "calculatedIncomeNonControlling": 10167000, "calculatedEbitda": 112585000}, {"date": "2002-09-30", "symbol": "GFF", "reportedCurrency": "USD", "cik": "0000050725", "fillingDate": "2002-12-20", "acceptedDate": "2002-12-20 14:38:33", "calendarYear": "2002", "period": "FY", "revenue": 1192604000, "costOfRevenue": 858081000, "grossProfit": 334523000, "grossProfitRatio": 0.2804979691, "researchAndDevelopmentExpenses": 0, "generalAndAdministrativeExpenses": 0, "sellingAndMarketingExpenses": 0, "sellingGeneralAndAdministrativeExpenses": 260006000, "otherExpenses": 7000000, "operatingExpenses": 267006000, "costAndExpenses": 1125087000, "interestIncome": 0, "interestExpense": 0, "depreciationAndAmortization": 22637000, "ebitda": 96565000, "ebitdaratio": 0.0809698777, "operatingIncome": 67517000, "operatingIncomeRatio": 0.056613092, "totalOtherIncomeExpensesNet": -6411000, "incomeBeforeTax": 56560000, "incomeBeforeTaxRatio": 0.0474256333, "incomeTaxExpense": 22506000, "netIncome": 9936000, "netIncomeRatio": 0.0083313489, "eps": 0.3, "epsdiluted": 0.28, "weightedAverageShsOut": 33120000, "weightedAverageShsOutDil": 35485714, "link": "https://www.sec.gov/Archives/edgar/data/50725/000095012302012101/0000950123-02-012101-index.htm", "finalLink": "https://www.sec.gov/Archives/edgar/data/50725/000095012302012101/y66588e10vk.txt", "calculatedOtherExpenses": 7000000, "calculatedOperatingExpenses": 267006000, "calculatedNetInterest": 0, "calculatedOtherIncome": -10957000, "calculatedIncomeNonControlling": 24118000, "calculatedEbitda": 90154000}, {"date": "2001-09-30", "symbol": "GFF", "reportedCurrency": "USD", "cik": "0000050725", "fillingDate": "2001-12-21", "acceptedDate": "2001-12-21 00:00:00", "calendarYear": "2001", "period": "FY", "revenue": 1160125000, "costOfRevenue": 849436000, "grossProfit": 310689000, "grossProfitRatio": 0.2678064864, "researchAndDevelopmentExpenses": 0, "generalAndAdministrativeExpenses": 0, "sellingAndMarketingExpenses": 0, "sellingGeneralAndAdministrativeExpenses": 239275000, "otherExpenses": 0, "operatingExpenses": 239275000, "costAndExpenses": 1088711000, "interestIncome": 0, "interestExpense": 0, "depreciationAndAmortization": 24204000, "ebitda": 96199000, "ebitdaratio": 0.0829212369, "operatingIncome": 71414000, "operatingIncomeRatio": 0.0615571598, "totalOtherIncomeExpensesNet": -581000, "incomeBeforeTax": 61727000, "incomeBeforeTaxRatio": 0.0532071975, "incomeTaxExpense": 25308000, "netIncome": 30593000, "netIncomeRatio": 0.0263704342, "eps": 0.93, "epsdiluted": 0.92, "weightedAverageShsOut": 32895699, "weightedAverageShsOutDil": 33253261, "link": "https://www.sec.gov/Archives/edgar/data/50725/000093221401500100/0000932214-01-500100-index.htm", "finalLink": "https://www.sec.gov/Archives/edgar/data/50725/000093221401500100/gff10k901-live.txt", "calculatedOtherExpenses": 0, "calculatedOperatingExpenses": 239275000, "calculatedNetInterest": 0, "calculatedOtherIncome": -9687000, "calculatedIncomeNonControlling": 5826000, "calculatedEbitda": 95618000}, {"date": "2000-09-30", "symbol": "GFF", "reportedCurrency": "USD", "cik": "0000050725", "fillingDate": "2000-12-22", "acceptedDate": "2000-12-22 00:00:00", "calendarYear": "2000", "period": "FY", "revenue": 1118386000, "costOfRevenue": 809701000, "grossProfit": 308685000, "grossProfitRatio": 0.2760093563, "researchAndDevelopmentExpenses": 0, "generalAndAdministrativeExpenses": 0, "sellingAndMarketingExpenses": 0, "sellingGeneralAndAdministrativeExpenses": 230060000, "otherExpenses": 23703000, "operatingExpenses": 253763000, "costAndExpenses": 1063464000, "interestIncome": 0, "interestExpense": 0, "depreciationAndAmortization": 23703000, "ebitda": 79405000, "ebitdaratio": 0.070999637, "operatingIncome": 54922000, "operatingIncomeRatio": 0.0491082685, "totalOtherIncomeExpensesNet": -780000, "incomeBeforeTax": 42260000, "incomeBeforeTaxRatio": 0.037786596, "incomeTaxExpense": 17380000, "netIncome": 19590000, "netIncomeRatio": 0.0175163137, "eps": 0.54, "epsdiluted": 0.54, "weightedAverageShsOut": 36523729, "weightedAverageShsOutDil": 36523729, "link": "https://www.sec.gov/Archives/edgar/data/50725/000093221400000188/0000932214-00-000188-index.htm", "finalLink": "https://www.sec.gov/Archives/edgar/data/50725/000093221400000188/0000932214-00-000188-0001.txt", "calculatedOtherExpenses": 23703000, "calculatedOperatingExpenses": 253763000, "calculatedNetInterest": 0, "calculatedOtherIncome": -12662000, "calculatedIncomeNonControlling": 5290000, "calculatedEbitda": 78625000}, {"date": "1999-09-30", "symbol": "GFF", "reportedCurrency": "USD", "cik": "0000050725", "fillingDate": "1999-12-20", "acceptedDate": "1999-12-20 00:00:00", "calendarYear": "1999", "period": "FY", "revenue": 1032700000, "costOfRevenue": 760500000, "grossProfit": 272200000, "grossProfitRatio": 0.2635809044, "researchAndDevelopmentExpenses": 0, "generalAndAdministrativeExpenses": 0, "sellingAndMarketingExpenses": 0, "sellingGeneralAndAdministrativeExpenses": 207500000, "otherExpenses": 23000000, "operatingExpenses": 230500000, "costAndExpenses": 991000000, "interestIncome": 0, "interestExpense": 0, "depreciationAndAmortization": 23000000, "ebitda": 67300000, "ebitdaratio": 0.0651689745, "operatingIncome": 41700000, "operatingIncomeRatio": 0.0403795875, "totalOtherIncomeExpensesNet": -2600000, "incomeBeforeTax": 32100000, "incomeBeforeTaxRatio": 0.0310835673, "incomeTaxExpense": 11900000, "netIncome": 20200000, "netIncomeRatio": 0.0195603757, "eps": 0.61, "epsdiluted": 0.6, "weightedAverageShsOut": 33164179, "weightedAverageShsOutDil": 33666667, "link": "https://www.sec.gov/Archives/edgar/data/50725/000093221499000077/0000932214-99-000077-index.html", "finalLink": "https://www.sec.gov/Archives/edgar/data/50725/000093221499000077/", "calculatedOtherExpenses": 23000000, "calculatedOperatingExpenses": 230500000, "calculatedNetInterest": 0, "calculatedOtherIncome": -9600000, "calculatedIncomeNonControlling": 0, "calculatedEbitda": 64700000}, {"date": "1998-09-30", "symbol": "GFF", "reportedCurrency": "USD", "cik": "0000050725", "fillingDate": "1998-12-11", "acceptedDate": "1998-12-11 00:00:00", "calendarYear": "1998", "period": "FY", "revenue": 914900000, "costOfRevenue": 669000000, "grossProfit": 245900000, "grossProfitRatio": 0.2687725434, "researchAndDevelopmentExpenses": 0, "generalAndAdministrativeExpenses": 0, "sellingAndMarketingExpenses": 0, "sellingGeneralAndAdministrativeExpenses": 180200000, "otherExpenses": 16300000, "operatingExpenses": 196500000, "costAndExpenses": 865500000, "interestIncome": 0, "interestExpense": 0, "depreciationAndAmortization": 16300000, "ebitda": 64700000, "ebitdaratio": 0.0707181113, "operatingIncome": 49400000, "operatingIncomeRatio": 0.0539949721, "totalOtherIncomeExpensesNet": 1000000, "incomeBeforeTax": 46500000, "incomeBeforeTaxRatio": 0.0508252268, "incomeTaxExpense": 17200000, "netIncome": 29300000, "netIncomeRatio": 0.032025358, "eps": 0.87, "epsdiluted": 0.85, "weightedAverageShsOut": 33572917, "weightedAverageShsOutDil": 34287234, "link": "https://www.sec.gov/Archives/edgar/data/50725/000005072598000014/0000050725-98-000014-index.html", "finalLink": "https://www.sec.gov/Archives/edgar/data/50725/", "calculatedOtherExpenses": 16300000, "calculatedOperatingExpenses": 196500000, "calculatedNetInterest": 0, "calculatedOtherIncome": -2900000, "calculatedIncomeNonControlling": 0, "calculatedEbitda": 65700000}, {"date": "1997-09-30", "symbol": "GFF", "reportedCurrency": "USD", "cik": "0000050725", "fillingDate": "1997-12-10", "acceptedDate": "1997-12-10 00:00:00", "calendarYear": "1997", "period": "FY", "revenue": 770200000, "costOfRevenue": 559600000, "grossProfit": 210600000, "grossProfitRatio": 0.2734354713, "researchAndDevelopmentExpenses": 0, "generalAndAdministrativeExpenses": 0, "sellingAndMarketingExpenses": 0, "sellingGeneralAndAdministrativeExpenses": 144700000, "otherExpenses": 11500000, "operatingExpenses": 156200000, "costAndExpenses": 715800000, "interestIncome": 0, "interestExpense": 0, "depreciationAndAmortization": 11500000, "ebitda": 63800000, "ebitdaratio": 0.0828356271, "operatingIncome": 54400000, "operatingIncomeRatio": 0.0706310049, "totalOtherIncomeExpensesNet": 2100000, "incomeBeforeTax": 53100000, "incomeBeforeTaxRatio": 0.0689431317, "incomeTaxExpense": 19900000, "netIncome": 33200000, "netIncomeRatio": 0.0431056868, "eps": 0.93, "epsdiluted": 0.88, "weightedAverageShsOut": 35871444, "weightedAverageShsOutDil": 37901903, "link": "https://www.sec.gov/Archives/edgar/data/50725/000095012397010239/0000950123-97-010239-index.html", "finalLink": "https://www.sec.gov/Archives/edgar/data/50725/", "calculatedOtherExpenses": 11500000, "calculatedOperatingExpenses": 156200000, "calculatedNetInterest": 0, "calculatedOtherIncome": -1300000, "calculatedIncomeNonControlling": 0, "calculatedEbitda": 65900000}, {"date": "1996-09-30", "symbol": "GFF", "reportedCurrency": "USD", "cik": "0000050725", "fillingDate": "1996-12-03", "acceptedDate": "1996-12-03 00:00:00", "calendarYear": "1996", "period": "FY", "revenue": 655100000, "costOfRevenue": 479100000, "grossProfit": 176000000, "grossProfitRatio": 0.2686612731, "researchAndDevelopmentExpenses": 0, "generalAndAdministrativeExpenses": 0, "sellingAndMarketingExpenses": 0, "sellingGeneralAndAdministrativeExpenses": 118100000, "otherExpenses": 10300000, "operatingExpenses": 128400000, "costAndExpenses": 607500000, "interestIncome": 0, "interestExpense": 0, "depreciationAndAmortization": 10300000, "ebitda": 56100000, "ebitdaratio": 0.0856357808, "operatingIncome": 47600000, "operatingIncomeRatio": 0.0726606625, "totalOtherIncomeExpensesNet": 1800000, "incomeBeforeTax": 46000000, "incomeBeforeTaxRatio": 0.0702182873, "incomeTaxExpense": 17900000, "netIncome": 22900000, "netIncomeRatio": 0.0349564952, "eps": 0.65, "epsdiluted": 0.59, "weightedAverageShsOut": 34986111, "weightedAverageShsOutDil": 38943894, "link": "https://www.sec.gov/Archives/edgar/data/50725/000005072596000009/0000050725-96-000009-index.html", "finalLink": "https://www.sec.gov/Archives/edgar/data/50725/", "calculatedOtherExpenses": 10300000, "calculatedOperatingExpenses": 128400000, "calculatedNetInterest": 0, "calculatedOtherIncome": -1600000, "calculatedIncomeNonControlling": 5200000, "calculatedEbitda": 57900000}, {"date": "1995-09-30", "symbol": "GFF", "reportedCurrency": "USD", "cik": "0000050725", "fillingDate": "1995-11-20", "acceptedDate": "1995-11-20 00:00:00", "calendarYear": "1995", "period": "FY", "revenue": 546400000, "costOfRevenue": 394000000, "grossProfit": 152400000, "grossProfitRatio": 0.2789165447, "researchAndDevelopmentExpenses": 0, "generalAndAdministrativeExpenses": 0, "sellingAndMarketingExpenses": 0, "sellingGeneralAndAdministrativeExpenses": 104100000, "otherExpenses": 8700000, "operatingExpenses": 112800000, "costAndExpenses": 506800000, "interestIncome": 0, "interestExpense": 0, "depreciationAndAmortization": 8700000, "ebitda": 46700000, "ebitdaratio": 0.0854685212, "operatingIncome": 39600000, "operatingIncomeRatio": 0.0724743777, "totalOtherIncomeExpensesNet": 1600000, "incomeBeforeTax": 39000000, "incomeBeforeTaxRatio": 0.0713762811, "incomeTaxExpense": 15200000, "netIncome": 23800000, "netIncomeRatio": 0.0435578331, "eps": 0.65, "epsdiluted": 0.58, "weightedAverageShsOut": 36873239, "weightedAverageShsOutDil": 41195609, "link": "https://www.sec.gov/Archives/edgar/data/50725/000005072595000010/0000050725-95-000010-index.html", "finalLink": "https://www.sec.gov/Archives/edgar/data/50725/", "calculatedOtherExpenses": 8700000, "calculatedOperatingExpenses": 112800000, "calculatedNetInterest": 0, "calculatedOtherIncome": -600000, "calculatedIncomeNonControlling": 0, "calculatedEbitda": 48300000}, {"date": "1994-09-30", "symbol": "GFF", "reportedCurrency": "USD", "cik": "0000050725", "fillingDate": "1994-12-05", "acceptedDate": "1994-12-05 00:00:00", "calendarYear": "1994", "period": "FY", "revenue": 489000000, "costOfRevenue": 338300000, "grossProfit": 150700000, "grossProfitRatio": 0.3081799591, "researchAndDevelopmentExpenses": 0, "generalAndAdministrativeExpenses": 0, "sellingAndMarketingExpenses": 0, "sellingGeneralAndAdministrativeExpenses": 94500000, "otherExpenses": 9800000, "operatingExpenses": 104300000, "costAndExpenses": 442600000, "interestIncome": 0, "interestExpense": 0, "depreciationAndAmortization": 9800000, "ebitda": 54000000, "ebitdaratio": 0.1104294479, "operatingIncome": 46400000, "operatingIncomeRatio": 0.0948875256, "totalOtherIncomeExpensesNet": 2200000, "incomeBeforeTax": 46800000, "incomeBeforeTaxRatio": 0.0957055215, "incomeTaxExpense": 17100000, "netIncome": 29700000, "netIncomeRatio": 0.0607361963, "eps": 0.73, "epsdiluted": 0.66, "weightedAverageShsOut": 40837500, "weightedAverageShsOutDil": 45320218, "link": "https://www.sec.gov/Archives/edgar/data/50725/000005072594000016/0000050725-94-000016-index.html", "finalLink": "https://www.sec.gov/Archives/edgar/data/50725/", "calculatedOtherExpenses": 9800000, "calculatedOperatingExpenses": 104300000, "calculatedNetInterest": 0, "calculatedOtherIncome": 400000, "calculatedIncomeNonControlling": 0, "calculatedEbitda": 56200000}, {"date": "1993-09-30", "symbol": "GFF", "reportedCurrency": "USD", "cik": "0000050725", "fillingDate": "1993-09-30", "acceptedDate": "1993-09-29 20:00:00", "calendarYear": "1993", "period": "FY", "revenue": 436900000, "costOfRevenue": 299200000, "grossProfit": 137700000, "grossProfitRatio": 0.3151750973, "researchAndDevelopmentExpenses": 0, "generalAndAdministrativeExpenses": 0, "sellingAndMarketingExpenses": 0, "sellingGeneralAndAdministrativeExpenses": 84000000, "otherExpenses": 9500000, "operatingExpenses": 93500000, "costAndExpenses": 392700000, "interestIncome": 0, "interestExpense": 0, "depreciationAndAmortization": 9500000, "ebitda": 51800000, "ebitdaratio": 0.1185626001, "operatingIncome": 44200000, "operatingIncomeRatio": 0.1011673152, "totalOtherIncomeExpensesNet": 1900000, "incomeBeforeTax": 44300000, "incomeBeforeTaxRatio": 0.1013962005, "incomeTaxExpense": 17700000, "netIncome": 18100000, "netIncomeRatio": 0.0414282444, "eps": 0.4, "epsdiluted": 0.4, "weightedAverageShsOut": 45631646, "weightedAverageShsOutDil": 45631646, "link": "", "finalLink": "", "calculatedOtherExpenses": 9500000, "calculatedOperatingExpenses": 93500000, "calculatedNetInterest": 0, "calculatedOtherIncome": 100000, "calculatedIncomeNonControlling": 8500000, "calculatedEbitda": 53700000}, {"date": "1992-09-30", "symbol": "GFF", "reportedCurrency": "USD", "cik": "0000050725", "fillingDate": "1992-09-30", "acceptedDate": "1992-09-29 20:00:00", "calendarYear": "1992", "period": "FY", "revenue": 500200000, "costOfRevenue": 353100000, "grossProfit": 147100000, "grossProfitRatio": 0.2940823671, "researchAndDevelopmentExpenses": 0, "generalAndAdministrativeExpenses": 0, "sellingAndMarketingExpenses": 0, "sellingGeneralAndAdministrativeExpenses": 88800000, "otherExpenses": 11100000, "operatingExpenses": 99900000, "costAndExpenses": 453000000, "interestIncome": 0, "interestExpense": 0, "depreciationAndAmortization": 11100000, "ebitda": 56500000, "ebitdaratio": 0.1129548181, "operatingIncome": 47200000, "operatingIncomeRatio": 0.0943622551, "totalOtherIncomeExpensesNet": 1800000, "incomeBeforeTax": 41300000, "incomeBeforeTaxRatio": 0.0825669732, "incomeTaxExpense": 17200000, "netIncome": 24000000, "netIncomeRatio": 0.0479808077, "eps": 0.55, "epsdiluted": 0.55, "weightedAverageShsOut": 44004400, "weightedAverageShsOutDil": 44004400, "link": "", "finalLink": "", "calculatedOtherExpenses": 11100000, "calculatedOperatingExpenses": 99900000, "calculatedNetInterest": 0, "calculatedOtherIncome": -5900000, "calculatedIncomeNonControlling": 100000, "calculatedEbitda": 58300000}, {"date": "1991-09-30", "symbol": "GFF", "reportedCurrency": "USD", "cik": "0000050725", "fillingDate": "1991-09-30", "acceptedDate": "1991-09-29 20:00:00", "calendarYear": "1991", "period": "FY", "revenue": 494300000, "costOfRevenue": 366000000, "grossProfit": 128300000, "grossProfitRatio": 0.2595589723, "researchAndDevelopmentExpenses": 0, "generalAndAdministrativeExpenses": 0, "sellingAndMarketingExpenses": 0, "sellingGeneralAndAdministrativeExpenses": 78300000, "otherExpenses": 11200000, "operatingExpenses": 89500000, "costAndExpenses": 455500000, "interestIncome": 0, "interestExpense": 0, "depreciationAndAmortization": 11200000, "ebitda": 48300000, "ebitdaratio": 0.0977139389, "operatingIncome": 38800000, "operatingIncomeRatio": 0.0784948412, "totalOtherIncomeExpensesNet": 1700000, "incomeBeforeTax": 26900000, "incomeBeforeTaxRatio": 0.0544203925, "incomeTaxExpense": 11500000, "netIncome": 15400000, "netIncomeRatio": 0.0311551689, "eps": 0.42, "epsdiluted": 0.42, "weightedAverageShsOut": 36540909, "weightedAverageShsOutDil": 36540909, "link": "", "finalLink": "", "calculatedOtherExpenses": 11200000, "calculatedOperatingExpenses": 89500000, "calculatedNetInterest": 0, "calculatedOtherIncome": -11900000, "calculatedIncomeNonControlling": 0, "calculatedEbitda": 50000000}, {"date": "1990-09-30", "symbol": "GFF", "reportedCurrency": "USD", "cik": "0000050725", "fillingDate": "1990-09-30", "acceptedDate": "1990-09-29 20:00:00", "calendarYear": "1990", "period": "FY", "revenue": 458600000, "costOfRevenue": 339500000, "grossProfit": 119100000, "grossProfitRatio": 0.2597034453, "researchAndDevelopmentExpenses": 0, "generalAndAdministrativeExpenses": 0, "sellingAndMarketingExpenses": 0, "sellingGeneralAndAdministrativeExpenses": 76500000, "otherExpenses": 9800000, "operatingExpenses": 86300000, "costAndExpenses": 425800000, "interestIncome": 0, "interestExpense": 0, "depreciationAndAmortization": 9800000, "ebitda": 42000000, "ebitdaratio": 0.0915830789, "operatingIncome": 32800000, "operatingIncomeRatio": 0.0715220235, "totalOtherIncomeExpensesNet": 600000, "incomeBeforeTax": 18500000, "incomeBeforeTaxRatio": 0.0403401657, "incomeTaxExpense": 9000000, "netIncome": 9500000, "netIncomeRatio": 0.0207152202, "eps": 0.26, "epsdiluted": 0.26, "weightedAverageShsOut": 35925468, "weightedAverageShsOutDil": 35925468, "link": "", "finalLink": "", "calculatedOtherExpenses": 9800000, "calculatedOperatingExpenses": 86300000, "calculatedNetInterest": 0, "calculatedOtherIncome": -14300000, "calculatedIncomeNonControlling": 0, "calculatedEbitda": 42600000}, {"date": "1989-09-30", "symbol": "GFF", "reportedCurrency": "USD", "cik": "0000050725", "fillingDate": "1989-09-30", "acceptedDate": "1989-09-29 20:00:00", "calendarYear": "1989", "period": "FY", "revenue": 405000000, "costOfRevenue": 311400000, "grossProfit": 93600000, "grossProfitRatio": 0.2311111111, "researchAndDevelopmentExpenses": 0, "generalAndAdministrativeExpenses": 0, "sellingAndMarketingExpenses": 0, "sellingGeneralAndAdministrativeExpenses": 60700000, "otherExpenses": 8500000, "operatingExpenses": 69200000, "costAndExpenses": 380600000, "interestIncome": 0, "interestExpense": 0, "depreciationAndAmortization": 8500000, "ebitda": 33200000, "ebitdaratio": 0.0819753086, "operatingIncome": 24400000, "operatingIncomeRatio": 0.0602469136, "totalOtherIncomeExpensesNet": -300000, "incomeBeforeTax": 9400000, "incomeBeforeTaxRatio": 0.0232098765, "incomeTaxExpense": 4600000, "netIncome": -14900000, "netIncomeRatio": -0.0367901235, "eps": -0.4, "epsdiluted": -0.4, "weightedAverageShsOut": 36975920, "weightedAverageShsOutDil": 36975920, "link": "", "finalLink": "", "calculatedOtherExpenses": 8500000, "calculatedOperatingExpenses": 69200000, "calculatedNetInterest": 0, "calculatedOtherIncome": -15000000, "calculatedIncomeNonControlling": 19700000, "calculatedEbitda": 32900000}, {"date": "1988-09-30", "symbol": "GFF", "reportedCurrency": "USD", "cik": "0000050725", "fillingDate": "1988-09-30", "acceptedDate": "1988-09-29 20:00:00", "calendarYear": "1988", "period": "FY", "revenue": 381100000, "costOfRevenue": 290000000, "grossProfit": 91100000, "grossProfitRatio": 0.2390448701, "researchAndDevelopmentExpenses": 0, "generalAndAdministrativeExpenses": 0, "sellingAndMarketingExpenses": 0, "sellingGeneralAndAdministrativeExpenses": 66900000, "otherExpenses": 7800000, "operatingExpenses": 74700000, "costAndExpenses": 364700000, "interestIncome": 0, "interestExpense": 0, "depreciationAndAmortization": 7800000, "ebitda": 24000000, "ebitdaratio": 0.062975597, "operatingIncome": 16400000, "operatingIncomeRatio": 0.0430333246, "totalOtherIncomeExpensesNet": 200000, "incomeBeforeTax": 11900000, "incomeBeforeTaxRatio": 0.0312254002, "incomeTaxExpense": 5800000, "netIncome": 5100000, "netIncomeRatio": 0.0133823144, "eps": 0.13, "epsdiluted": 0.13, "weightedAverageShsOut": 38723872, "weightedAverageShsOutDil": 38723872, "link": "", "finalLink": "", "calculatedOtherExpenses": 7800000, "calculatedOperatingExpenses": 74700000, "calculatedNetInterest": 0, "calculatedOtherIncome": -4500000, "calculatedIncomeNonControlling": 1000000, "calculatedEbitda": 24200000}, {"date": "1987-09-30", "symbol": "GFF", "reportedCurrency": "USD", "cik": "0000050725", "fillingDate": "1987-09-30", "acceptedDate": "1987-09-29 20:00:00", "calendarYear": "1987", "period": "FY", "revenue": 356800000, "costOfRevenue": 264200000, "grossProfit": 92600000, "grossProfitRatio": 0.259529148, "researchAndDevelopmentExpenses": 0, "generalAndAdministrativeExpenses": 0, "sellingAndMarketingExpenses": 0, "sellingGeneralAndAdministrativeExpenses": 68200000, "otherExpenses": 7400000, "operatingExpenses": 75600000, "costAndExpenses": 339800000, "interestIncome": 0, "interestExpense": 0, "depreciationAndAmortization": 7400000, "ebitda": 23600000, "ebitdaratio": 0.0661434978, "operatingIncome": 17000000, "operatingIncomeRatio": 0.0476457399, "totalOtherIncomeExpensesNet": 800000, "incomeBeforeTax": 13100000, "incomeBeforeTaxRatio": 0.0367152466, "incomeTaxExpense": 6300000, "netIncome": 5600000, "netIncomeRatio": 0.0156950673, "eps": 0.16, "epsdiluted": 0.16, "weightedAverageShsOut": 34790979, "weightedAverageShsOutDil": 34790979, "link": "", "finalLink": "", "calculatedOtherExpenses": 7400000, "calculatedOperatingExpenses": 75600000, "calculatedNetInterest": 0, "calculatedOtherIncome": -3900000, "calculatedIncomeNonControlling": 1200000, "calculatedEbitda": 24400000}, {"date": "1986-09-30", "symbol": "GFF", "reportedCurrency": "USD", "cik": "0000050725", "fillingDate": "1986-09-30", "acceptedDate": "1986-09-29 20:00:00", "calendarYear": "1986", "period": "FY", "revenue": 237400000, "costOfRevenue": 176600000, "grossProfit": 60800000, "grossProfitRatio": 0.2561078349, "researchAndDevelopmentExpenses": 0, "generalAndAdministrativeExpenses": 0, "sellingAndMarketingExpenses": 0, "sellingGeneralAndAdministrativeExpenses": 43900000, "otherExpenses": 5500000, "operatingExpenses": 49400000, "costAndExpenses": 226000000, "interestIncome": 0, "interestExpense": 0, "depreciationAndAmortization": 5500000, "ebitda": 16800000, "ebitdaratio": 0.0707666386, "operatingIncome": 11400000, "operatingIncomeRatio": 0.048020219, "totalOtherIncomeExpensesNet": 100000, "incomeBeforeTax": 8900000, "incomeBeforeTaxRatio": 0.0374894693, "incomeTaxExpense": 4400000, "netIncome": 4500000, "netIncomeRatio": 0.0189553496, "eps": 0.12, "epsdiluted": 0.12, "weightedAverageShsOut": 38896747, "weightedAverageShsOutDil": 38896747, "link": "", "finalLink": "", "calculatedOtherExpenses": 5500000, "calculatedOperatingExpenses": 49400000, "calculatedNetInterest": 0, "calculatedOtherIncome": -2500000, "calculatedIncomeNonControlling": 0, "calculatedEbitda": 16900000}, {"date": "1985-09-30", "symbol": "GFF", "reportedCurrency": "USD", "cik": "0000050725", "fillingDate": "1985-09-30", "acceptedDate": "1985-09-29 20:00:00", "calendarYear": "1985", "period": "FY", "revenue": 182500000, "costOfRevenue": 136700000, "grossProfit": 45800000, "grossProfitRatio": 0.2509589041, "researchAndDevelopmentExpenses": 0, "generalAndAdministrativeExpenses": 0, "sellingAndMarketingExpenses": 0, "sellingGeneralAndAdministrativeExpenses": 32100000, "otherExpenses": 4000000, "operatingExpenses": 36100000, "costAndExpenses": 172800000, "interestIncome": 0, "interestExpense": 0, "depreciationAndAmortization": 4000000, "ebitda": 7600000, "ebitdaratio": 0.0416438356, "operatingIncome": 9700000, "operatingIncomeRatio": 0.0531506849, "totalOtherIncomeExpensesNet": 6100000, "incomeBeforeTax": 9500000, "incomeBeforeTaxRatio": 0.0520547945, "incomeTaxExpense": 4900000, "netIncome": 4600000, "netIncomeRatio": 0.0252054795, "eps": 0.14, "epsdiluted": 0.14, "weightedAverageShsOut": 32744451, "weightedAverageShsOutDil": 32744451, "link": "", "finalLink": "", "calculatedOtherExpenses": 4000000, "calculatedOperatingExpenses": 36100000, "calculatedNetInterest": 0, "calculatedOtherIncome": -200000, "calculatedIncomeNonControlling": 0, "calculatedEbitda": 13700000}]}