{"originalCurrency": "USD", "convertedCurrency": "USD", "report": [{"date": "2023-12-29", "symbol": "GGG", "reportedCurrency": "USD", "cik": "0000042888", "fillingDate": "2024-02-20", "acceptedDate": "2024-02-20 12:52:35", "calendarYear": "2023", "period": "FY", "revenue": 2195606000, "costOfRevenue": 1034585000, "grossProfit": 1161021000, "grossProfitRatio": 0.5287929619, "researchAndDevelopmentExpenses": 82822000, "generalAndAdministrativeExpenses": 171444000, "sellingAndMarketingExpenses": 260712000, "sellingGeneralAndAdministrativeExpenses": 432156000, "otherExpenses": -32850000, "operatingExpenses": 514977999, "costAndExpenses": 1549563000, "interestIncome": 0, "interestExpense": 5191000, "depreciationAndAmortization": 72600000, "ebitda": 720364000, "ebitdaratio": 0.328093474, "operatingIncome": 646043000, "operatingIncomeRatio": 0.2942435938, "totalOtherIncomeExpensesNet": -37241000, "incomeBeforeTax": 608802000, "incomeBeforeTaxRatio": 0.2772819896, "incomeTaxExpense": 102291000, "netIncome": 506511000, "netIncomeRatio": 0.2306930296, "eps": 3.01, "epsdiluted": 2.94, "weightedAverageShsOut": 168442000, "weightedAverageShsOutDil": 172199000, "link": "https://www.sec.gov/Archives/edgar/data/42888/000004288824000010/0000042888-24-000010-index.htm", "finalLink": "https://www.sec.gov/Archives/edgar/data/42888/000004288824000010/ggg-20231229.htm", "calculatedOtherExpenses": 0, "calculatedOperatingExpenses": 514978000, "calculatedNetInterest": -5191000, "calculatedOtherIncome": -32050000, "calculatedIncomeNonControlling": 0, "calculatedEbitda": 718643000}, {"date": "2022-12-30", "symbol": "GGG", "reportedCurrency": "USD", "cik": "0000042888", "fillingDate": "2023-02-21", "acceptedDate": "2023-02-21 14:01:13", "calendarYear": "2022", "period": "FY", "revenue": 2143521000, "costOfRevenue": 1086082000, "grossProfit": 1057439000, "grossProfitRatio": 0.4933187032, "researchAndDevelopmentExpenses": 80008000, "generalAndAdministrativeExpenses": 153783000, "sellingAndMarketingExpenses": 250948000, "sellingGeneralAndAdministrativeExpenses": 404731000, "otherExpenses": 2921000, "operatingExpenses": 484739000, "costAndExpenses": 1570821000, "interestIncome": 9897000, "interestExpense": 9897000, "depreciationAndAmortization": 68918000, "ebitda": 641618000, "ebitdaratio": 0.2993290012, "operatingIncome": 572700000, "operatingIncomeRatio": 0.2671772285, "totalOtherIncomeExpensesNet": -6976000, "incomeBeforeTax": 565724000, "incomeBeforeTaxRatio": 0.2639227701, "incomeTaxExpense": 105079000, "netIncome": 460645000, "netIncomeRatio": 0.2149010903, "eps": 2.73, "epsdiluted": 2.66, "weightedAverageShsOut": 168952000, "weightedAverageShsOutDil": 172893000, "link": "https://www.sec.gov/Archives/edgar/data/42888/000004288823000008/0000042888-23-000008-index.htm", "finalLink": "https://www.sec.gov/Archives/edgar/data/42888/000004288823000008/ggg-20221230.htm", "calculatedOtherExpenses": 0, "calculatedOperatingExpenses": 484739000, "calculatedNetInterest": 0, "calculatedOtherIncome": -6976000, "calculatedIncomeNonControlling": 0, "calculatedEbitda": 641618000}, {"date": "2021-12-31", "symbol": "GGG", "reportedCurrency": "USD", "cik": "0000042888", "fillingDate": "2022-02-22", "acceptedDate": "2022-02-22 12:23:12", "calendarYear": "2021", "period": "FY", "revenue": 1987608000, "costOfRevenue": 953659000, "grossProfit": 1033949000, "grossProfitRatio": 0.5201976446, "researchAndDevelopmentExpenses": 79651000, "generalAndAdministrativeExpenses": 151449000, "sellingAndMarketingExpenses": 271526000, "sellingGeneralAndAdministrativeExpenses": 422975000, "otherExpenses": -12643000, "operatingExpenses": 502626000, "costAndExpenses": 1456285000, "interestIncome": 10215000, "interestExpense": 10215000, "depreciationAndAmortization": 46682000, "ebitda": 578005000, "ebitdaratio": 0.2908043236, "operatingIncome": 531323000, "operatingIncomeRatio": 0.2673178011, "totalOtherIncomeExpensesNet": -22858000, "incomeBeforeTax": 508465000, "incomeBeforeTaxRatio": 0.2558175455, "incomeTaxExpense": 68599000, "netIncome": 439866000, "netIncomeRatio": 0.2213042008, "eps": 2.59, "epsdiluted": 2.52, "weightedAverageShsOut": 169635000, "weightedAverageShsOutDil": 174526000, "link": "https://www.sec.gov/Archives/edgar/data/42888/000004288822000013/0000042888-22-000013-index.htm", "finalLink": "https://www.sec.gov/Archives/edgar/data/42888/000004288822000013/ggg-20211231.htm", "calculatedOtherExpenses": 0, "calculatedOperatingExpenses": 502626000, "calculatedNetInterest": 0, "calculatedOtherIncome": -22858000, "calculatedIncomeNonControlling": 0, "calculatedEbitda": 578005000}, {"date": "2020-12-25", "symbol": "GGG", "reportedCurrency": "USD", "cik": "0000042888", "fillingDate": "2021-02-16", "acceptedDate": "2021-02-16 15:14:56", "calendarYear": "2020", "period": "FY", "revenue": 1650115000, "costOfRevenue": 795178000, "grossProfit": 854937000, "grossProfitRatio": 0.5181075258, "researchAndDevelopmentExpenses": 72194000, "generalAndAdministrativeExpenses": 135525000, "sellingAndMarketingExpenses": 220271000, "sellingGeneralAndAdministrativeExpenses": 355796000, "otherExpenses": -5787000, "operatingExpenses": 427990000, "costAndExpenses": 1223168000, "interestIncome": 11280000, "interestExpense": 11280000, "depreciationAndAmortization": 84771000, "ebitda": 476489000, "ebitdaratio": 0.2887610863, "operatingIncome": 391718000, "operatingIncomeRatio": 0.2373883032, "totalOtherIncomeExpensesNet": -17067000, "incomeBeforeTax": 374651000, "incomeBeforeTaxRatio": 0.2270453877, "incomeTaxExpense": 44195000, "netIncome": 330456000, "netIncomeRatio": 0.200262406, "eps": 1.97, "epsdiluted": 1.92, "weightedAverageShsOut": 167462000, "weightedAverageShsOutDil": 172008000, "link": "https://www.sec.gov/Archives/edgar/data/42888/000004288821000011/0000042888-21-000011-index.htm", "finalLink": "https://www.sec.gov/Archives/edgar/data/42888/000004288821000011/ggg-20201225.htm", "calculatedOtherExpenses": 35229000, "calculatedOperatingExpenses": 463219000, "calculatedNetInterest": 0, "calculatedOtherIncome": -17067000, "calculatedIncomeNonControlling": 0, "calculatedEbitda": 476489000}, {"date": "2019-12-27", "symbol": "GGG", "reportedCurrency": "USD", "cik": "0000042888", "fillingDate": "2020-02-18", "acceptedDate": "2020-02-18 11:32:11", "calendarYear": "2019", "period": "FY", "revenue": 1646045000, "costOfRevenue": 786289000, "grossProfit": 859756000, "grossProfitRatio": 0.5223162186, "researchAndDevelopmentExpenses": 67557000, "generalAndAdministrativeExpenses": 133418000, "sellingAndMarketingExpenses": 234325000, "sellingGeneralAndAdministrativeExpenses": 367743000, "otherExpenses": -5469000, "operatingExpenses": 435300000, "costAndExpenses": 1221589000, "interestIncome": 13110000, "interestExpense": 13110000, "depreciationAndAmortization": 43442000, "ebitda": 467898000, "ebitdaratio": 0.2842558982, "operatingIncome": 424456000, "operatingIncomeRatio": 0.2578641532, "totalOtherIncomeExpensesNet": -18579000, "incomeBeforeTax": 405877000, "incomeBeforeTaxRatio": 0.2465770984, "incomeTaxExpense": 62024000, "netIncome": 343853000, "netIncomeRatio": 0.2088964761, "eps": 2.07, "epsdiluted": 2, "weightedAverageShsOut": 166515000, "weightedAverageShsOutDil": 171624000, "link": "https://www.sec.gov/Archives/edgar/data/42888/000004288820000015/0000042888-20-000015-index.htm", "finalLink": "https://www.sec.gov/Archives/edgar/data/42888/000004288820000015/ggg1227201910-k.htm", "calculatedOtherExpenses": 0, "calculatedOperatingExpenses": 435300000, "calculatedNetInterest": 0, "calculatedOtherIncome": -18579000, "calculatedIncomeNonControlling": 0, "calculatedEbitda": 467898000}, {"date": "2018-12-28", "symbol": "GGG", "reportedCurrency": "USD", "cik": "0000042888", "fillingDate": "2019-02-19", "acceptedDate": "2019-02-19 12:35:13", "calendarYear": "2018", "period": "FY", "revenue": 1653292000, "costOfRevenue": 770753000, "grossProfit": 882539000, "grossProfitRatio": 0.5338070952, "researchAndDevelopmentExpenses": 63124000, "generalAndAdministrativeExpenses": 137515000, "sellingAndMarketingExpenses": 245473000, "sellingGeneralAndAdministrativeExpenses": 382988000, "otherExpenses": -11276000, "operatingExpenses": 446112000, "costAndExpenses": 1216865000, "interestIncome": 0, "interestExpense": 14385000, "depreciationAndAmortization": 47754000, "ebitda": 472905000, "ebitdaratio": 0.286038401, "operatingIncome": 436427000, "operatingIncomeRatio": 0.2639745429, "totalOtherIncomeExpensesNet": -11276000, "incomeBeforeTax": 410766000, "incomeBeforeTaxRatio": 0.2484533888, "incomeTaxExpense": 69712000, "netIncome": 341054000, "netIncomeRatio": 0.2062878185, "eps": 2.04, "epsdiluted": 1.97, "weightedAverageShsOut": 167364000, "weightedAverageShsOutDil": 173213000, "link": "https://www.sec.gov/Archives/edgar/data/42888/000004288819000011/0000042888-19-000011-index.htm", "finalLink": "https://www.sec.gov/Archives/edgar/data/42888/000004288819000011/ggg1228201810-k11.htm", "calculatedOtherExpenses": 0, "calculatedOperatingExpenses": 446112000, "calculatedNetInterest": -14385000, "calculatedOtherIncome": -11276000, "calculatedIncomeNonControlling": 0, "calculatedEbitda": 484181000}, {"date": "2017-12-29", "symbol": "GGG", "reportedCurrency": "USD", "cik": "0000042888", "fillingDate": "2018-02-20", "acceptedDate": "2018-02-20 12:28:19", "calendarYear": "2017", "period": "FY", "revenue": 1474744000, "costOfRevenue": 681695000, "grossProfit": 793049000, "grossProfitRatio": 0.5377536711, "researchAndDevelopmentExpenses": 60106000, "generalAndAdministrativeExpenses": 139034000, "sellingAndMarketingExpenses": 233462000, "sellingGeneralAndAdministrativeExpenses": 372496000, "otherExpenses": 2849000, "operatingExpenses": 432602000, "costAndExpenses": 1114297000, "interestIncome": 0, "interestExpense": 16202000, "depreciationAndAmortization": 45583000, "ebitda": 408879000, "ebitdaratio": 0.2772542217, "operatingIncome": 360447000, "operatingIncomeRatio": 0.2444132677, "totalOtherIncomeExpensesNet": 2849000, "incomeBeforeTax": 347094000, "incomeBeforeTaxRatio": 0.2353588148, "incomeTaxExpense": 94682000, "netIncome": 252412000, "netIncomeRatio": 0.1711564855, "eps": 1.5, "epsdiluted": 1.45, "weightedAverageShsOut": 167925000, "weightedAverageShsOutDil": 174318000, "link": "https://www.sec.gov/Archives/edgar/data/42888/000004288818000009/0000042888-18-000009-index.htm", "finalLink": "https://www.sec.gov/Archives/edgar/data/42888/000004288818000009/ggg1229201710-k.htm", "calculatedOtherExpenses": 0, "calculatedOperatingExpenses": 432602000, "calculatedNetInterest": -16202000, "calculatedOtherIncome": 2849000, "calculatedIncomeNonControlling": 0, "calculatedEbitda": 406030000}, {"date": "2016-12-30", "symbol": "GGG", "reportedCurrency": "USD", "cik": "0000042888", "fillingDate": "2017-02-21", "acceptedDate": "2017-02-21 12:42:03", "calendarYear": "2016", "period": "FY", "revenue": 1329293000, "costOfRevenue": 621054000, "grossProfit": 708239000, "grossProfitRatio": 0.5327937483, "researchAndDevelopmentExpenses": 60606000, "generalAndAdministrativeExpenses": 126481000, "sellingAndMarketingExpenses": 215253000, "sellingGeneralAndAdministrativeExpenses": 341734000, "otherExpenses": 366000, "operatingExpenses": 402340000, "costAndExpenses": 1023394000, "interestIncome": 0, "interestExpense": 17590000, "depreciationAndAmortization": 48290000, "ebitda": 354555000, "ebitdaratio": 0.2667244919, "operatingIncome": 113879000, "operatingIncomeRatio": 0.085668848, "totalOtherIncomeExpensesNet": -191654000, "incomeBeforeTax": 96655000, "incomeBeforeTaxRatio": 0.0727115843, "incomeTaxExpense": 55981000, "netIncome": 40674000, "netIncomeRatio": 0.0305982203, "eps": 0.24, "epsdiluted": 0.24, "weightedAverageShsOut": 166851000, "weightedAverageShsOutDil": 170880000, "link": "https://www.sec.gov/Archives/edgar/data/42888/000004288817000006/0000042888-17-000006-index.htm", "finalLink": "https://www.sec.gov/Archives/edgar/data/42888/000004288817000006/ggg1230201610-k.htm", "calculatedOtherExpenses": 192020000, "calculatedOperatingExpenses": 594360000, "calculatedNetInterest": -17590000, "calculatedOtherIncome": 366000, "calculatedIncomeNonControlling": 0, "calculatedEbitda": 162169000}, {"date": "2015-12-25", "symbol": "GGG", "reportedCurrency": "USD", "cik": "0000042888", "fillingDate": "2016-02-16", "acceptedDate": "2016-02-16 16:07:36", "calendarYear": "2015", "period": "FY", "revenue": 1286485000, "costOfRevenue": 601785000, "grossProfit": 684700000, "grossProfitRatio": 0.5322254049, "researchAndDevelopmentExpenses": 58559000, "generalAndAdministrativeExpenses": 122161000, "sellingAndMarketingExpenses": 201855000, "sellingGeneralAndAdministrativeExpenses": 324016000, "otherExpenses": -1404000, "operatingExpenses": 382575000, "costAndExpenses": 984360000, "interestIncome": 0, "interestExpense": 17643000, "depreciationAndAmortization": 44607000, "ebitda": 345328000, "ebitdaratio": 0.268427537, "operatingIncome": 302125000, "operatingIncomeRatio": 0.2348453344, "totalOtherIncomeExpensesNet": 190231000, "incomeBeforeTax": 474713000, "incomeBeforeTaxRatio": 0.3690000272, "incomeTaxExpense": 129000000, "netIncome": 345713000, "netIncomeRatio": 0.2687268021, "eps": 2, "epsdiluted": 1.95, "weightedAverageShsOut": 172830000, "weightedAverageShsOutDil": 177021000, "link": "https://www.sec.gov/Archives/edgar/data/42888/000004288816000010/0000042888-16-000010-index.htm", "finalLink": "https://www.sec.gov/Archives/edgar/data/42888/000004288816000010/ggg1225201510-k.htm", "calculatedOtherExpenses": 0, "calculatedOperatingExpenses": 382575000, "calculatedNetInterest": -17643000, "calculatedOtherIncome": 190231000, "calculatedIncomeNonControlling": 0, "calculatedEbitda": 346732000}, {"date": "2014-12-26", "symbol": "GGG", "reportedCurrency": "USD", "cik": "0000042888", "fillingDate": "2015-02-17", "acceptedDate": "2015-02-17 14:21:53", "calendarYear": "2014", "period": "FY", "revenue": 1221130000, "costOfRevenue": 554394000, "grossProfit": 666736000, "grossProfitRatio": 0.5459991975, "researchAndDevelopmentExpenses": 54246000, "generalAndAdministrativeExpenses": 108814000, "sellingAndMarketingExpenses": 194751000, "sellingGeneralAndAdministrativeExpenses": 303565000, "otherExpenses": 24881000, "operatingExpenses": 357811000, "costAndExpenses": 912205000, "interestIncome": 0, "interestExpense": 18733000, "depreciationAndAmortization": 35515000, "ebitda": 369321000, "ebitdaratio": 0.3024420004, "operatingIncome": 308925000, "operatingIncomeRatio": 0.2529828929, "totalOtherIncomeExpensesNet": 24881000, "incomeBeforeTax": 315073000, "incomeBeforeTaxRatio": 0.2580175739, "incomeTaxExpense": 89500000, "netIncome": 225573000, "netIncomeRatio": 0.1847248041, "eps": 1.25, "epsdiluted": 1.22, "weightedAverageShsOut": 180444000, "weightedAverageShsOutDil": 185235000, "link": "https://www.sec.gov/Archives/edgar/data/42888/000095012315002691/0000950123-15-002691-index.htm", "finalLink": "https://www.sec.gov/Archives/edgar/data/42888/000095012315002691/d873526d10k.htm", "calculatedOtherExpenses": 0, "calculatedOperatingExpenses": 357811000, "calculatedNetInterest": -18733000, "calculatedOtherIncome": 24881000, "calculatedIncomeNonControlling": 0, "calculatedEbitda": 344440000}, {"date": "2013-12-27", "symbol": "GGG", "reportedCurrency": "USD", "cik": "0000042888", "fillingDate": "2014-02-18", "acceptedDate": "2014-02-18 10:12:49", "calendarYear": "2013", "period": "FY", "revenue": 1104024000, "costOfRevenue": 496569000, "grossProfit": 607455000, "grossProfitRatio": 0.550219017, "researchAndDevelopmentExpenses": 51428000, "generalAndAdministrativeExpenses": 98405000, "sellingAndMarketingExpenses": 177853000, "sellingGeneralAndAdministrativeExpenses": 276258000, "otherExpenses": 27200000, "operatingExpenses": 327686000, "costAndExpenses": 824255000, "interestIncome": 0, "interestExpense": 18147000, "depreciationAndAmortization": 37316000, "ebitda": 344285000, "ebitdaratio": 0.3118455758, "operatingIncome": 279769000, "operatingIncomeRatio": 0.2534084404, "totalOtherIncomeExpensesNet": 27200000, "incomeBeforeTax": 288822000, "incomeBeforeTaxRatio": 0.2616084433, "incomeTaxExpense": 78000000, "netIncome": 210822000, "netIncomeRatio": 0.1909578053, "eps": 1.15, "epsdiluted": 1.12, "weightedAverageShsOut": 183609000, "weightedAverageShsOutDil": 188370000, "link": "https://www.sec.gov/Archives/edgar/data/42888/000119312514056452/0001193125-14-056452-index.htm", "finalLink": "https://www.sec.gov/Archives/edgar/data/42888/000119312514056452/d675621d10k.htm", "calculatedOtherExpenses": 0, "calculatedOperatingExpenses": 327686000, "calculatedNetInterest": -18147000, "calculatedOtherIncome": 27200000, "calculatedIncomeNonControlling": 0, "calculatedEbitda": 317085000}, {"date": "2012-12-28", "symbol": "GGG", "reportedCurrency": "USD", "cik": "0000042888", "fillingDate": "2013-02-19", "acceptedDate": "2013-02-19 14:55:49", "calendarYear": "2012", "period": "FY", "revenue": 1012456000, "costOfRevenue": 461926000, "grossProfit": 550530000, "grossProfitRatio": 0.5437569633, "researchAndDevelopmentExpenses": 48921000, "generalAndAdministrativeExpenses": 113409000, "sellingAndMarketingExpenses": 163523000, "sellingGeneralAndAdministrativeExpenses": 276932000, "otherExpenses": 11922000, "operatingExpenses": 325853000, "costAndExpenses": 787779000, "interestIncome": 0, "interestExpense": 19273000, "depreciationAndAmortization": 38762000, "ebitda": 275361000, "ebitdaratio": 0.2719733006, "operatingIncome": 224677000, "operatingIncomeRatio": 0.2219128535, "totalOtherIncomeExpensesNet": 11922000, "incomeBeforeTax": 217326000, "incomeBeforeTaxRatio": 0.2146522911, "incomeTaxExpense": 68200000, "netIncome": 149126000, "netIncomeRatio": 0.1472913391, "eps": 0.82, "epsdiluted": 0.81, "weightedAverageShsOut": 181353000, "weightedAverageShsOutDil": 185133000, "link": "https://www.sec.gov/Archives/edgar/data/42888/000119312513064952/0001193125-13-064952-index.htm", "finalLink": "https://www.sec.gov/Archives/edgar/data/42888/000119312513064952/d486340d10k.htm", "calculatedOtherExpenses": 0, "calculatedOperatingExpenses": 325853000, "calculatedNetInterest": -19273000, "calculatedOtherIncome": 11922000, "calculatedIncomeNonControlling": 0, "calculatedEbitda": 263439000}, {"date": "2011-12-30", "symbol": "GGG", "reportedCurrency": "USD", "cik": "0000042888", "fillingDate": "2012-02-21", "acceptedDate": "2012-02-21 11:52:03", "calendarYear": "2011", "period": "FY", "revenue": 895283000, "costOfRevenue": 395078000, "grossProfit": 500205000, "grossProfitRatio": 0.5587116029, "researchAndDevelopmentExpenses": 41554000, "generalAndAdministrativeExpenses": 87861000, "sellingAndMarketingExpenses": 151276000, "sellingGeneralAndAdministrativeExpenses": 239137000, "otherExpenses": 0, "operatingExpenses": 280691000, "costAndExpenses": 675769000, "interestIncome": 0, "interestExpense": 9131000, "depreciationAndAmortization": 32483000, "ebitda": 251997000, "ebitdaratio": 0.2814718921, "operatingIncome": 219514000, "operatingIncomeRatio": 0.2451895099, "totalOtherIncomeExpensesNet": -655000, "incomeBeforeTax": 209728000, "incomeBeforeTaxRatio": 0.234258888, "incomeTaxExpense": 67400000, "netIncome": 142328000, "netIncomeRatio": 0.1589754301, "eps": 0.79, "epsdiluted": 0.77, "weightedAverageShsOut": 180858000, "weightedAverageShsOutDil": 184110000, "link": "https://www.sec.gov/Archives/edgar/data/42888/000119312512069746/0001193125-12-069746-index.htm", "finalLink": "https://www.sec.gov/Archives/edgar/data/42888/000119312512069746/d303002d10k.htm", "calculatedOtherExpenses": 0, "calculatedOperatingExpenses": 280691000, "calculatedNetInterest": -9131000, "calculatedOtherIncome": -655000, "calculatedIncomeNonControlling": 0, "calculatedEbitda": 251997000}, {"date": "2010-12-31", "symbol": "GGG", "reportedCurrency": "USD", "cik": "0000042888", "fillingDate": "2011-02-22", "acceptedDate": "2011-02-22 13:09:31", "calendarYear": "2010", "period": "FY", "revenue": 744065000, "costOfRevenue": 340620000, "grossProfit": 403445000, "grossProfitRatio": 0.5422174138, "researchAndDevelopmentExpenses": 37699000, "generalAndAdministrativeExpenses": 76702000, "sellingAndMarketingExpenses": 135903000, "sellingGeneralAndAdministrativeExpenses": 212605000, "otherExpenses": 0, "operatingExpenses": 250304000, "costAndExpenses": 590924000, "interestIncome": 0, "interestExpense": 4184000, "depreciationAndAmortization": 33973000, "ebitda": 187114000, "ebitdaratio": 0.2514753415, "operatingIncome": 153141000, "operatingIncomeRatio": 0.2058166961, "totalOtherIncomeExpensesNet": -417000, "incomeBeforeTax": 148540000, "incomeBeforeTaxRatio": 0.1996330966, "incomeTaxExpense": 45700000, "netIncome": 102840000, "netIncomeRatio": 0.1382137313, "eps": 0.57, "epsdiluted": 0.56, "weightedAverageShsOut": 180627000, "weightedAverageShsOutDil": 182409000, "link": "https://www.sec.gov/Archives/edgar/data/42888/000095012311016366/0000950123-11-016366-index.htm", "finalLink": "https://www.sec.gov/Archives/edgar/data/42888/000095012311016366/c63146e10vk.htm", "calculatedOtherExpenses": 0, "calculatedOperatingExpenses": 250304000, "calculatedNetInterest": -4184000, "calculatedOtherIncome": -417000, "calculatedIncomeNonControlling": 0, "calculatedEbitda": 187114000}, {"date": "2009-12-25", "symbol": "GGG", "reportedCurrency": "USD", "cik": "0000042888", "fillingDate": "2010-02-16", "acceptedDate": "2010-02-16 11:11:25", "calendarYear": "2009", "period": "FY", "revenue": 579212000, "costOfRevenue": 286396000, "grossProfit": 292816000, "grossProfitRatio": 0.5055420123, "researchAndDevelopmentExpenses": 37538000, "generalAndAdministrativeExpenses": 65261000, "sellingAndMarketingExpenses": 115550000, "sellingGeneralAndAdministrativeExpenses": 180811000, "otherExpenses": 0, "operatingExpenses": 218349000, "costAndExpenses": 504745000, "interestIncome": 0, "interestExpense": 4854000, "depreciationAndAmortization": 35140000, "ebitda": 109607000, "ebitdaratio": 0.1892346844, "operatingIncome": 74467000, "operatingIncomeRatio": 0.1285660518, "totalOtherIncomeExpensesNet": -946000, "incomeBeforeTax": 68667000, "incomeBeforeTaxRatio": 0.1185524471, "incomeTaxExpense": 19700000, "netIncome": 48967000, "netIncomeRatio": 0.0845407208, "eps": 0.27, "epsdiluted": 0.27, "weightedAverageShsOut": 179595000, "weightedAverageShsOutDil": 180687000, "link": "https://www.sec.gov/Archives/edgar/data/42888/000095012310012911/0000950123-10-012911-index.htm", "finalLink": "https://www.sec.gov/Archives/edgar/data/42888/000095012310012911/c56321e10vk.htm", "calculatedOtherExpenses": 0, "calculatedOperatingExpenses": 218349000, "calculatedNetInterest": -4854000, "calculatedOtherIncome": -946000, "calculatedIncomeNonControlling": 0, "calculatedEbitda": 109607000}, {"date": "2008-12-26", "symbol": "GGG", "reportedCurrency": "USD", "cik": "0000042888", "fillingDate": "2009-02-17", "acceptedDate": "2009-02-17 14:40:03", "calendarYear": "2008", "period": "FY", "revenue": 817270000, "costOfRevenue": 385093000, "grossProfit": 432177000, "grossProfitRatio": 0.5288056579, "researchAndDevelopmentExpenses": 36558000, "generalAndAdministrativeExpenses": 69589000, "sellingAndMarketingExpenses": 138665000, "sellingGeneralAndAdministrativeExpenses": 208254000, "otherExpenses": 0, "operatingExpenses": 244812000, "costAndExpenses": 629905000, "interestIncome": 0, "interestExpense": 7633000, "depreciationAndAmortization": 35495000, "ebitda": 220554000, "ebitdaratio": 0.2698667515, "operatingIncome": 187365000, "operatingIncomeRatio": 0.229257161, "totalOtherIncomeExpensesNet": 1153000, "incomeBeforeTax": 178579000, "incomeBeforeTaxRatio": 0.2185067358, "incomeTaxExpense": 57700000, "netIncome": 120879000, "netIncomeRatio": 0.1479058328, "eps": 0.67, "epsdiluted": 0.66, "weightedAverageShsOut": 180792000, "weightedAverageShsOutDil": 182505000, "link": "https://www.sec.gov/Archives/edgar/data/42888/000004288809000030/0000042888-09-000030-index.htm", "finalLink": "https://www.sec.gov/Archives/edgar/data/42888/000004288809000030/graco200810k.htm", "calculatedOtherExpenses": 0, "calculatedOperatingExpenses": 244812000, "calculatedNetInterest": -7633000, "calculatedOtherIncome": -1153000, "calculatedIncomeNonControlling": 0, "calculatedEbitda": 222860000}, {"date": "2007-12-28", "symbol": "GGG", "reportedCurrency": "USD", "cik": "0000042888", "fillingDate": "2008-02-19", "acceptedDate": "2008-02-19 16:46:13", "calendarYear": "2007", "period": "FY", "revenue": 841339000, "costOfRevenue": 393913000, "grossProfit": 447426000, "grossProfitRatio": 0.5318022818, "researchAndDevelopmentExpenses": 30277000, "generalAndAdministrativeExpenses": 60161000, "sellingAndMarketingExpenses": 124508000, "sellingGeneralAndAdministrativeExpenses": 184669000, "otherExpenses": 0, "operatingExpenses": 214946000, "costAndExpenses": 608859000, "interestIncome": 0, "interestExpense": 3433000, "depreciationAndAmortization": 28665000, "ebitda": 261356000, "ebitdaratio": 0.3106429156, "operatingIncome": 232480000, "operatingIncomeRatio": 0.2763214352, "totalOtherIncomeExpensesNet": -211000, "incomeBeforeTax": 228836000, "incomeBeforeTaxRatio": 0.2719902441, "incomeTaxExpense": 76000000, "netIncome": 152836000, "netIncomeRatio": 0.1816580475, "eps": 0.78, "epsdiluted": 0.77, "weightedAverageShsOut": 195129000, "weightedAverageShsOutDil": 197952000, "link": "https://www.sec.gov/Archives/edgar/data/42888/000004288808000035/0000042888-08-000035-index.htm", "finalLink": "https://www.sec.gov/Archives/edgar/data/42888/000004288808000035/gracoinc200710k.htm", "calculatedOtherExpenses": 0, "calculatedOperatingExpenses": 214946000, "calculatedNetInterest": -3433000, "calculatedOtherIncome": -211000, "calculatedIncomeNonControlling": 0, "calculatedEbitda": 261145000}, {"date": "2006-12-29", "symbol": "GGG", "reportedCurrency": "USD", "cik": "0000042888", "fillingDate": "2007-02-20", "acceptedDate": "2007-02-20 16:27:35", "calendarYear": "2006", "period": "FY", "revenue": 816468000, "costOfRevenue": 382511000, "grossProfit": 433957000, "grossProfitRatio": 0.5315052151, "researchAndDevelopmentExpenses": 29970000, "generalAndAdministrativeExpenses": 58866000, "sellingAndMarketingExpenses": 119122000, "sellingGeneralAndAdministrativeExpenses": 177988000, "otherExpenses": 0, "operatingExpenses": 207958000, "costAndExpenses": 590469000, "interestIncome": 0, "interestExpense": 946000, "depreciationAndAmortization": 26046000, "ebitda": 252732000, "ebitdaratio": 0.3095430562, "operatingIncome": 225999000, "operatingIncomeRatio": 0.2768008054, "totalOtherIncomeExpensesNet": -687000, "incomeBeforeTax": 224366000, "incomeBeforeTaxRatio": 0.274800727, "incomeTaxExpense": 74600000, "netIncome": 149766000, "netIncomeRatio": 0.1834315613, "eps": 0.74, "epsdiluted": 0.72, "weightedAverageShsOut": 203302262, "weightedAverageShsOutDil": 207049770, "link": "https://www.sec.gov/Archives/edgar/data/42888/000004288807000068/0000042888-07-000068-index.htm", "finalLink": "https://www.sec.gov/Archives/edgar/data/42888/000004288807000068/graco10k2006.htm", "calculatedOtherExpenses": 0, "calculatedOperatingExpenses": 207958000, "calculatedNetInterest": -946000, "calculatedOtherIncome": -687000, "calculatedIncomeNonControlling": 0, "calculatedEbitda": 252045000}, {"date": "2005-12-30", "symbol": "GGG", "reportedCurrency": "USD", "cik": "0000042888", "fillingDate": "2006-02-27", "acceptedDate": "2006-02-27 17:06:42", "calendarYear": "2005", "period": "FY", "revenue": 731702000, "costOfRevenue": 352352000, "grossProfit": 379350000, "grossProfitRatio": 0.5184487674, "researchAndDevelopmentExpenses": 26970000, "generalAndAdministrativeExpenses": 51175000, "sellingAndMarketingExpenses": 110135000, "sellingGeneralAndAdministrativeExpenses": 161310000, "otherExpenses": 0, "operatingExpenses": 188280000, "costAndExpenses": 540632000, "interestIncome": 0, "interestExpense": 1374000, "depreciationAndAmortization": 23496000, "ebitda": 214908000, "ebitdaratio": 0.2937097343, "operatingIncome": 191070000, "operatingIncomeRatio": 0.2611308976, "totalOtherIncomeExpensesNet": -342000, "incomeBeforeTax": 189354000, "incomeBeforeTaxRatio": 0.2587856805, "incomeTaxExpense": 63500000, "netIncome": 125854000, "netIncomeRatio": 0.1720017165, "eps": 0.61, "epsdiluted": 0.6, "weightedAverageShsOut": 206318033, "weightedAverageShsOutDil": 209756667, "link": "https://www.sec.gov/Archives/edgar/data/42888/000004288806000062/0000042888-06-000062-index.htm", "finalLink": "https://www.sec.gov/Archives/edgar/data/42888/000004288806000062/graco10k2005.htm", "calculatedOtherExpenses": 0, "calculatedOperatingExpenses": 188280000, "calculatedNetInterest": -1374000, "calculatedOtherIncome": -342000, "calculatedIncomeNonControlling": 0, "calculatedEbitda": 214566000}, {"date": "2004-12-31", "symbol": "GGG", "reportedCurrency": "USD", "cik": "0000042888", "fillingDate": "2005-02-28", "acceptedDate": "2005-02-28 15:37:51", "calendarYear": "2004", "period": "FY", "revenue": 605032000, "costOfRevenue": 276622000, "grossProfit": 328410000, "grossProfitRatio": 0.5427977363, "researchAndDevelopmentExpenses": 21783000, "generalAndAdministrativeExpenses": 0, "sellingAndMarketingExpenses": 0, "sellingGeneralAndAdministrativeExpenses": 145096000, "otherExpenses": 0, "operatingExpenses": 166879000, "costAndExpenses": 443501000, "interestIncome": 0, "interestExpense": 0, "depreciationAndAmortization": 17808000, "ebitda": 179591000, "ebitdaratio": 0.2968289281, "operatingIncome": 161531000, "operatingIncomeRatio": 0.2669792672, "totalOtherIncomeExpensesNet": -252000, "incomeBeforeTax": 160781000, "incomeBeforeTaxRatio": 0.2657396634, "incomeTaxExpense": 52100000, "netIncome": 108681000, "netIncomeRatio": 0.1796285155, "eps": 0.52, "epsdiluted": 0.52, "weightedAverageShsOut": 207670701, "weightedAverageShsOutDil": 210350323, "link": "https://www.sec.gov/Archives/edgar/data/42888/000004288805000057/0000042888-05-000057-index.htm", "finalLink": "https://www.sec.gov/Archives/edgar/data/42888/000004288805000057/graco10k2004.htm", "calculatedOtherExpenses": 0, "calculatedOperatingExpenses": 166879000, "calculatedNetInterest": 0, "calculatedOtherIncome": -750000, "calculatedIncomeNonControlling": 0, "calculatedEbitda": 179339000}, {"date": "2003-12-26", "symbol": "GGG", "reportedCurrency": "USD", "cik": "0000042888", "fillingDate": "2004-03-02", "acceptedDate": "2004-03-02 17:02:45", "calendarYear": "2003", "period": "FY", "revenue": 535098000, "costOfRevenue": 252296000, "grossProfit": 282802000, "grossProfitRatio": 0.5285050589, "researchAndDevelopmentExpenses": 18087000, "generalAndAdministrativeExpenses": 36456000, "sellingAndMarketingExpenses": 99426000, "sellingGeneralAndAdministrativeExpenses": 135882000, "otherExpenses": 0, "operatingExpenses": 153969000, "costAndExpenses": 406265000, "interestIncome": 0, "interestExpense": 483000, "depreciationAndAmortization": 18747000, "ebitda": 148017000, "ebitdaratio": 0.2766166198, "operatingIncome": 128833000, "operatingIncomeRatio": 0.240765243, "totalOtherIncomeExpensesNet": -437000, "incomeBeforeTax": 127913000, "incomeBeforeTaxRatio": 0.2390459318, "incomeTaxExpense": 41200000, "netIncome": 86713000, "netIncomeRatio": 0.1620506898, "eps": 0.42, "epsdiluted": 0.41, "weightedAverageShsOut": 208111200, "weightedAverageShsOutDil": 211495122, "link": "https://www.sec.gov/Archives/edgar/data/42888/000004288804000050/0000042888-04-000050-index.htm", "finalLink": "https://www.sec.gov/Archives/edgar/data/42888/000004288804000050/graco2003form10-k.htm", "calculatedOtherExpenses": 0, "calculatedOperatingExpenses": 153969000, "calculatedNetInterest": -483000, "calculatedOtherIncome": -437000, "calculatedIncomeNonControlling": 0, "calculatedEbitda": 147580000}, {"date": "2002-12-27", "symbol": "GGG", "reportedCurrency": "USD", "cik": "0000042888", "fillingDate": "2003-03-20", "acceptedDate": "2003-03-20 11:50:31", "calendarYear": "2002", "period": "FY", "revenue": 487048000, "costOfRevenue": 236890000, "grossProfit": 250158000, "grossProfitRatio": 0.5136208341, "researchAndDevelopmentExpenses": 18172000, "generalAndAdministrativeExpenses": 0, "sellingAndMarketingExpenses": 0, "sellingGeneralAndAdministrativeExpenses": 119140000, "otherExpenses": 0, "operatingExpenses": 137312000, "costAndExpenses": 374202000, "interestIncome": 0, "interestExpense": 0, "depreciationAndAmortization": 18080000, "ebitda": 131433000, "ebitdaratio": 0.2698563591, "operatingIncome": 112846000, "operatingIncomeRatio": 0.2316937961, "totalOtherIncomeExpensesNet": -507000, "incomeBeforeTax": 111725000, "incomeBeforeTaxRatio": 0.2293921749, "incomeTaxExpense": 36100000, "netIncome": 75625000, "netIncomeRatio": 0.1552721703, "eps": 0.35, "epsdiluted": 0.35, "weightedAverageShsOut": 214033019, "weightedAverageShsOutDil": 216759554, "link": "https://www.sec.gov/Archives/edgar/data/42888/000004288803000007/0000042888-03-000007-index.htm", "finalLink": "https://www.sec.gov/Archives/edgar/data/42888/000004288803000007/form10k2002.htm", "calculatedOtherExpenses": 0, "calculatedOperatingExpenses": 137312000, "calculatedNetInterest": 0, "calculatedOtherIncome": -1121000, "calculatedIncomeNonControlling": 0, "calculatedEbitda": 130926000}, {"date": "2001-12-28", "symbol": "GGG", "reportedCurrency": "USD", "cik": "0000042888", "fillingDate": "2002-03-22", "acceptedDate": "2002-03-22 00:00:00", "calendarYear": "2001", "period": "FY", "revenue": 472819000, "costOfRevenue": 238057000, "grossProfit": 234762000, "grossProfitRatio": 0.49651558, "researchAndDevelopmentExpenses": 20808000, "generalAndAdministrativeExpenses": 0, "sellingAndMarketingExpenses": 0, "sellingGeneralAndAdministrativeExpenses": 113772000, "otherExpenses": 0, "operatingExpenses": 134580000, "costAndExpenses": 372637000, "interestIncome": 0, "interestExpense": 0, "depreciationAndAmortization": 18494000, "ebitda": 120145000, "ebitdaratio": 0.2541035787, "operatingIncome": 100182000, "operatingIncomeRatio": 0.2118823482, "totalOtherIncomeExpensesNet": -1469000, "incomeBeforeTax": 97466000, "incomeBeforeTaxRatio": 0.2061380782, "incomeTaxExpense": 32200000, "netIncome": 65266000, "netIncomeRatio": 0.138035908, "eps": 0.31, "epsdiluted": 0.31, "weightedAverageShsOut": 208789336, "weightedAverageShsOutDil": 212823913, "link": "https://www.sec.gov/Archives/edgar/data/42888/000004288802000004/0000042888-02-000004-index.htm", "finalLink": "https://www.sec.gov/Archives/edgar/data/42888/000004288802000004/graco10k2001.txt", "calculatedOtherExpenses": 0, "calculatedOperatingExpenses": 134580000, "calculatedNetInterest": 0, "calculatedOtherIncome": -2716000, "calculatedIncomeNonControlling": 0, "calculatedEbitda": 118676000}, {"date": "2000-12-29", "symbol": "GGG", "reportedCurrency": "USD", "cik": "0000042888", "fillingDate": "2001-03-16", "acceptedDate": "2001-03-16 00:00:00", "calendarYear": "2000", "period": "FY", "revenue": 494373000, "costOfRevenue": 228069000, "grossProfit": 266304000, "grossProfitRatio": 0.5386701944, "researchAndDevelopmentExpenses": 19998000, "generalAndAdministrativeExpenses": 0, "sellingAndMarketingExpenses": 0, "sellingGeneralAndAdministrativeExpenses": 119612000, "otherExpenses": 15452000, "operatingExpenses": 155062000, "costAndExpenses": 383131000, "interestIncome": 0, "interestExpense": 0, "depreciationAndAmortization": 15452000, "ebitda": 127901000, "ebitdaratio": 0.2587135624, "operatingIncome": 111242000, "operatingIncomeRatio": 0.2250163338, "totalOtherIncomeExpensesNet": -1207000, "incomeBeforeTax": 105908000, "incomeBeforeTaxRatio": 0.2142269096, "incomeTaxExpense": 35800000, "netIncome": 70108000, "netIncomeRatio": 0.1418119517, "eps": 0.34, "epsdiluted": 0.34, "weightedAverageShsOut": 204861039, "weightedAverageShsOutDil": 208931126, "link": "https://www.sec.gov/Archives/edgar/data/42888/000004288801000002/0000042888-01-000002-index.htm", "finalLink": "https://www.sec.gov/Archives/edgar/data/42888/000004288801000002/0000042888-01-000002-0001.txt", "calculatedOtherExpenses": 15452000, "calculatedOperatingExpenses": 155062000, "calculatedNetInterest": 0, "calculatedOtherIncome": -5334000, "calculatedIncomeNonControlling": 0, "calculatedEbitda": 126694000}, {"date": "1999-12-31", "symbol": "GGG", "reportedCurrency": "USD", "cik": "0000042888", "fillingDate": "2000-03-30", "acceptedDate": "2000-03-30 00:00:00", "calendarYear": "1999", "period": "FY", "revenue": 442500000, "costOfRevenue": 196600000, "grossProfit": 245900000, "grossProfitRatio": 0.5557062147, "researchAndDevelopmentExpenses": 19700000, "generalAndAdministrativeExpenses": 0, "sellingAndMarketingExpenses": 0, "sellingGeneralAndAdministrativeExpenses": 118200000, "otherExpenses": 14700000, "operatingExpenses": 152600000, "costAndExpenses": 349200000, "interestIncome": 0, "interestExpense": 0, "depreciationAndAmortization": 14700000, "ebitda": 105300000, "ebitdaratio": 0.2379661017, "operatingIncome": 93300000, "operatingIncomeRatio": 0.2108474576, "totalOtherIncomeExpensesNet": 2700000, "incomeBeforeTax": 88800000, "incomeBeforeTaxRatio": 0.2006779661, "incomeTaxExpense": 29500000, "netIncome": 59300000, "netIncomeRatio": 0.1340112994, "eps": 0.29, "epsdiluted": 0.28, "weightedAverageShsOut": 205411154, "weightedAverageShsOutDil": 210816711, "link": "https://www.sec.gov/Archives/edgar/data/42888/000004288800000014/0000042888-00-000014-index.html", "finalLink": "https://www.sec.gov/Archives/edgar/data/42888/000004288800000014/", "calculatedOtherExpenses": 14700000, "calculatedOperatingExpenses": 152600000, "calculatedNetInterest": 0, "calculatedOtherIncome": -4500000, "calculatedIncomeNonControlling": 0, "calculatedEbitda": 108000000}, {"date": "1998-12-25", "symbol": "GGG", "reportedCurrency": "USD", "cik": "0000042888", "fillingDate": "1999-03-25", "acceptedDate": "1999-03-25 00:00:00", "calendarYear": "1998", "period": "FY", "revenue": 432200000, "costOfRevenue": 199000000, "grossProfit": 233200000, "grossProfitRatio": 0.5395650162, "researchAndDevelopmentExpenses": 18200000, "generalAndAdministrativeExpenses": 0, "sellingAndMarketingExpenses": 0, "sellingGeneralAndAdministrativeExpenses": 124300000, "otherExpenses": 13700000, "operatingExpenses": 156200000, "costAndExpenses": 355200000, "interestIncome": 0, "interestExpense": 0, "depreciationAndAmortization": 13700000, "ebitda": 90900000, "ebitdaratio": 0.2103192966, "operatingIncome": 77000000, "operatingIncomeRatio": 0.1781582601, "totalOtherIncomeExpensesNet": -200000, "incomeBeforeTax": 71400000, "incomeBeforeTaxRatio": 0.1652012957, "incomeTaxExpense": 24100000, "netIncome": 47300000, "netIncomeRatio": 0.109440074, "eps": 0.2, "epsdiluted": 0.2, "weightedAverageShsOut": 232632429, "weightedAverageShsOutDil": 237840748, "link": "https://www.sec.gov/Archives/edgar/data/42888/000004288899000007/0000042888-99-000007-index.html", "finalLink": "https://www.sec.gov/Archives/edgar/data/42888/", "calculatedOtherExpenses": 13700000, "calculatedOperatingExpenses": 156200000, "calculatedNetInterest": 0, "calculatedOtherIncome": -5600000, "calculatedIncomeNonControlling": 0, "calculatedEbitda": 90700000}, {"date": "1997-12-26", "symbol": "GGG", "reportedCurrency": "USD", "cik": "0000042888", "fillingDate": "1998-03-26", "acceptedDate": "1998-03-26 00:00:00", "calendarYear": "1997", "period": "FY", "revenue": 413900000, "costOfRevenue": 197400000, "grossProfit": 216500000, "grossProfitRatio": 0.5230732061, "researchAndDevelopmentExpenses": 17800000, "generalAndAdministrativeExpenses": 0, "sellingAndMarketingExpenses": 0, "sellingGeneralAndAdministrativeExpenses": 119700000, "otherExpenses": 13500000, "operatingExpenses": 151000000, "costAndExpenses": 348400000, "interestIncome": 0, "interestExpense": 0, "depreciationAndAmortization": 13500000, "ebitda": 80100000, "ebitdaratio": 0.193525006, "operatingIncome": 65500000, "operatingIncomeRatio": 0.1582507852, "totalOtherIncomeExpensesNet": -1100000, "incomeBeforeTax": 63500000, "incomeBeforeTaxRatio": 0.1534187002, "incomeTaxExpense": 18800000, "netIncome": 44700000, "netIncomeRatio": 0.1079971007, "eps": 0.17, "epsdiluted": 0.17, "weightedAverageShsOut": 258621429, "weightedAverageShsOutDil": 264671053, "link": "https://www.sec.gov/Archives/edgar/data/42888/000004288898000008/0000042888-98-000008-index.html", "finalLink": "https://www.sec.gov/Archives/edgar/data/42888/", "calculatedOtherExpenses": 13500000, "calculatedOperatingExpenses": 151000000, "calculatedNetInterest": 0, "calculatedOtherIncome": -2000000, "calculatedIncomeNonControlling": 0, "calculatedEbitda": 79000000}, {"date": "1996-12-27", "symbol": "GGG", "reportedCurrency": "USD", "cik": "0000042888", "fillingDate": "1997-03-20", "acceptedDate": "1997-03-20 00:00:00", "calendarYear": "1996", "period": "FY", "revenue": 391800000, "costOfRevenue": 183100000, "grossProfit": 208700000, "grossProfitRatio": 0.5326697295, "researchAndDevelopmentExpenses": 17900000, "generalAndAdministrativeExpenses": 0, "sellingAndMarketingExpenses": 0, "sellingGeneralAndAdministrativeExpenses": 125000000, "otherExpenses": 12700000, "operatingExpenses": 155600000, "costAndExpenses": 338700000, "interestIncome": 0, "interestExpense": 0, "depreciationAndAmortization": 12700000, "ebitda": 65300000, "ebitdaratio": 0.1666666667, "operatingIncome": 53100000, "operatingIncomeRatio": 0.1355283308, "totalOtherIncomeExpensesNet": 500000, "incomeBeforeTax": 52800000, "incomeBeforeTaxRatio": 0.134762634, "incomeTaxExpense": 16600000, "netIncome": 36200000, "netIncomeRatio": 0.0923940786, "eps": 0.14, "epsdiluted": 0.14, "weightedAverageShsOut": 265597826, "weightedAverageShsOutDil": 267655216, "link": "https://www.sec.gov/Archives/edgar/data/42888/000004288897000003/0000042888-97-000003-index.html", "finalLink": "https://www.sec.gov/Archives/edgar/data/42888/", "calculatedOtherExpenses": 12700000, "calculatedOperatingExpenses": 155600000, "calculatedNetInterest": 0, "calculatedOtherIncome": -300000, "calculatedIncomeNonControlling": 0, "calculatedEbitda": 65800000}, {"date": "1995-12-29", "symbol": "GGG", "reportedCurrency": "USD", "cik": "0000042888", "fillingDate": "1996-03-19", "acceptedDate": "1996-03-19 00:00:00", "calendarYear": "1995", "period": "FY", "revenue": 386300000, "costOfRevenue": 185600000, "grossProfit": 200700000, "grossProfitRatio": 0.5195443955, "researchAndDevelopmentExpenses": 15700000, "generalAndAdministrativeExpenses": 0, "sellingAndMarketingExpenses": 0, "sellingGeneralAndAdministrativeExpenses": 128600000, "otherExpenses": 11100000, "operatingExpenses": 155400000, "costAndExpenses": 341000000, "interestIncome": 0, "interestExpense": 0, "depreciationAndAmortization": 11100000, "ebitda": 55700000, "ebitdaratio": 0.1441884546, "operatingIncome": 45300000, "operatingIncomeRatio": 0.1172663733, "totalOtherIncomeExpensesNet": 700000, "incomeBeforeTax": 43600000, "incomeBeforeTaxRatio": 0.1128656485, "incomeTaxExpense": 15900000, "netIncome": 27700000, "netIncomeRatio": 0.071705928, "eps": 0.1, "epsdiluted": 0.1, "weightedAverageShsOut": 264587264, "weightedAverageShsOutDil": 265840185, "link": "https://www.sec.gov/Archives/edgar/data/42888/000004288896000003/0000042888-96-000003-index.html", "finalLink": "https://www.sec.gov/Archives/edgar/data/42888/", "calculatedOtherExpenses": 11100000, "calculatedOperatingExpenses": 155400000, "calculatedNetInterest": 0, "calculatedOtherIncome": -1700000, "calculatedIncomeNonControlling": 0, "calculatedEbitda": 56400000}, {"date": "1994-12-30", "symbol": "GGG", "reportedCurrency": "USD", "cik": "0000042888", "fillingDate": "1995-03-22", "acceptedDate": "1995-03-22 00:00:00", "calendarYear": "1994", "period": "FY", "revenue": 360000000, "costOfRevenue": 175600000, "grossProfit": 184400000, "grossProfitRatio": 0.5122222222, "researchAndDevelopmentExpenses": 14600000, "generalAndAdministrativeExpenses": 0, "sellingAndMarketingExpenses": 0, "sellingGeneralAndAdministrativeExpenses": 133000000, "otherExpenses": 10400000, "operatingExpenses": 158000000, "costAndExpenses": 333600000, "interestIncome": 0, "interestExpense": 0, "depreciationAndAmortization": 10400000, "ebitda": 37800000, "ebitdaratio": 0.105, "operatingIncome": 26400000, "operatingIncomeRatio": 0.0733333333, "totalOtherIncomeExpensesNet": -1000000, "incomeBeforeTax": 23400000, "incomeBeforeTaxRatio": 0.065, "incomeTaxExpense": 8100000, "netIncome": 15300000, "netIncomeRatio": 0.0425, "eps": 0.0579, "epsdiluted": 0.0579, "weightedAverageShsOut": 264055398, "weightedAverageShsOutDil": 267136966, "link": "https://www.sec.gov/Archives/edgar/data/42888/000004288895000006/0000042888-95-000006-index.html", "finalLink": "https://www.sec.gov/Archives/edgar/data/42888/", "calculatedOtherExpenses": 10400000, "calculatedOperatingExpenses": 158000000, "calculatedNetInterest": 0, "calculatedOtherIncome": -3000000, "calculatedIncomeNonControlling": 0, "calculatedEbitda": 36800000}, {"date": "1993-12-31", "symbol": "GGG", "reportedCurrency": "USD", "cik": "0000042888", "fillingDate": "1993-12-31", "acceptedDate": "1993-12-30 19:00:00", "calendarYear": "1993", "period": "FY", "revenue": 322600000, "costOfRevenue": 160200000, "grossProfit": 162400000, "grossProfitRatio": 0.5034097954, "researchAndDevelopmentExpenses": 0, "generalAndAdministrativeExpenses": 0, "sellingAndMarketingExpenses": 0, "sellingGeneralAndAdministrativeExpenses": 136300000, "otherExpenses": 9300000, "operatingExpenses": 145600000, "costAndExpenses": 305800000, "interestIncome": 0, "interestExpense": 0, "depreciationAndAmortization": 9300000, "ebitda": 26900000, "ebitdaratio": 0.0833849969, "operatingIncome": 16800000, "operatingIncomeRatio": 0.0520768754, "totalOtherIncomeExpensesNet": -800000, "incomeBeforeTax": 13800000, "incomeBeforeTaxRatio": 0.0427774334, "incomeTaxExpense": 4300000, "netIncome": 9500000, "netIncomeRatio": 0.0294482331, "eps": 0.0371, "epsdiluted": 0.0371, "weightedAverageShsOut": 256244268, "weightedAverageShsOutDil": 256244268, "link": "", "finalLink": "", "calculatedOtherExpenses": 9300000, "calculatedOperatingExpenses": 145600000, "calculatedNetInterest": 0, "calculatedOtherIncome": -3000000, "calculatedIncomeNonControlling": 0, "calculatedEbitda": 26100000}, {"date": "1992-12-31", "symbol": "GGG", "reportedCurrency": "USD", "cik": "0000042888", "fillingDate": "1992-12-31", "acceptedDate": "1992-12-30 19:00:00", "calendarYear": "1992", "period": "FY", "revenue": 320300000, "costOfRevenue": 155000000, "grossProfit": 165300000, "grossProfitRatio": 0.5160786762, "researchAndDevelopmentExpenses": 0, "generalAndAdministrativeExpenses": 0, "sellingAndMarketingExpenses": 0, "sellingGeneralAndAdministrativeExpenses": 137200000, "otherExpenses": 8600000, "operatingExpenses": 145800000, "costAndExpenses": 300800000, "interestIncome": 0, "interestExpense": 0, "depreciationAndAmortization": 8600000, "ebitda": 26800000, "ebitdaratio": 0.0836715579, "operatingIncome": 19500000, "operatingIncomeRatio": 0.0608804246, "totalOtherIncomeExpensesNet": 1300000, "incomeBeforeTax": 18000000, "incomeBeforeTaxRatio": 0.056197315, "incomeTaxExpense": 6900000, "netIncome": 5300000, "netIncomeRatio": 0.0165469872, "eps": 0.0208, "epsdiluted": 0.0208, "weightedAverageShsOut": 250461588, "weightedAverageShsOutDil": 250461588, "link": "", "finalLink": "", "calculatedOtherExpenses": 8600000, "calculatedOperatingExpenses": 145800000, "calculatedNetInterest": 0, "calculatedOtherIncome": -1500000, "calculatedIncomeNonControlling": 5800000, "calculatedEbitda": 28100000}, {"date": "1991-12-31", "symbol": "GGG", "reportedCurrency": "USD", "cik": "0000042888", "fillingDate": "1991-12-31", "acceptedDate": "1991-12-30 19:00:00", "calendarYear": "1991", "period": "FY", "revenue": 311900000, "costOfRevenue": 151400000, "grossProfit": 160500000, "grossProfitRatio": 0.514588009, "researchAndDevelopmentExpenses": 0, "generalAndAdministrativeExpenses": 0, "sellingAndMarketingExpenses": 0, "sellingGeneralAndAdministrativeExpenses": 132000000, "otherExpenses": 9100000, "operatingExpenses": 141100000, "costAndExpenses": 292500000, "interestIncome": 0, "interestExpense": 0, "depreciationAndAmortization": 9100000, "ebitda": 28800000, "ebitdaratio": 0.0923372876, "operatingIncome": 19400000, "operatingIncomeRatio": 0.0621994229, "totalOtherIncomeExpensesNet": -300000, "incomeBeforeTax": 15300000, "incomeBeforeTaxRatio": 0.049054184, "incomeTaxExpense": 6400000, "netIncome": 8900000, "netIncomeRatio": 0.0285347868, "eps": 0.0341, "epsdiluted": 0.0341, "weightedAverageShsOut": 258003987, "weightedAverageShsOutDil": 258003987, "link": "", "finalLink": "", "calculatedOtherExpenses": 9100000, "calculatedOperatingExpenses": 141100000, "calculatedNetInterest": 0, "calculatedOtherIncome": -4100000, "calculatedIncomeNonControlling": 0, "calculatedEbitda": 28500000}, {"date": "1990-12-31", "symbol": "GGG", "reportedCurrency": "USD", "cik": "0000042888", "fillingDate": "1990-12-31", "acceptedDate": "1990-12-30 19:00:00", "calendarYear": "1990", "period": "FY", "revenue": 321300000, "costOfRevenue": 153300000, "grossProfit": 168000000, "grossProfitRatio": 0.522875817, "researchAndDevelopmentExpenses": 0, "generalAndAdministrativeExpenses": 0, "sellingAndMarketingExpenses": 0, "sellingGeneralAndAdministrativeExpenses": 126200000, "otherExpenses": 8900000, "operatingExpenses": 135100000, "costAndExpenses": 288400000, "interestIncome": 0, "interestExpense": 0, "depreciationAndAmortization": 8900000, "ebitda": 42200000, "ebitdaratio": 0.1313414255, "operatingIncome": 32900000, "operatingIncomeRatio": 0.1023965142, "totalOtherIncomeExpensesNet": -400000, "incomeBeforeTax": 29000000, "incomeBeforeTaxRatio": 0.0902583256, "incomeTaxExpense": 11300000, "netIncome": 17700000, "netIncomeRatio": 0.0550887021, "eps": 0.0727, "epsdiluted": 0.0727, "weightedAverageShsOut": 242206279, "weightedAverageShsOutDil": 242206279, "link": "", "finalLink": "", "calculatedOtherExpenses": 8900000, "calculatedOperatingExpenses": 135100000, "calculatedNetInterest": 0, "calculatedOtherIncome": -3900000, "calculatedIncomeNonControlling": 0, "calculatedEbitda": 41800000}, {"date": "1989-12-31", "symbol": "GGG", "reportedCurrency": "USD", "cik": "0000042888", "fillingDate": "1989-12-31", "acceptedDate": "1989-12-30 19:00:00", "calendarYear": "1989", "period": "FY", "revenue": 297700000, "costOfRevenue": 146500000, "grossProfit": 151200000, "grossProfitRatio": 0.5078938529, "researchAndDevelopmentExpenses": 0, "generalAndAdministrativeExpenses": 0, "sellingAndMarketingExpenses": 0, "sellingGeneralAndAdministrativeExpenses": 113700000, "otherExpenses": 7400000, "operatingExpenses": 121100000, "costAndExpenses": 267600000, "interestIncome": 0, "interestExpense": 0, "depreciationAndAmortization": 7400000, "ebitda": 38600000, "ebitdaratio": 0.1296607323, "operatingIncome": 30100000, "operatingIncomeRatio": 0.1011084985, "totalOtherIncomeExpensesNet": -1100000, "incomeBeforeTax": 24500000, "incomeBeforeTaxRatio": 0.082297615, "incomeTaxExpense": 10000000, "netIncome": 14500000, "netIncomeRatio": 0.0487067518, "eps": 0.0593, "epsdiluted": 0.0593, "weightedAverageShsOut": 242756636, "weightedAverageShsOutDil": 242756636, "link": "", "finalLink": "", "calculatedOtherExpenses": 7400000, "calculatedOperatingExpenses": 121100000, "calculatedNetInterest": 0, "calculatedOtherIncome": -5600000, "calculatedIncomeNonControlling": 0, "calculatedEbitda": 37500000}, {"date": "1988-12-31", "symbol": "GGG", "reportedCurrency": "USD", "cik": "0000042888", "fillingDate": "1988-12-31", "acceptedDate": "1988-12-30 19:00:00", "calendarYear": "1988", "period": "FY", "revenue": 267900000, "costOfRevenue": 125200000, "grossProfit": 142700000, "grossProfitRatio": 0.5326614408, "researchAndDevelopmentExpenses": 0, "generalAndAdministrativeExpenses": 0, "sellingAndMarketingExpenses": 0, "sellingGeneralAndAdministrativeExpenses": 109400000, "otherExpenses": 7400000, "operatingExpenses": 116800000, "costAndExpenses": 242000000, "interestIncome": 0, "interestExpense": 0, "depreciationAndAmortization": 7400000, "ebitda": 33200000, "ebitdaratio": 0.1239268384, "operatingIncome": 25900000, "operatingIncomeRatio": 0.0966778649, "totalOtherIncomeExpensesNet": 100000, "incomeBeforeTax": 21800000, "incomeBeforeTaxRatio": 0.0813736469, "incomeTaxExpense": 8500000, "netIncome": 13300000, "netIncomeRatio": 0.0496453901, "eps": 0.0549, "epsdiluted": 0.0549, "weightedAverageShsOut": 242392579, "weightedAverageShsOutDil": 242392579, "link": "", "finalLink": "", "calculatedOtherExpenses": 7400000, "calculatedOperatingExpenses": 116800000, "calculatedNetInterest": 0, "calculatedOtherIncome": -4100000, "calculatedIncomeNonControlling": 0, "calculatedEbitda": 33300000}, {"date": "1987-12-31", "symbol": "GGG", "reportedCurrency": "USD", "cik": "0000042888", "fillingDate": "1987-12-31", "acceptedDate": "1987-12-30 19:00:00", "calendarYear": "1987", "period": "FY", "revenue": 239700000, "costOfRevenue": 109800000, "grossProfit": 129900000, "grossProfitRatio": 0.5419274093, "researchAndDevelopmentExpenses": 0, "generalAndAdministrativeExpenses": 0, "sellingAndMarketingExpenses": 0, "sellingGeneralAndAdministrativeExpenses": 98100000, "otherExpenses": 7200000, "operatingExpenses": 105300000, "costAndExpenses": 215100000, "interestIncome": 0, "interestExpense": 0, "depreciationAndAmortization": 7200000, "ebitda": 30900000, "ebitdaratio": 0.1289111389, "operatingIncome": 24600000, "operatingIncomeRatio": 0.1026282854, "totalOtherIncomeExpensesNet": 900000, "incomeBeforeTax": 23700000, "incomeBeforeTaxRatio": 0.098873592, "incomeTaxExpense": 10900000, "netIncome": 12800000, "netIncomeRatio": 0.0534000834, "eps": 0.0445, "epsdiluted": 0.0445, "weightedAverageShsOut": 287711569, "weightedAverageShsOutDil": 287711569, "link": "", "finalLink": "", "calculatedOtherExpenses": 7200000, "calculatedOperatingExpenses": 105300000, "calculatedNetInterest": 0, "calculatedOtherIncome": -900000, "calculatedIncomeNonControlling": 0, "calculatedEbitda": 31800000}, {"date": "1986-12-31", "symbol": "GGG", "reportedCurrency": "USD", "cik": "0000042888", "fillingDate": "1986-12-31", "acceptedDate": "1986-12-30 19:00:00", "calendarYear": "1986", "period": "FY", "revenue": 225100000, "costOfRevenue": 103500000, "grossProfit": 121600000, "grossProfitRatio": 0.5402043536, "researchAndDevelopmentExpenses": 0, "generalAndAdministrativeExpenses": 0, "sellingAndMarketingExpenses": 0, "sellingGeneralAndAdministrativeExpenses": 87600000, "otherExpenses": 6400000, "operatingExpenses": 94000000, "costAndExpenses": 197500000, "interestIncome": 0, "interestExpense": 0, "depreciationAndAmortization": 6400000, "ebitda": 32800000, "ebitdaratio": 0.1457130164, "operatingIncome": 27600000, "operatingIncomeRatio": 0.1226121724, "totalOtherIncomeExpensesNet": 1200000, "incomeBeforeTax": 27000000, "incomeBeforeTaxRatio": 0.1199466904, "incomeTaxExpense": 12700000, "netIncome": 14300000, "netIncomeRatio": 0.0635273212, "eps": 0.046, "epsdiluted": 0.046, "weightedAverageShsOut": 311058905, "weightedAverageShsOutDil": 311058905, "link": "", "finalLink": "", "calculatedOtherExpenses": 6400000, "calculatedOperatingExpenses": 94000000, "calculatedNetInterest": 0, "calculatedOtherIncome": -600000, "calculatedIncomeNonControlling": 0, "calculatedEbitda": 34000000}, {"date": "1985-12-31", "symbol": "GGG", "reportedCurrency": "USD", "cik": "0000042888", "fillingDate": "1985-12-31", "acceptedDate": "1985-12-30 19:00:00", "calendarYear": "1985", "period": "FY", "revenue": 208300000, "costOfRevenue": 100700000, "grossProfit": 107600000, "grossProfitRatio": 0.51656265, "researchAndDevelopmentExpenses": 0, "generalAndAdministrativeExpenses": 0, "sellingAndMarketingExpenses": 0, "sellingGeneralAndAdministrativeExpenses": 79300000, "otherExpenses": 5900000, "operatingExpenses": 85200000, "costAndExpenses": 185900000, "interestIncome": 0, "interestExpense": 0, "depreciationAndAmortization": 5900000, "ebitda": 28200000, "ebitdaratio": 0.1353816611, "operatingIncome": 22400000, "operatingIncomeRatio": 0.107537206, "totalOtherIncomeExpensesNet": 100000, "incomeBeforeTax": 20800000, "incomeBeforeTaxRatio": 0.099855977, "incomeTaxExpense": 10000000, "netIncome": 10800000, "netIncomeRatio": 0.0518482957, "eps": 0.0371, "epsdiluted": 0.0371, "weightedAverageShsOut": 297137946, "weightedAverageShsOutDil": 297137946, "link": "", "finalLink": "", "calculatedOtherExpenses": 5900000, "calculatedOperatingExpenses": 85200000, "calculatedNetInterest": 0, "calculatedOtherIncome": -1600000, "calculatedIncomeNonControlling": 0, "calculatedEbitda": 28300000}, {"date": "1984-12-31", "symbol": "GGG", "reportedCurrency": "USD", "cik": "0000042888", "fillingDate": "1984-12-31", "acceptedDate": "1984-12-30 19:00:00", "calendarYear": "1984", "period": "FY", "revenue": 166500000, "costOfRevenue": 84400000, "grossProfit": 82100000, "grossProfitRatio": 0.4930930931, "researchAndDevelopmentExpenses": 7400000, "generalAndAdministrativeExpenses": 61700000, "sellingAndMarketingExpenses": 0, "sellingGeneralAndAdministrativeExpenses": 61700000, "otherExpenses": 99999, "operatingExpenses": 69199999, "costAndExpenses": 153600000, "interestIncome": 0, "interestExpense": -1500000, "depreciationAndAmortization": 5100000, "ebitda": 15000000, "ebitdaratio": 0.0900900901, "operatingIncome": 12900000, "operatingIncomeRatio": 0.0774774775, "totalOtherIncomeExpensesNet": -1500000, "incomeBeforeTax": 11400000, "incomeBeforeTaxRatio": 0.0684684685, "incomeTaxExpense": 4300000, "netIncome": 7100000, "netIncomeRatio": 0.0426426426, "eps": 0.0243, "epsdiluted": 0.0243, "weightedAverageShsOut": 291900000, "weightedAverageShsOutDil": 291900000, "link": "", "finalLink": "", "calculatedOtherExpenses": 100000, "calculatedOperatingExpenses": 69200000, "calculatedNetInterest": 1500000, "calculatedOtherIncome": -3000000, "calculatedIncomeNonControlling": 0, "calculatedEbitda": 18000000}, {"date": "1983-12-31", "symbol": "GGG", "reportedCurrency": "USD", "cik": "0000042888", "fillingDate": "1983-12-31", "acceptedDate": "1983-12-30 19:00:00", "calendarYear": "1983", "period": "FY", "revenue": 140400000, "costOfRevenue": 73200000, "grossProfit": 67200000, "grossProfitRatio": 0.4786324786, "researchAndDevelopmentExpenses": 5900000, "generalAndAdministrativeExpenses": 52700000, "sellingAndMarketingExpenses": 0, "sellingGeneralAndAdministrativeExpenses": 52700000, "otherExpenses": 100000, "operatingExpenses": 58700000, "costAndExpenses": 131900000, "interestIncome": 0, "interestExpense": -1100000, "depreciationAndAmortization": -1300000, "ebitda": 7200000, "ebitdaratio": 0.0512820513, "operatingIncome": 8500000, "operatingIncomeRatio": 0.0605413105, "totalOtherIncomeExpensesNet": -200000, "incomeBeforeTax": 8300000, "incomeBeforeTaxRatio": 0.0591168091, "incomeTaxExpense": 4300000, "netIncome": 4000000, "netIncomeRatio": 0.0284900285, "eps": 0.0148, "epsdiluted": 0.0148, "weightedAverageShsOut": 270600000, "weightedAverageShsOutDil": 270600000, "link": "", "finalLink": "", "calculatedOtherExpenses": 100000, "calculatedOperatingExpenses": 58700000, "calculatedNetInterest": 1100000, "calculatedOtherIncome": -1300000, "calculatedIncomeNonControlling": 0, "calculatedEbitda": 7200000}]}