{"originalCurrency": "USD", "convertedCurrency": "USD", "report": [{"date": "2023-12-31", "symbol": "GH", "reportedCurrency": "USD", "cik": "0001576280", "fillingDate": "2024-02-22", "acceptedDate": "2024-02-22 17:23:38", "calendarYear": "2023", "period": "FY", "revenue": 563948000, "costOfRevenue": 227052000, "grossProfit": 336896000, "grossProfitRatio": 0.5973884117, "researchAndDevelopmentExpenses": 365094000, "generalAndAdministrativeExpenses": 155800000, "sellingAndMarketingExpenses": 295227000, "sellingGeneralAndAdministrativeExpenses": 449817000, "otherExpenses": -84500000, "operatingExpenses": 899411000, "costAndExpenses": 1126463000, "interestIncome": 35365000, "interestExpense": 2578000, "depreciationAndAmortization": 42881000, "ebitda": -519634000, "ebitdaratio": -0.9214218332, "operatingIncome": -562515000, "operatingIncomeRatio": -0.9974589856, "totalOtherIncomeExpensesNet": 83751000, "incomeBeforeTax": -478764000, "incomeBeforeTaxRatio": -0.8489506125, "incomeTaxExpense": 685000, "netIncome": -479449000, "netIncomeRatio": -0.8501652635, "eps": -4.28, "epsdiluted": -4.28, "weightedAverageShsOut": 111988000, "weightedAverageShsOutDil": 111988000, "link": "https://www.sec.gov/Archives/edgar/data/1576280/000157628024000043/0001576280-24-000043-index.htm", "finalLink": "https://www.sec.gov/Archives/edgar/data/1576280/000157628024000043/gh-20231231.htm", "calculatedOtherExpenses": 84500000, "calculatedOperatingExpenses": 899411000, "calculatedNetInterest": 32787000, "calculatedOtherIncome": 50964000, "calculatedIncomeNonControlling": 0, "calculatedEbitda": -519634000}, {"date": "2022-12-31", "symbol": "GH", "reportedCurrency": "USD", "cik": "0001576280", "fillingDate": "2023-02-23", "acceptedDate": "2023-02-23 17:00:52", "calendarYear": "2022", "period": "FY", "revenue": 449538000, "costOfRevenue": 156325000, "grossProfit": 293213000, "grossProfitRatio": 0.652254092, "researchAndDevelopmentExpenses": 373807000, "generalAndAdministrativeExpenses": 163956000, "sellingAndMarketingExpenses": 299828000, "sellingGeneralAndAdministrativeExpenses": 463784000, "otherExpenses": -112563000, "operatingExpenses": 837591000, "costAndExpenses": 993916000, "interestIncome": 6069000, "interestExpense": 2577000, "depreciationAndAmortization": -106494000, "ebitda": -650872000, "ebitdaratio": -1.4478687008, "operatingIncome": -544378000, "operatingIncomeRatio": -1.2109721536, "totalOtherIncomeExpensesNet": -109071000, "incomeBeforeTax": -653449000, "incomeBeforeTaxRatio": -1.4536012528, "incomeTaxExpense": 1139000, "netIncome": -654588000, "netIncomeRatio": -1.4561349652, "eps": -6.41, "epsdiluted": -6.41, "weightedAverageShsOut": 102178000, "weightedAverageShsOutDil": 102178000, "link": "https://www.sec.gov/Archives/edgar/data/1576280/000157628023000020/0001576280-23-000020-index.htm", "finalLink": "https://www.sec.gov/Archives/edgar/data/1576280/000157628023000020/gh-20221231.htm", "calculatedOtherExpenses": 0, "calculatedOperatingExpenses": 837591000, "calculatedNetInterest": 3492000, "calculatedOtherIncome": -112563000, "calculatedIncomeNonControlling": 0, "calculatedEbitda": -650872000}, {"date": "2021-12-31", "symbol": "GH", "reportedCurrency": "USD", "cik": "0001576280", "fillingDate": "2022-02-24", "acceptedDate": "2022-02-24 17:00:06", "calendarYear": "2021", "period": "FY", "revenue": 373653000, "costOfRevenue": 122912000, "grossProfit": 250741000, "grossProfitRatio": 0.6710530894, "researchAndDevelopmentExpenses": 263221000, "generalAndAdministrativeExpenses": 206640000, "sellingAndMarketingExpenses": 191881000, "sellingGeneralAndAdministrativeExpenses": 398521000, "otherExpenses": 25178000, "operatingExpenses": 661742000, "costAndExpenses": 784654000, "interestIncome": 3930000, "interestExpense": 2577000, "depreciationAndAmortization": 29108000, "ebitda": -381893000, "ebitdaratio": -1.0220525461, "operatingIncome": -411001000, "operatingIncomeRatio": -1.0999537004, "totalOtherIncomeExpensesNet": 26531000, "incomeBeforeTax": -384470000, "incomeBeforeTaxRatio": -1.0289493193, "incomeTaxExpense": 300000, "netIncome": -384770000, "netIncomeRatio": -1.0297522032, "eps": -3.8, "epsdiluted": -3.8, "weightedAverageShsOut": 101314000, "weightedAverageShsOutDil": 101314000, "link": "https://www.sec.gov/Archives/edgar/data/1576280/000157628022000015/0001576280-22-000015-index.htm", "finalLink": "https://www.sec.gov/Archives/edgar/data/1576280/000157628022000015/gh-20211231.htm", "calculatedOtherExpenses": 0, "calculatedOperatingExpenses": 661742000, "calculatedNetInterest": 1353000, "calculatedOtherIncome": 25178000, "calculatedIncomeNonControlling": 0, "calculatedEbitda": -381893000}, {"date": "2020-12-31", "symbol": "GH", "reportedCurrency": "USD", "cik": "0001576280", "fillingDate": "2021-02-25", "acceptedDate": "2021-02-25 16:36:12", "calendarYear": "2020", "period": "FY", "revenue": 286730000, "costOfRevenue": 92535000, "grossProfit": 194195000, "grossProfitRatio": 0.6772747881, "researchAndDevelopmentExpenses": 149862000, "generalAndAdministrativeExpenses": 192770000, "sellingAndMarketingExpenses": 106513000, "sellingGeneralAndAdministrativeExpenses": 299283000, "otherExpenses": 3641000, "operatingExpenses": 449145000, "costAndExpenses": 541680000, "interestIncome": 10171000, "interestExpense": 4766000, "depreciationAndAmortization": 13812000, "ebitda": -241138000, "ebitdaratio": -0.8409932689, "operatingIncome": -254950000, "operatingIncomeRatio": -0.8891640219, "totalOtherIncomeExpensesNet": 9046000, "incomeBeforeTax": -245904000, "incomeBeforeTaxRatio": -0.857615178, "incomeTaxExpense": 379000, "netIncome": -246283000, "netIncomeRatio": -0.858936979, "eps": -2.53, "epsdiluted": -2.53, "weightedAverageShsOut": 97504000, "weightedAverageShsOutDil": 97504000, "link": "https://www.sec.gov/Archives/edgar/data/1576280/000157628021000031/0001576280-21-000031-index.htm", "finalLink": "https://www.sec.gov/Archives/edgar/data/1576280/000157628021000031/gh-20201231.htm", "calculatedOtherExpenses": 0, "calculatedOperatingExpenses": 449145000, "calculatedNetInterest": 5405000, "calculatedOtherIncome": 3641000, "calculatedIncomeNonControlling": 0, "calculatedEbitda": -241138000}, {"date": "2019-12-31", "symbol": "GH", "reportedCurrency": "USD", "cik": "0001576280", "fillingDate": "2020-03-02", "acceptedDate": "2020-03-02 09:08:28", "calendarYear": "2019", "period": "FY", "revenue": 214375000, "costOfRevenue": 70720000, "grossProfit": 143655000, "grossProfitRatio": 0.6701107872, "researchAndDevelopmentExpenses": 86292000, "generalAndAdministrativeExpenses": 61399000, "sellingAndMarketingExpenses": 78335000, "sellingGeneralAndAdministrativeExpenses": 139734000, "otherExpenses": 88000, "operatingExpenses": 226026000, "costAndExpenses": 296746000, "interestIncome": 13741000, "interestExpense": 1181000, "depreciationAndAmortization": 13829000, "ebitda": -68542000, "ebitdaratio": -0.3197294461, "operatingIncome": -82371000, "operatingIncomeRatio": -0.3842379009, "totalOtherIncomeExpensesNet": 12648000, "incomeBeforeTax": -69723000, "incomeBeforeTaxRatio": -0.325238484, "incomeTaxExpense": -1872000, "netIncome": -67851000, "netIncomeRatio": -0.3165061224, "eps": -0.75, "epsdiluted": -0.75, "weightedAverageShsOut": 90597000, "weightedAverageShsOutDil": 90597000, "link": "https://www.sec.gov/Archives/edgar/data/1576280/000162828020002613/0001628280-20-002613-index.htm", "finalLink": "https://www.sec.gov/Archives/edgar/data/1576280/000162828020002613/gh-12312019x10k.htm", "calculatedOtherExpenses": 0, "calculatedOperatingExpenses": 226026000, "calculatedNetInterest": 12560000, "calculatedOtherIncome": 88000, "calculatedIncomeNonControlling": 0, "calculatedEbitda": -68542000}, {"date": "2018-12-31", "symbol": "GH", "reportedCurrency": "USD", "cik": "0001576280", "fillingDate": "2019-03-19", "acceptedDate": "2019-03-19 17:26:21", "calendarYear": "2018", "period": "FY", "revenue": 90639000, "costOfRevenue": 43210000, "grossProfit": 47429000, "grossProfitRatio": 0.523273646, "researchAndDevelopmentExpenses": 50714000, "generalAndAdministrativeExpenses": 36192000, "sellingAndMarketingExpenses": 53465000, "sellingGeneralAndAdministrativeExpenses": 89657000, "otherExpenses": 4702000, "operatingExpenses": 140371000, "costAndExpenses": 183581000, "interestIncome": 5266000, "interestExpense": 1251000, "depreciationAndAmortization": 7136000, "ebitda": -82974000, "ebitdaratio": -0.9154337537, "operatingIncome": -92942000, "operatingIncomeRatio": -1.0254084886, "totalOtherIncomeExpensesNet": 4702000, "incomeBeforeTax": -84225000, "incomeBeforeTaxRatio": -0.9292357594, "incomeTaxExpense": 38000, "netIncome": -85063000, "netIncomeRatio": -0.9384812277, "eps": -2.8, "epsdiluted": -2.8, "weightedAverageShsOut": 30403000, "weightedAverageShsOutDil": 30403000, "link": "https://www.sec.gov/Archives/edgar/data/1576280/000162828019003139/0001628280-19-003139-index.htm", "finalLink": "https://www.sec.gov/Archives/edgar/data/1576280/000162828019003139/gh-12312018x10k.htm", "calculatedOtherExpenses": 0, "calculatedOperatingExpenses": 140371000, "calculatedNetInterest": 4015000, "calculatedOtherIncome": 4702000, "calculatedIncomeNonControlling": 800000, "calculatedEbitda": -85806000}, {"date": "2017-12-31", "symbol": "GH", "reportedCurrency": "USD", "cik": "0001576280", "fillingDate": "2017-12-31", "acceptedDate": "2017-12-30 19:00:00", "calendarYear": "2017", "period": "FY", "revenue": 49842000, "costOfRevenue": 31618000, "grossProfit": 18224000, "grossProfitRatio": 0.3656354079, "researchAndDevelopmentExpenses": 25562000, "generalAndAdministrativeExpenses": 36777000, "sellingAndMarketingExpenses": 32497000, "sellingGeneralAndAdministrativeExpenses": 69274000, "otherExpenses": -1059000, "operatingExpenses": 94836000, "costAndExpenses": 126454000, "interestIncome": 2234000, "interestExpense": 2702000, "depreciationAndAmortization": 5206000, "ebitda": -70231000, "ebitdaratio": -1.4090726696, "operatingIncome": -76612000, "operatingIncomeRatio": -1.5370972272, "totalOtherIncomeExpensesNet": -6134000, "incomeBeforeTax": -83214000, "incomeBeforeTaxRatio": -1.6695557963, "incomeTaxExpense": 7000, "netIncome": -83221000, "netIncomeRatio": -1.6696962401, "eps": -1.18, "epsdiluted": -1.18, "weightedAverageShsOut": 70716000, "weightedAverageShsOutDil": 70716000, "link": "", "finalLink": "", "calculatedOtherExpenses": 0, "calculatedOperatingExpenses": 94836000, "calculatedNetInterest": -468000, "calculatedOtherIncome": -6134000, "calculatedIncomeNonControlling": 0, "calculatedEbitda": -71406000}, {"date": "2016-12-31", "symbol": "GH", "reportedCurrency": "USD", "cik": "0001576280", "fillingDate": "2016-12-31", "acceptedDate": "2016-12-30 19:00:00", "calendarYear": "2016", "period": "FY", "revenue": 25249000, "costOfRevenue": 22124000, "grossProfit": 3125000, "grossProfitRatio": 0.1237672779, "researchAndDevelopmentExpenses": 10859000, "generalAndAdministrativeExpenses": 9921000, "sellingAndMarketingExpenses": 26192000, "sellingGeneralAndAdministrativeExpenses": 36113000, "otherExpenses": -1000, "operatingExpenses": 46972000, "costAndExpenses": 69096000, "interestIncome": 733000, "interestExpense": 3018000, "depreciationAndAmortization": 3693000, "ebitda": -39422000, "ebitdaratio": -1.5613291616, "operatingIncome": -43847000, "operatingIncomeRatio": -1.7365836271, "totalOtherIncomeExpensesNet": -1000, "incomeBeforeTax": -46133000, "incomeBeforeTaxRatio": -1.8271218662, "incomeTaxExpense": 6000, "netIncome": -46139000, "netIncomeRatio": -1.8273594994, "eps": -0.65, "epsdiluted": -0.65, "weightedAverageShsOut": 70716000, "weightedAverageShsOutDil": 70716000, "link": "", "finalLink": "", "calculatedOtherExpenses": 0, "calculatedOperatingExpenses": 46972000, "calculatedNetInterest": -2285000, "calculatedOtherIncome": -1000, "calculatedIncomeNonControlling": 0, "calculatedEbitda": -40154000}]}