{"originalCurrency": "USD", "convertedCurrency": "USD", "report": [{"date": "2023-12-31", "symbol": "GHC", "reportedCurrency": "USD", "cik": "0000104889", "fillingDate": "2024-02-23", "acceptedDate": "2024-02-23 16:17:15", "calendarYear": "2023", "period": "FY", "revenue": 4414877000, "costOfRevenue": 3239037000, "grossProfit": 1175840000, "grossProfitRatio": 0.2663358458, "researchAndDevelopmentExpenses": 0, "generalAndAdministrativeExpenses": 873569000, "sellingAndMarketingExpenses": 126019000, "sellingGeneralAndAdministrativeExpenses": 999588000, "otherExpenses": 134852000, "operatingExpenses": 999588000, "costAndExpenses": 4238625000, "interestIncome": 7122000, "interestExpense": 68664000, "depreciationAndAmortization": 203837000, "ebitda": 380089000, "ebitdaratio": 0.0860927722, "operatingIncome": 176252000, "operatingIncomeRatio": 0.03992229, "totalOtherIncomeExpensesNet": 122752000, "incomeBeforeTax": 299004000, "incomeBeforeTaxRatio": 0.0677264621, "incomeTaxExpense": 87300000, "netIncome": 205288000, "netIncomeRatio": 0.0464991437, "eps": 43.96, "epsdiluted": 43.82, "weightedAverageShsOut": 4639000, "weightedAverageShsOutDil": 4654000, "link": "https://www.sec.gov/Archives/edgar/data/104889/000010488924000010/0000104889-24-000010-index.htm", "finalLink": "https://www.sec.gov/Archives/edgar/data/104889/000010488924000010/ghc-20231231.htm", "calculatedOtherExpenses": 0, "calculatedOperatingExpenses": 999588000, "calculatedNetInterest": -61542000, "calculatedOtherIncome": 184294000, "calculatedIncomeNonControlling": 6416000, "calculatedEbitda": 380089000}, {"date": "2022-12-31", "symbol": "GHC", "reportedCurrency": "USD", "cik": "0000104889", "fillingDate": "2023-02-24", "acceptedDate": "2023-02-24 09:37:45", "calendarYear": "2022", "period": "FY", "revenue": 3924493000, "costOfRevenue": 2657718000, "grossProfit": 1266775000, "grossProfitRatio": 0.322786918, "researchAndDevelopmentExpenses": 0, "generalAndAdministrativeExpenses": 723800000, "sellingAndMarketingExpenses": 197939000, "sellingGeneralAndAdministrativeExpenses": 921739000, "otherExpenses": 2789866000, "operatingExpenses": 3711605000, "costAndExpenses": 3711605000, "interestIncome": 3226000, "interestExpense": 54403000, "depreciationAndAmortization": 132148000, "ebitda": 576864000, "ebitdaratio": 0.1469907068, "operatingIncome": 444716000, "operatingIncomeRatio": 0.113318077, "totalOtherIncomeExpensesNet": -322982000, "incomeBeforeTax": 121734000, "incomeBeforeTaxRatio": 0.0310190386, "incomeTaxExpense": 51300000, "netIncome": 67079000, "netIncomeRatio": 0.0170923989, "eps": 13.83, "epsdiluted": 13.79, "weightedAverageShsOut": 4823000, "weightedAverageShsOutDil": 4836000, "link": "https://www.sec.gov/Archives/edgar/data/104889/000010488923000021/0000104889-23-000021-index.htm", "finalLink": "https://www.sec.gov/Archives/edgar/data/104889/000010488923000021/ghc-20221231.htm", "calculatedOtherExpenses": -99680000, "calculatedOperatingExpenses": 822059000, "calculatedNetInterest": -51177000, "calculatedOtherIncome": -271805000, "calculatedIncomeNonControlling": 3355000, "calculatedEbitda": 576864000}, {"date": "2021-12-31", "symbol": "GHC", "reportedCurrency": "USD", "cik": "0000104889", "fillingDate": "2022-02-25", "acceptedDate": "2022-02-25 09:02:50", "calendarYear": "2021", "period": "FY", "revenue": 3185974000, "costOfRevenue": 2114521000, "grossProfit": 1071453000, "grossProfitRatio": 0.3363031211, "researchAndDevelopmentExpenses": 0, "generalAndAdministrativeExpenses": 722623000, "sellingAndMarketingExpenses": 109230000, "sellingGeneralAndAdministrativeExpenses": 831853000, "otherExpenses": 2243806000, "operatingExpenses": 3075659000, "costAndExpenses": 3075659000, "interestIncome": 3409000, "interestExpense": 33943000, "depreciationAndAmortization": 129285000, "ebitda": 402707000, "ebitdaratio": 0.1263999643, "operatingIncome": 273422000, "operatingIncomeRatio": 0.0858205371, "totalOtherIncomeExpensesNet": 176205000, "incomeBeforeTax": 449627000, "incomeBeforeTaxRatio": 0.1411270148, "incomeTaxExpense": 96300000, "netIncome": 352075000, "netIncomeRatio": 0.110507807, "eps": 70.66, "epsdiluted": 70.46, "weightedAverageShsOut": 4951000, "weightedAverageShsOutDil": 4965000, "link": "https://www.sec.gov/Archives/edgar/data/104889/000010488922000011/0000104889-22-000011-index.htm", "finalLink": "https://www.sec.gov/Archives/edgar/data/104889/000010488922000011/ghc-20211231.htm", "calculatedOtherExpenses": -33822000, "calculatedOperatingExpenses": 798031000, "calculatedNetInterest": -30534000, "calculatedOtherIncome": 206739000, "calculatedIncomeNonControlling": 1252000, "calculatedEbitda": 402707000}, {"date": "2020-12-31", "symbol": "GHC", "reportedCurrency": "USD", "cik": "0000104889", "fillingDate": "2021-02-24", "acceptedDate": "2021-02-24 11:07:02", "calendarYear": "2020", "period": "FY", "revenue": 2889121000, "costOfRevenue": 1912106000, "grossProfit": 977015000, "grossProfitRatio": 0.3381703293, "researchAndDevelopmentExpenses": 0, "generalAndAdministrativeExpenses": 656086000, "sellingAndMarketingExpenses": 59315000, "sellingGeneralAndAdministrativeExpenses": 715401000, "otherExpenses": 2043143000, "operatingExpenses": 2758544000, "costAndExpenses": 2758544000, "interestIncome": 3871000, "interestExpense": 38310000, "depreciationAndAmortization": 131037000, "ebitda": 545998000, "ebitdaratio": 0.1889841235, "operatingIncome": 414961000, "operatingIncomeRatio": 0.1436288061, "totalOtherIncomeExpensesNet": -7693000, "incomeBeforeTax": 407268000, "incomeBeforeTaxRatio": 0.1409660585, "incomeTaxExpense": 107300000, "netIncome": 300365000, "netIncomeRatio": 0.1039641469, "eps": 58.3, "epsdiluted": 58.13, "weightedAverageShsOut": 5124000, "weightedAverageShsOutDil": 5139000, "link": "https://www.sec.gov/Archives/edgar/data/104889/000010488921000018/0000104889-21-000018-index.htm", "finalLink": "https://www.sec.gov/Archives/edgar/data/104889/000010488921000018/ghc-20201231.htm", "calculatedOtherExpenses": -153347000, "calculatedOperatingExpenses": 562054000, "calculatedNetInterest": -34439000, "calculatedOtherIncome": 26746000, "calculatedIncomeNonControlling": -397000, "calculatedEbitda": 545998000}, {"date": "2019-12-31", "symbol": "GHC", "reportedCurrency": "USD", "cik": "0000104889", "fillingDate": "2020-02-26", "acceptedDate": "2020-02-26 14:25:16", "calendarYear": "2019", "period": "FY", "revenue": 2932099000, "costOfRevenue": 2023205000, "grossProfit": 908894000, "grossProfitRatio": 0.3099806657, "researchAndDevelopmentExpenses": 0, "generalAndAdministrativeExpenses": 0, "sellingAndMarketingExpenses": 0, "sellingGeneralAndAdministrativeExpenses": 642700000, "otherExpenses": 2135701000, "operatingExpenses": 2778401000, "costAndExpenses": 2778401000, "interestIncome": 6151000, "interestExpense": 29779000, "depreciationAndAmortization": 112496000, "ebitda": 479238000, "ebitdaratio": 0.163445368, "operatingIncome": 366742000, "operatingIncomeRatio": 0.1250783142, "totalOtherIncomeExpensesNet": 59737000, "incomeBeforeTax": 426479000, "incomeBeforeTaxRatio": 0.1454517736, "incomeTaxExpense": 98600000, "netIncome": 327855000, "netIncomeRatio": 0.1118158016, "eps": 61.69, "epsdiluted": 61.21, "weightedAverageShsOut": 5285000, "weightedAverageShsOutDil": 5327000, "link": "https://www.sec.gov/Archives/edgar/data/104889/000010488920000007/0000104889-20-000007-index.htm", "finalLink": "https://www.sec.gov/Archives/edgar/data/104889/000010488920000007/a2019q410-k.htm", "calculatedOtherExpenses": -100548000, "calculatedOperatingExpenses": 542152000, "calculatedNetInterest": -23628000, "calculatedOtherIncome": 83365000, "calculatedIncomeNonControlling": 24000, "calculatedEbitda": 479238000}, {"date": "2018-12-31", "symbol": "GHC", "reportedCurrency": "USD", "cik": "0000104889", "fillingDate": "2019-02-25", "acceptedDate": "2019-02-25 13:34:56", "calendarYear": "2018", "period": "FY", "revenue": 2695966000, "costOfRevenue": 1687432000, "grossProfit": 1008534000, "grossProfitRatio": 0.3740900293, "researchAndDevelopmentExpenses": 0, "generalAndAdministrativeExpenses": 0, "sellingAndMarketingExpenses": 0, "sellingGeneralAndAdministrativeExpenses": 650128000, "otherExpenses": 122644000, "operatingExpenses": 2441696000, "costAndExpenses": 2441696000, "interestIncome": 5353000, "interestExpense": 37902000, "depreciationAndAmortization": 104136000, "ebitda": 500876000, "ebitdaratio": 0.1857872095, "operatingIncome": 246161000, "operatingIncomeRatio": 0.0913071604, "totalOtherIncomeExpensesNet": 101787000, "incomeBeforeTax": 323508000, "incomeBeforeTaxRatio": 0.1199970623, "incomeTaxExpense": 52100000, "netIncome": 271206000, "netIncomeRatio": 0.100596966, "eps": 50.85, "epsdiluted": 50.5, "weightedAverageShsOut": 5333000, "weightedAverageShsOutDil": 5370000, "link": "https://www.sec.gov/Archives/edgar/data/104889/000010488919000013/0000104889-19-000013-index.htm", "finalLink": "https://www.sec.gov/Archives/edgar/data/104889/000010488919000013/d10k.htm", "calculatedOtherExpenses": 112245000, "calculatedOperatingExpenses": 762373000, "calculatedNetInterest": -32549000, "calculatedOtherIncome": 109896000, "calculatedIncomeNonControlling": 202000, "calculatedEbitda": 350297000}, {"date": "2017-12-31", "symbol": "GHC", "reportedCurrency": "USD", "cik": "0000104889", "fillingDate": "2018-02-23", "acceptedDate": "2018-02-23 16:59:48", "calendarYear": "2017", "period": "FY", "revenue": 2591846000, "costOfRevenue": 1454343000, "grossProfit": 1137503000, "grossProfitRatio": 0.4388775413, "researchAndDevelopmentExpenses": 0, "generalAndAdministrativeExpenses": 582417000, "sellingAndMarketingExpenses": 305373000, "sellingGeneralAndAdministrativeExpenses": 887790000, "otherExpenses": 74383000, "operatingExpenses": 2445829000, "costAndExpenses": 2445829000, "interestIncome": 6581000, "interestExpense": 33886000, "depreciationAndAmortization": 113310000, "ebitda": 337042000, "ebitdaratio": 0.1300393619, "operatingIncome": 136403000, "operatingIncomeRatio": 0.052627741, "totalOtherIncomeExpensesNet": 64077000, "incomeBeforeTax": 182789000, "incomeBeforeTaxRatio": 0.0705246377, "incomeTaxExpense": -119700000, "netIncome": 302044000, "netIncomeRatio": 0.1165362448, "eps": 54.24, "epsdiluted": 53.89, "weightedAverageShsOut": 5516000, "weightedAverageShsOutDil": 5552000, "link": "https://www.sec.gov/Archives/edgar/data/104889/000010488918000011/0000104889-18-000011-index.htm", "finalLink": "https://www.sec.gov/Archives/edgar/data/104889/000010488918000011/d2017q410k.htm", "calculatedOtherExpenses": 113310000, "calculatedOperatingExpenses": 1001100000, "calculatedNetInterest": -27305000, "calculatedOtherIncome": 73691000, "calculatedIncomeNonControlling": 445000, "calculatedEbitda": 249713000}, {"date": "2016-12-31", "symbol": "GHC", "reportedCurrency": "USD", "cik": "0000104889", "fillingDate": "2017-02-24", "acceptedDate": "2017-02-24 14:37:09", "calendarYear": "2016", "period": "FY", "revenue": 2481890000, "costOfRevenue": 2085462000, "grossProfit": 396428000, "grossProfitRatio": 0.1597282716, "researchAndDevelopmentExpenses": 0, "generalAndAdministrativeExpenses": 593439000, "sellingAndMarketingExpenses": 311078000, "sellingGeneralAndAdministrativeExpenses": 904517000, "otherExpenses": -12642000, "operatingExpenses": 2176753000, "costAndExpenses": 2176753000, "interestIncome": 3093000, "interestExpense": 35390000, "depreciationAndAmortization": 91291000, "ebitda": 378942000, "ebitdaratio": 0.1526828345, "operatingIncome": 303534000, "operatingIncomeRatio": 0.1222995379, "totalOtherIncomeExpensesNet": -22182000, "incomeBeforeTax": 250658000, "incomeBeforeTaxRatio": 0.1009948064, "incomeTaxExpense": 81200000, "netIncome": 168590000, "netIncomeRatio": 0.0679280709, "eps": 29.95, "epsdiluted": 29.8, "weightedAverageShsOut": 5559000, "weightedAverageShsOutDil": 5589000, "link": "https://www.sec.gov/Archives/edgar/data/104889/000010488917000010/0000104889-17-000010-index.htm", "finalLink": "https://www.sec.gov/Archives/edgar/data/104889/000010488917000010/d10k.htm", "calculatedOtherExpenses": -811623000, "calculatedOperatingExpenses": 92894000, "calculatedNetInterest": -32297000, "calculatedOtherIncome": -20579000, "calculatedIncomeNonControlling": 868000, "calculatedEbitda": 394825000}, {"date": "2015-12-31", "symbol": "GHC", "reportedCurrency": "USD", "cik": "0000104889", "fillingDate": "2016-02-26", "acceptedDate": "2016-02-26 15:23:00", "calendarYear": "2015", "period": "FY", "revenue": 2586114000, "costOfRevenue": 2310316000, "grossProfit": 275798000, "grossProfitRatio": 0.106645724, "researchAndDevelopmentExpenses": 0, "generalAndAdministrativeExpenses": 824239000, "sellingAndMarketingExpenses": 279924000, "sellingGeneralAndAdministrativeExpenses": 1104163000, "otherExpenses": -8623000, "operatingExpenses": 2407239000, "costAndExpenses": 2407239000, "interestIncome": 1909000, "interestExpense": 32654000, "depreciationAndAmortization": 96923000, "ebitda": 268387000, "ebitdaratio": 0.1037800344, "operatingIncome": -80825000, "operatingIncomeRatio": -0.031253456, "totalOtherIncomeExpensesNet": -269020000, "incomeBeforeTax": -120890000, "incomeBeforeTaxRatio": -0.0467458124, "incomeTaxExpense": 20500000, "netIncome": -100655000, "netIncomeRatio": -0.0389213314, "eps": -17.58, "epsdiluted": -17.58, "weightedAverageShsOut": 5727000, "weightedAverageShsOutDil": 5727000, "link": "https://www.sec.gov/Archives/edgar/data/104889/000010488916000088/0000104889-16-000088-index.htm", "finalLink": "https://www.sec.gov/Archives/edgar/data/104889/000010488916000088/d10k.htm", "calculatedOtherExpenses": -747540000, "calculatedOperatingExpenses": 356623000, "calculatedNetInterest": -30745000, "calculatedOtherIncome": -9320000, "calculatedIncomeNonControlling": -40735000, "calculatedEbitda": 16098000}, {"date": "2014-12-31", "symbol": "GHC", "reportedCurrency": "USD", "cik": "0000104889", "fillingDate": "2015-02-27", "acceptedDate": "2015-02-27 17:23:49", "calendarYear": "2014", "period": "FY", "revenue": 3535166000, "costOfRevenue": 2887918000, "grossProfit": 647248000, "grossProfitRatio": 0.1830884321, "researchAndDevelopmentExpenses": 0, "generalAndAdministrativeExpenses": 981982000, "sellingAndMarketingExpenses": 343576000, "sellingGeneralAndAdministrativeExpenses": 1325558000, "otherExpenses": 853259000, "operatingExpenses": 3109932000, "costAndExpenses": 3109932000, "interestIncome": 2136000, "interestExpense": 36586000, "depreciationAndAmortization": 222014000, "ebitda": 1603013000, "ebitdaratio": 0.4534477306, "operatingIncome": 407932000, "operatingIncomeRatio": 0.1153926011, "totalOtherIncomeExpensesNet": 936327000, "incomeBeforeTax": 1327111000, "incomeBeforeTaxRatio": 0.3754027392, "incomeTaxExpense": 406100000, "netIncome": 1293843000, "netIncomeRatio": 0.3659921486, "eps": 195.81, "epsdiluted": 195.03, "weightedAverageShsOut": 6470000, "weightedAverageShsOutDil": 6559000, "link": "https://www.sec.gov/Archives/edgar/data/104889/000010488915000017/0000104889-15-000017-index.htm", "finalLink": "https://www.sec.gov/Archives/edgar/data/104889/000010488915000017/d10k.htm", "calculatedOtherExpenses": -1086242000, "calculatedOperatingExpenses": 239316000, "calculatedNetInterest": -34450000, "calculatedOtherIncome": 953629000, "calculatedIncomeNonControlling": -372832000, "calculatedEbitda": 629946000}, {"date": "2013-12-31", "symbol": "GHC", "reportedCurrency": "USD", "cik": "0000104889", "fillingDate": "2014-02-28", "acceptedDate": "2014-02-28 17:01:43", "calendarYear": "2013", "period": "FY", "revenue": 3487864000, "costOfRevenue": 2892233000, "grossProfit": 595631000, "grossProfitRatio": 0.1707724269, "researchAndDevelopmentExpenses": 0, "generalAndAdministrativeExpenses": 961006000, "sellingAndMarketingExpenses": 366316000, "sellingGeneralAndAdministrativeExpenses": 1327322000, "otherExpenses": -23751000, "operatingExpenses": 3139049000, "costAndExpenses": 3139049000, "interestIncome": 2264000, "interestExpense": 36067000, "depreciationAndAmortization": 246816000, "ebitda": 587359000, "ebitdaratio": 0.1684007748, "operatingIncome": 345565000, "operatingIncomeRatio": 0.0990763975, "totalOtherIncomeExpensesNet": -13786000, "incomeBeforeTax": 301226000, "incomeBeforeTaxRatio": 0.0863640325, "incomeTaxExpense": 110000000, "netIncome": 236865000, "netIncomeRatio": 0.0679111915, "eps": 32.1, "epsdiluted": 32.05, "weightedAverageShsOut": 7238000, "weightedAverageShsOutDil": 7333000, "link": "https://www.sec.gov/Archives/edgar/data/104889/000010488914000013/0000104889-14-000013-index.htm", "finalLink": "https://www.sec.gov/Archives/edgar/data/104889/000010488914000013/d10k.htm", "calculatedOtherExpenses": -1077256000, "calculatedOperatingExpenses": 250066000, "calculatedNetInterest": -33803000, "calculatedOtherIncome": -10536000, "calculatedIncomeNonControlling": -45639000, "calculatedEbitda": 592381000}, {"date": "2012-12-31", "symbol": "GHC", "reportedCurrency": "USD", "cik": "0000104889", "fillingDate": "2013-02-28", "acceptedDate": "2013-02-28 11:01:10", "calendarYear": "2012", "period": "FY", "revenue": 4017653000, "costOfRevenue": 3471884000, "grossProfit": 545769000, "grossProfitRatio": 0.135842742, "researchAndDevelopmentExpenses": 0, "generalAndAdministrativeExpenses": 805817000, "sellingAndMarketingExpenses": 785831000, "sellingGeneralAndAdministrativeExpenses": 1591648000, "otherExpenses": -5456000, "operatingExpenses": 3761529000, "costAndExpenses": 3761529000, "interestIncome": 3393000, "interestExpense": 35944000, "depreciationAndAmortization": 289645000, "ebitda": 557792000, "ebitdaratio": 0.1388352852, "operatingIncome": 144531000, "operatingIncomeRatio": 0.0359739878, "totalOtherIncomeExpensesNet": -102963000, "incomeBeforeTax": 120610000, "incomeBeforeTaxRatio": 0.0300200142, "incomeTaxExpense": 71600000, "netIncome": 132113000, "netIncomeRatio": 0.0328831285, "eps": 17.39, "epsdiluted": 17.39, "weightedAverageShsOut": 7360000, "weightedAverageShsOutDil": 7404000, "link": "https://www.sec.gov/Archives/edgar/data/104889/000010488913000009/0000104889-13-000009-index.htm", "finalLink": "https://www.sec.gov/Archives/edgar/data/104889/000010488913000009/d10k.htm", "calculatedOtherExpenses": -1190410000, "calculatedOperatingExpenses": 401238000, "calculatedNetInterest": -32551000, "calculatedOtherIncome": 8630000, "calculatedIncomeNonControlling": -83103000, "calculatedEbitda": 434176000}, {"date": "2011-12-31", "symbol": "GHC", "reportedCurrency": "USD", "cik": "0000104889", "fillingDate": "2012-02-29", "acceptedDate": "2012-02-29 15:09:49", "calendarYear": "2011", "period": "FY", "revenue": 4214833000, "costOfRevenue": 3625220000, "grossProfit": 589613000, "grossProfitRatio": 0.1398900028, "researchAndDevelopmentExpenses": 0, "generalAndAdministrativeExpenses": 0, "sellingAndMarketingExpenses": 0, "sellingGeneralAndAdministrativeExpenses": 1652052000, "otherExpenses": 281732000, "operatingExpenses": 281732000, "costAndExpenses": 3906952000, "interestIncome": 4147000, "interestExpense": 33226000, "depreciationAndAmortization": 281732000, "ebitda": 599709000, "ebitdaratio": 0.1422853527, "operatingIncome": 295958000, "operatingIncomeRatio": 0.0702182032, "totalOtherIncomeExpensesNet": -61174000, "incomeBeforeTax": 217628000, "incomeBeforeTaxRatio": 0.051633837, "incomeTaxExpense": 96300000, "netIncome": 117150000, "netIncomeRatio": 0.0277946955, "eps": 14.7, "epsdiluted": 14.7, "weightedAverageShsOut": 7826000, "weightedAverageShsOutDil": 7905000, "link": "https://www.sec.gov/Archives/edgar/data/104889/000010488912000006/0000104889-12-000006-index.htm", "finalLink": "https://www.sec.gov/Archives/edgar/data/104889/000010488912000006/d10k.htm", "calculatedOtherExpenses": -1358397000, "calculatedOperatingExpenses": 293655000, "calculatedNetInterest": -29079000, "calculatedOtherIncome": -49251000, "calculatedIncomeNonControlling": 4178000, "calculatedEbitda": 577690000}, {"date": "2010-12-31", "symbol": "GHC", "reportedCurrency": "USD", "cik": "0000104889", "fillingDate": "2011-03-02", "acceptedDate": "2011-03-02 15:13:02", "calendarYear": "2010", "period": "FY", "revenue": 4723573000, "costOfRevenue": 3874288000, "grossProfit": 849285000, "grossProfitRatio": 0.1797971578, "researchAndDevelopmentExpenses": 0, "generalAndAdministrativeExpenses": 1121153000, "sellingAndMarketingExpenses": 833605000, "sellingGeneralAndAdministrativeExpenses": 1954758000, "otherExpenses": 274976000, "operatingExpenses": 274976000, "costAndExpenses": 4149264000, "interestIncome": 2576000, "interestExpense": 30503000, "depreciationAndAmortization": 274976000, "ebitda": 847728000, "ebitdaratio": 0.1794675344, "operatingIncome": 546832000, "operatingIncomeRatio": 0.115766603, "totalOtherIncomeExpensesNet": -22958000, "incomeBeforeTax": 523424000, "incomeBeforeTaxRatio": 0.1108110322, "incomeTaxExpense": 216600000, "netIncome": 278114000, "netIncomeRatio": 0.0588778876, "eps": 31.06, "epsdiluted": 31.04, "weightedAverageShsOut": 8869000, "weightedAverageShsOutDil": 8931000, "link": "https://www.sec.gov/Archives/edgar/data/104889/000119312511053497/0001193125-11-053497-index.htm", "finalLink": "https://www.sec.gov/Archives/edgar/data/104889/000119312511053497/d10k.htm", "calculatedOtherExpenses": -1652305000, "calculatedOperatingExpenses": 302453000, "calculatedNetInterest": -27927000, "calculatedOtherIncome": 4519000, "calculatedIncomeNonControlling": 28710000, "calculatedEbitda": 821808000}, {"date": "2009-12-31", "symbol": "GHC", "reportedCurrency": "USD", "cik": "0000104889", "fillingDate": "2010-03-02", "acceptedDate": "2010-03-02 14:41:18", "calendarYear": "2009", "period": "FY", "revenue": 4569731000, "costOfRevenue": 4027839000, "grossProfit": 541892000, "grossProfitRatio": 0.11858291, "researchAndDevelopmentExpenses": 0, "generalAndAdministrativeExpenses": 1166792000, "sellingAndMarketingExpenses": 858109000, "sellingGeneralAndAdministrativeExpenses": 2024901000, "otherExpenses": 322513000, "operatingExpenses": 322513000, "costAndExpenses": 4350352000, "interestIncome": 2597000, "interestExpense": 31565000, "depreciationAndAmortization": 322513000, "ebitda": 515068000, "ebitdaratio": 0.1127129803, "operatingIncome": 193992000, "operatingIncomeRatio": 0.0424515141, "totalOtherIncomeExpensesNet": -41611000, "incomeBeforeTax": 148800000, "incomeBeforeTaxRatio": 0.0325620917, "incomeTaxExpense": 57600000, "netIncome": 92774000, "netIncomeRatio": 0.0203018515, "eps": 9.78, "epsdiluted": 9.78, "weightedAverageShsOut": 9322192, "weightedAverageShsOutDil": 9391958, "link": "https://www.sec.gov/Archives/edgar/data/104889/000119312510045806/0001193125-10-045806-index.htm", "finalLink": "https://www.sec.gov/Archives/edgar/data/104889/000119312510045806/d10k.htm", "calculatedOtherExpenses": -1677001000, "calculatedOperatingExpenses": 347900000, "calculatedNetInterest": -28968000, "calculatedOtherIncome": -16224000, "calculatedIncomeNonControlling": -1574000, "calculatedEbitda": 516505000}, {"date": "2008-12-28", "symbol": "GHC", "reportedCurrency": "USD", "cik": "0000104889", "fillingDate": "2009-02-26", "acceptedDate": "2009-02-26 14:44:22", "calendarYear": "2008", "period": "FY", "revenue": 4461580000, "costOfRevenue": 2023816000, "grossProfit": 2437764000, "grossProfitRatio": 0.5463902922, "researchAndDevelopmentExpenses": 0, "generalAndAdministrativeExpenses": 756902000, "sellingAndMarketingExpenses": 1083084000, "sellingGeneralAndAdministrativeExpenses": 1839986000, "otherExpenses": 288131000, "operatingExpenses": 3728363000, "costAndExpenses": 3728363000, "interestIncome": 5672000, "interestExpense": 24658000, "depreciationAndAmortization": 288131000, "ebitda": 595613000, "ebitdaratio": 0.1334982226, "operatingIncome": 174208000, "operatingIncomeRatio": 0.0390462572, "totalOtherIncomeExpensesNet": -145539000, "incomeBeforeTax": 145122000, "incomeBeforeTaxRatio": 0.032527042, "incomeTaxExpense": 79400000, "netIncome": 65722000, "netIncomeRatio": 0.014730656, "eps": 6.89, "epsdiluted": 6.87, "weightedAverageShsOut": 9407576, "weightedAverageShsOutDil": 9429990, "link": "https://www.sec.gov/Archives/edgar/data/104889/000119312509038899/0001193125-09-038899-index.htm", "finalLink": "https://www.sec.gov/Archives/edgar/data/104889/000119312509038899/d10k.htm", "calculatedOtherExpenses": 423570000, "calculatedOperatingExpenses": 2263556000, "calculatedNetInterest": -18986000, "calculatedOtherIncome": -10100000, "calculatedIncomeNonControlling": 0, "calculatedEbitda": 462339000}, {"date": "2007-12-30", "symbol": "GHC", "reportedCurrency": "USD", "cik": "0000104889", "fillingDate": "2008-02-28", "acceptedDate": "2008-02-28 16:29:43", "calendarYear": "2007", "period": "FY", "revenue": 4180406000, "costOfRevenue": 1882984000, "grossProfit": 2297422000, "grossProfitRatio": 0.5495691088, "researchAndDevelopmentExpenses": 0, "generalAndAdministrativeExpenses": 0, "sellingAndMarketingExpenses": 0, "sellingGeneralAndAdministrativeExpenses": 1581596000, "otherExpenses": 238810000, "operatingExpenses": 1820406000, "costAndExpenses": 3703390000, "interestIncome": 11338000, "interestExpense": 0, "depreciationAndAmortization": 238810000, "ebitda": 705002000, "ebitdaratio": 0.1686443853, "operatingIncome": 477016000, "operatingIncomeRatio": 0.1141075771, "totalOtherIncomeExpensesNet": 16800000, "incomeBeforeTax": 481107000, "incomeBeforeTaxRatio": 0.1150861902, "incomeTaxExpense": 192500000, "netIncome": 288607000, "netIncomeRatio": 0.0690380312, "eps": 30.31, "epsdiluted": 30.19, "weightedAverageShsOut": 9492000, "weightedAverageShsOutDil": 9528000, "link": "https://www.sec.gov/Archives/edgar/data/104889/000095013308000866/0000950133-08-000866-index.htm", "finalLink": "https://www.sec.gov/Archives/edgar/data/104889/000095013308000866/w48813e10vk.htm", "calculatedOtherExpenses": 238810000, "calculatedOperatingExpenses": 1820406000, "calculatedNetInterest": 11338000, "calculatedOtherIncome": -7247000, "calculatedIncomeNonControlling": 0, "calculatedEbitda": 715826000}, {"date": "2006-12-31", "symbol": "GHC", "reportedCurrency": "USD", "cik": "0000104889", "fillingDate": "2007-03-01", "acceptedDate": "2007-03-01 13:44:35", "calendarYear": "2006", "period": "FY", "revenue": 3904927000, "costOfRevenue": 2042393000, "grossProfit": 1862534000, "grossProfitRatio": 0.4769702481, "researchAndDevelopmentExpenses": 0, "generalAndAdministrativeExpenses": -178211000, "sellingAndMarketingExpenses": 1358739000, "sellingGeneralAndAdministrativeExpenses": 1180528000, "otherExpenses": 222202000, "operatingExpenses": 1402730000, "costAndExpenses": 3445123000, "interestIncome": 10431000, "interestExpense": -25343000, "depreciationAndAmortization": 212338000, "ebitda": 608554000, "ebitdaratio": 0.155842606, "operatingIncome": 459804000, "operatingIncomeRatio": 0.1177497044, "totalOtherIncomeExpensesNet": 74242000, "incomeBeforeTax": 519134000, "incomeBeforeTaxRatio": 0.1329433303, "incomeTaxExpense": 189600000, "netIncome": 324459000, "netIncomeRatio": 0.0830896455, "eps": 33.81, "epsdiluted": 33.68, "weightedAverageShsOut": 9567524, "weightedAverageShsOutDil": 9604454, "link": "https://www.sec.gov/Archives/edgar/data/104889/000095013307000873/0000950133-07-000873-index.htm", "finalLink": "https://www.sec.gov/Archives/edgar/data/104889/000095013307000873/w30536e10vk.htm", "calculatedOtherExpenses": 222202000, "calculatedOperatingExpenses": 1402730000, "calculatedNetInterest": 35774000, "calculatedOtherIncome": 23556000, "calculatedIncomeNonControlling": 5075000, "calculatedEbitda": 672142000}, {"date": "2005-12-31", "symbol": "GHC", "reportedCurrency": "USD", "cik": "0000104889", "fillingDate": "2006-03-07", "acceptedDate": "2006-03-07 06:19:09", "calendarYear": "2005", "period": "FY", "revenue": 3553887000, "costOfRevenue": 1909615000, "grossProfit": 1644272000, "grossProfitRatio": 0.4626686217, "researchAndDevelopmentExpenses": 0, "generalAndAdministrativeExpenses": -386147000, "sellingAndMarketingExpenses": 1317484000, "sellingGeneralAndAdministrativeExpenses": 931337000, "otherExpenses": 198021000, "operatingExpenses": 1129358000, "costAndExpenses": 3038973000, "interestIncome": 3385000, "interestExpense": -26754000, "depreciationAndAmortization": 198021000, "ebitda": 703955000, "ebitdaratio": 0.1980802991, "operatingIncome": 514914000, "operatingIncomeRatio": 0.1448875555, "totalOtherIncomeExpensesNet": 8099000, "incomeBeforeTax": 499644000, "incomeBeforeTaxRatio": 0.1405908517, "incomeTaxExpense": 185300000, "netIncome": 314344000, "netIncomeRatio": 0.0884507583, "eps": 32.66, "epsdiluted": 32.59, "weightedAverageShsOut": 9594703, "weightedAverageShsOutDil": 9615311, "link": "https://www.sec.gov/Archives/edgar/data/104889/000095013306001044/0000950133-06-001044-index.htm", "finalLink": "https://www.sec.gov/Archives/edgar/data/104889/000095013306001044/w17760e10vk.htm", "calculatedOtherExpenses": 198021000, "calculatedOperatingExpenses": 1129358000, "calculatedNetInterest": 30139000, "calculatedOtherIncome": -45409000, "calculatedIncomeNonControlling": 0, "calculatedEbitda": 712935000}, {"date": "2004-12-31", "symbol": "GHC", "reportedCurrency": "USD", "cik": "0000104889", "fillingDate": "2005-03-04", "acceptedDate": "2005-03-03 21:40:37", "calendarYear": "2004", "period": "FY", "revenue": 3300104000, "costOfRevenue": 1717059000, "grossProfit": 1583045000, "grossProfitRatio": 0.4796954884, "researchAndDevelopmentExpenses": 0, "generalAndAdministrativeExpenses": 0, "sellingAndMarketingExpenses": 0, "sellingGeneralAndAdministrativeExpenses": 835367000, "otherExpenses": 184672000, "operatingExpenses": 1020039000, "costAndExpenses": 2737098000, "interestIncome": 1622000, "interestExpense": 0, "depreciationAndAmortization": 184672000, "ebitda": 739551000, "ebitdaratio": 0.2240993011, "operatingIncome": 563006000, "operatingIncomeRatio": 0.1706025022, "totalOtherIncomeExpensesNet": 5836000, "incomeBeforeTax": 542432000, "incomeBeforeTaxRatio": 0.1643681532, "incomeTaxExpense": 209700000, "netIncome": 332732000, "netIncomeRatio": 0.1008247013, "eps": 34.69, "epsdiluted": 34.59, "weightedAverageShsOut": 9562986, "weightedAverageShsOutDil": 9590633, "link": "https://www.sec.gov/Archives/edgar/data/104889/000095013305000873/0000950133-05-000873-index.htm", "finalLink": "https://www.sec.gov/Archives/edgar/data/104889/000095013305000873/w05572e10vk.htm", "calculatedOtherExpenses": 184672000, "calculatedOperatingExpenses": 1020039000, "calculatedNetInterest": 1622000, "calculatedOtherIncome": -22196000, "calculatedIncomeNonControlling": 0, "calculatedEbitda": 747678000}, {"date": "2003-12-28", "symbol": "GHC", "reportedCurrency": "USD", "cik": "0000104889", "fillingDate": "2004-03-10", "acceptedDate": "2004-03-09 21:54:00", "calendarYear": "2003", "period": "FY", "revenue": 2838911000, "costOfRevenue": 1549262000, "grossProfit": 1289649000, "grossProfitRatio": 0.454275953, "researchAndDevelopmentExpenses": 0, "generalAndAdministrativeExpenses": 0, "sellingAndMarketingExpenses": 0, "sellingGeneralAndAdministrativeExpenses": 792292000, "otherExpenses": 133537000, "operatingExpenses": 925829000, "costAndExpenses": 2475091000, "interestIncome": 953000, "interestExpense": 0, "depreciationAndAmortization": 175284000, "ebitda": 441972000, "ebitdaratio": 0.1556836407, "operatingIncome": 363820000, "operatingIncomeRatio": 0.1281547748, "totalOtherIncomeExpensesNet": 87366000, "incomeBeforeTax": 382588000, "incomeBeforeTaxRatio": 0.1347657605, "incomeTaxExpense": 141500000, "netIncome": 241088000, "netIncomeRatio": 0.0849227045, "eps": 25.19, "epsdiluted": 25.12, "weightedAverageShsOut": 9530012, "weightedAverageShsOutDil": 9556568, "link": "https://www.sec.gov/Archives/edgar/data/104889/000095013304000785/0000950133-04-000785-index.htm", "finalLink": "https://www.sec.gov/Archives/edgar/data/104889/000095013304000785/w94191e10vk.htm", "calculatedOtherExpenses": 133537000, "calculatedOperatingExpenses": 925829000, "calculatedNetInterest": 953000, "calculatedOtherIncome": 17815000, "calculatedIncomeNonControlling": 0, "calculatedEbitda": 539104000}, {"date": "2002-12-29", "symbol": "GHC", "reportedCurrency": "USD", "cik": "0000104889", "fillingDate": "2003-03-17", "acceptedDate": "2003-03-14 19:27:32", "calendarYear": "2002", "period": "FY", "revenue": 2584203000, "costOfRevenue": 1369955000, "grossProfit": 1214248000, "grossProfitRatio": 0.4698733033, "researchAndDevelopmentExpenses": 0, "generalAndAdministrativeExpenses": 0, "sellingAndMarketingExpenses": 0, "sellingGeneralAndAdministrativeExpenses": 664095000, "otherExpenses": 172563000, "operatingExpenses": 836658000, "costAndExpenses": 2206613000, "interestIncome": 332000, "interestExpense": 0, "depreciationAndAmortization": 172563000, "ebitda": 521280000, "ebitdaratio": 0.2017178991, "operatingIncome": 377590000, "operatingIncomeRatio": 0.1461146822, "totalOtherIncomeExpensesNet": 9565000, "incomeBeforeTax": 353668000, "incomeBeforeTaxRatio": 0.1368576695, "incomeTaxExpense": 137300000, "netIncome": 204268000, "netIncomeRatio": 0.0790448738, "eps": 21.38, "epsdiluted": 21.34, "weightedAverageShsOut": 9505847, "weightedAverageShsOutDil": 9523664, "link": "https://www.sec.gov/Archives/edgar/data/104889/000095013303000792/0000950133-03-000792-index.htm", "finalLink": "https://www.sec.gov/Archives/edgar/data/104889/000095013303000792/w83785e10vk.htm", "calculatedOtherExpenses": 172563000, "calculatedOperatingExpenses": 836658000, "calculatedNetInterest": 332000, "calculatedOtherIncome": -24254000, "calculatedIncomeNonControlling": 12100000, "calculatedEbitda": 550153000}, {"date": "2001-12-30", "symbol": "GHC", "reportedCurrency": "USD", "cik": "0000104889", "fillingDate": "2002-03-25", "acceptedDate": "2002-03-25 00:00:00", "calendarYear": "2001", "period": "FY", "revenue": 2416673000, "costOfRevenue": 1392750000, "grossProfit": 1023923000, "grossProfitRatio": 0.4236911655, "researchAndDevelopmentExpenses": 0, "generalAndAdministrativeExpenses": 0, "sellingAndMarketingExpenses": 0, "sellingGeneralAndAdministrativeExpenses": 586758000, "otherExpenses": 217233000, "operatingExpenses": 803991000, "costAndExpenses": 2196741000, "interestIncome": 2167000, "interestExpense": 0, "depreciationAndAmortization": 217233000, "ebitda": 153426000, "ebitdaratio": 0.0634864543, "operatingIncome": 219932000, "operatingIncomeRatio": 0.0910061063, "totalOtherIncomeExpensesNet": 215080000, "incomeBeforeTax": 387539000, "incomeBeforeTaxRatio": 0.1603605453, "incomeTaxExpense": 157900000, "netIncome": 229639000, "netIncomeRatio": 0.0950227855, "eps": 24.1, "epsdiluted": 24.06, "weightedAverageShsOut": 9484938, "weightedAverageShsOutDil": 9500707, "link": "https://www.sec.gov/Archives/edgar/data/104889/000095013302001185/0000950133-02-001185-index.htm", "finalLink": "https://www.sec.gov/Archives/edgar/data/104889/000095013302001185/w58891e10-k.htm", "calculatedOtherExpenses": 217233000, "calculatedOperatingExpenses": 803991000, "calculatedNetInterest": 2167000, "calculatedOtherIncome": 165440000, "calculatedIncomeNonControlling": 0, "calculatedEbitda": 437165000}, {"date": "2000-12-31", "symbol": "GHC", "reportedCurrency": "USD", "cik": "0000104889", "fillingDate": "2001-03-23", "acceptedDate": "2001-03-23 00:00:00", "calendarYear": "2000", "period": "FY", "revenue": 2412150000, "costOfRevenue": 1308063000, "grossProfit": 1104087000, "grossProfitRatio": 0.4577190473, "researchAndDevelopmentExpenses": 0, "generalAndAdministrativeExpenses": 0, "sellingAndMarketingExpenses": 0, "sellingGeneralAndAdministrativeExpenses": 583623000, "otherExpenses": 180582000, "operatingExpenses": 764205000, "costAndExpenses": 2072268000, "interestIncome": 967000, "interestExpense": 0, "depreciationAndAmortization": 180582000, "ebitda": 576712000, "ebitdaratio": 0.2390862923, "operatingIncome": 339882000, "operatingIncomeRatio": 0.1409041726, "totalOtherIncomeExpensesNet": -56248000, "incomeBeforeTax": 229870000, "incomeBeforeTaxRatio": 0.095296727, "incomeTaxExpense": 93400000, "netIncome": 136470000, "netIncomeRatio": 0.0565760836, "eps": 14.34, "epsdiluted": 14.32, "weightedAverageShsOut": 9445188, "weightedAverageShsOutDil": 9458380, "link": "https://www.sec.gov/Archives/edgar/data/104889/000095013301001017/0000950133-01-001017-index.htm", "finalLink": "https://www.sec.gov/Archives/edgar/data/104889/000095013301001017/w46916e10-k.txt", "calculatedOtherExpenses": 180582000, "calculatedOperatingExpenses": 764205000, "calculatedNetInterest": 967000, "calculatedOtherIncome": -110979000, "calculatedIncomeNonControlling": 0, "calculatedEbitda": 520464000}, {"date": "1999-12-31", "symbol": "GHC", "reportedCurrency": "USD", "cik": "0000104889", "fillingDate": "2000-03-31", "acceptedDate": "2000-03-31 00:00:00", "calendarYear": "1999", "period": "FY", "revenue": 2215600000, "costOfRevenue": 1189700000, "grossProfit": 1025900000, "grossProfitRatio": 0.4630348438, "researchAndDevelopmentExpenses": 0, "generalAndAdministrativeExpenses": 0, "sellingAndMarketingExpenses": 0, "sellingGeneralAndAdministrativeExpenses": 474600000, "otherExpenses": 162800000, "operatingExpenses": 637400000, "costAndExpenses": 1827100000, "interestIncome": 0, "interestExpense": 0, "depreciationAndAmortization": 162800000, "ebitda": 538700000, "ebitdaratio": 0.2431395559, "operatingIncome": 388500000, "operatingIncomeRatio": 0.1753475357, "totalOtherIncomeExpensesNet": 12600000, "incomeBeforeTax": 375400000, "incomeBeforeTaxRatio": 0.169434916, "incomeTaxExpense": 149600000, "netIncome": 225800000, "netIncomeRatio": 0.1019137028, "eps": 22.35, "epsdiluted": 22.3, "weightedAverageShsOut": 10058166, "weightedAverageShsOutDil": 10080717, "link": "https://www.sec.gov/Archives/edgar/data/104889/000095013300001377/0000950133-00-001377-index.htm", "finalLink": "https://www.sec.gov/Archives/edgar/data/104889/000095013300001377/", "calculatedOtherExpenses": 162800000, "calculatedOperatingExpenses": 637400000, "calculatedNetInterest": 0, "calculatedOtherIncome": -13100000, "calculatedIncomeNonControlling": 0, "calculatedEbitda": 551300000}, {"date": "1998-12-31", "symbol": "GHC", "reportedCurrency": "USD", "cik": "0000104889", "fillingDate": "1999-03-26", "acceptedDate": "1999-03-26 00:00:00", "calendarYear": "1998", "period": "FY", "revenue": 2110400000, "costOfRevenue": 1139200000, "grossProfit": 971200000, "grossProfitRatio": 0.460197119, "researchAndDevelopmentExpenses": 0, "generalAndAdministrativeExpenses": 0, "sellingAndMarketingExpenses": 0, "sellingGeneralAndAdministrativeExpenses": 453100000, "otherExpenses": 139100000, "operatingExpenses": 592200000, "costAndExpenses": 1731400000, "interestIncome": 0, "interestExpense": 0, "depreciationAndAmortization": 139100000, "ebitda": 217400000, "ebitdaratio": 0.1030136467, "operatingIncome": 379000000, "operatingIncomeRatio": 0.1795868082, "totalOtherIncomeExpensesNet": 300700000, "incomeBeforeTax": 668100000, "incomeBeforeTaxRatio": 0.3165750569, "incomeTaxExpense": 250800000, "netIncome": 417300000, "netIncomeRatio": 0.1977350265, "eps": 41.27, "epsdiluted": 41.1, "weightedAverageShsOut": 10087230, "weightedAverageShsOutDil": 10128954, "link": "https://www.sec.gov/Archives/edgar/data/104889/000095013399000908/0000950133-99-000908-index.htm", "finalLink": "https://www.sec.gov/Archives/edgar/data/104889/0000950133-99-000908.txt", "calculatedOtherExpenses": 139100000, "calculatedOperatingExpenses": 592200000, "calculatedNetInterest": 0, "calculatedOtherIncome": 289100000, "calculatedIncomeNonControlling": 0, "calculatedEbitda": 518100000}, {"date": "1997-12-28", "symbol": "GHC", "reportedCurrency": "USD", "cik": "0000104889", "fillingDate": "1998-03-23", "acceptedDate": "1998-03-23 00:00:00", "calendarYear": "1997", "period": "FY", "revenue": 1956300000, "costOfRevenue": 1019900000, "grossProfit": 936400000, "grossProfitRatio": 0.4786586924, "researchAndDevelopmentExpenses": 0, "generalAndAdministrativeExpenses": 0, "sellingAndMarketingExpenses": 0, "sellingGeneralAndAdministrativeExpenses": 450000000, "otherExpenses": 105100000, "operatingExpenses": 555100000, "costAndExpenses": 1575000000, "interestIncome": 0, "interestExpense": 0, "depreciationAndAmortization": 105100000, "ebitda": 403400000, "ebitdaratio": 0.2062055922, "operatingIncome": 381300000, "operatingIncomeRatio": 0.1949087563, "totalOtherIncomeExpensesNet": 83000000, "incomeBeforeTax": 463100000, "incomeBeforeTaxRatio": 0.2367223841, "incomeTaxExpense": 181500000, "netIncome": 281600000, "netIncomeRatio": 0.1439452027, "eps": 26.23, "epsdiluted": 26.15, "weightedAverageShsOut": 10697674, "weightedAverageShsOutDil": 10730402, "link": "https://www.sec.gov/Archives/edgar/data/104889/000095013398000892/0000950133-98-000892-index.htm", "finalLink": "https://www.sec.gov/Archives/edgar/data/104889/0000950133-98-000892.txt", "calculatedOtherExpenses": 105100000, "calculatedOperatingExpenses": 555100000, "calculatedNetInterest": 0, "calculatedOtherIncome": 81800000, "calculatedIncomeNonControlling": 0, "calculatedEbitda": 486400000}, {"date": "1996-12-29", "symbol": "GHC", "reportedCurrency": "USD", "cik": "0000104889", "fillingDate": "1997-03-24", "acceptedDate": "1997-03-24 00:00:00", "calendarYear": "1996", "period": "FY", "revenue": 1853400000, "costOfRevenue": 1007100000, "grossProfit": 846300000, "grossProfitRatio": 0.4566202655, "researchAndDevelopmentExpenses": 0, "generalAndAdministrativeExpenses": 0, "sellingAndMarketingExpenses": 0, "sellingGeneralAndAdministrativeExpenses": 414300000, "otherExpenses": 94900000, "operatingExpenses": 509200000, "costAndExpenses": 1516300000, "interestIncome": 0, "interestExpense": 0, "depreciationAndAmortization": 94900000, "ebitda": 407400000, "ebitdaratio": 0.219812237, "operatingIncome": 337100000, "operatingIncomeRatio": 0.1818819467, "totalOtherIncomeExpensesNet": 24600000, "incomeBeforeTax": 360200000, "incomeBeforeTaxRatio": 0.1943455271, "incomeTaxExpense": 139400000, "netIncome": 220800000, "netIncomeRatio": 0.1191324053, "eps": 20.08, "epsdiluted": 20.05, "weightedAverageShsOut": 10961155, "weightedAverageShsOutDil": 10977556, "link": "https://www.sec.gov/Archives/edgar/data/104889/000095013397000932/0000950133-97-000932-index.htm", "finalLink": "https://www.sec.gov/Archives/edgar/data/104889/0000950133-97-000932.txt", "calculatedOtherExpenses": 94900000, "calculatedOperatingExpenses": 509200000, "calculatedNetInterest": 0, "calculatedOtherIncome": 23100000, "calculatedIncomeNonControlling": 0, "calculatedEbitda": 432000000}, {"date": "1995-12-31", "symbol": "GHC", "reportedCurrency": "USD", "cik": "0000104889", "fillingDate": "1996-03-27", "acceptedDate": "1996-03-27 00:00:00", "calendarYear": "1995", "period": "FY", "revenue": 1719400000, "costOfRevenue": 948100000, "grossProfit": 771300000, "grossProfitRatio": 0.4485867163, "researchAndDevelopmentExpenses": 0, "generalAndAdministrativeExpenses": 0, "sellingAndMarketingExpenses": 0, "sellingGeneralAndAdministrativeExpenses": 403100000, "otherExpenses": 97300000, "operatingExpenses": 500400000, "costAndExpenses": 1448500000, "interestIncome": 0, "interestExpense": 0, "depreciationAndAmortization": 97300000, "ebitda": 322200000, "ebitdaratio": 0.1873909503, "operatingIncome": 270900000, "operatingIncomeRatio": 0.157554961, "totalOtherIncomeExpensesNet": 46000000, "incomeBeforeTax": 311400000, "incomeBeforeTaxRatio": 0.1811096894, "incomeTaxExpense": 121300000, "netIncome": 190100000, "netIncomeRatio": 0.1105618239, "eps": 17.15, "epsdiluted": 17.15, "weightedAverageShsOut": 11084548, "weightedAverageShsOutDil": 11109312, "link": "https://www.sec.gov/Archives/edgar/data/104889/000095013396000265/0000950133-96-000265-index.htm", "finalLink": "https://www.sec.gov/Archives/edgar/data/104889/0000950133-96-000265.txt", "calculatedOtherExpenses": 97300000, "calculatedOperatingExpenses": 500400000, "calculatedNetInterest": 0, "calculatedOtherIncome": 40500000, "calculatedIncomeNonControlling": 0, "calculatedEbitda": 368200000}, {"date": "1994-12-31", "symbol": "GHC", "reportedCurrency": "USD", "cik": "0000104889", "fillingDate": "1995-03-24", "acceptedDate": "1995-03-24 00:00:00", "calendarYear": "1994", "period": "FY", "revenue": 1614000000, "costOfRevenue": 839400000, "grossProfit": 774600000, "grossProfitRatio": 0.4799256506, "researchAndDevelopmentExpenses": 0, "generalAndAdministrativeExpenses": 0, "sellingAndMarketingExpenses": 0, "sellingGeneralAndAdministrativeExpenses": 390300000, "otherExpenses": 109200000, "operatingExpenses": 499500000, "costAndExpenses": 1338900000, "interestIncome": 0, "interestExpense": 0, "depreciationAndAmortization": 109200000, "ebitda": 366700000, "ebitdaratio": 0.2271995043, "operatingIncome": 275100000, "operatingIncomeRatio": 0.1704460967, "totalOtherIncomeExpensesNet": 17600000, "incomeBeforeTax": 287000000, "incomeBeforeTaxRatio": 0.177819083, "incomeTaxExpense": 117300000, "netIncome": 169700000, "netIncomeRatio": 0.1051425031, "eps": 14.65, "epsdiluted": 14.65, "weightedAverageShsOut": 11583618, "weightedAverageShsOutDil": 11622156, "link": "https://www.sec.gov/Archives/edgar/data/104889/000095013395000147/0000950133-95-000147-index.html", "finalLink": "https://www.sec.gov/Archives/edgar/data/104889/", "calculatedOtherExpenses": 109200000, "calculatedOperatingExpenses": 499500000, "calculatedNetInterest": 0, "calculatedOtherIncome": 11900000, "calculatedIncomeNonControlling": 0, "calculatedEbitda": 384300000}, {"date": "1993-12-31", "symbol": "GHC", "reportedCurrency": "USD", "cik": "0000104889", "fillingDate": "1994-03-29", "acceptedDate": "1994-03-29 00:00:00", "calendarYear": "1993", "period": "FY", "revenue": 1498200000, "costOfRevenue": 755100000, "grossProfit": 743100000, "grossProfitRatio": 0.4959951942, "researchAndDevelopmentExpenses": 0, "generalAndAdministrativeExpenses": 0, "sellingAndMarketingExpenses": 0, "sellingGeneralAndAdministrativeExpenses": 393200000, "otherExpenses": 94700000, "operatingExpenses": 487900000, "costAndExpenses": 1243000000, "interestIncome": 0, "interestExpense": 0, "depreciationAndAmortization": 94700000, "ebitda": 336600000, "ebitdaratio": 0.2246696035, "operatingIncome": 255200000, "operatingIncomeRatio": 0.1703377386, "totalOtherIncomeExpensesNet": 13300000, "incomeBeforeTax": 263500000, "incomeBeforeTaxRatio": 0.1758777199, "incomeTaxExpense": 109700000, "netIncome": 165400000, "netIncomeRatio": 0.1103991456, "eps": 14.08, "epsdiluted": 14.08, "weightedAverageShsOut": 11747159, "weightedAverageShsOutDil": 11747159, "link": "https://www.sec.gov/Archives/edgar/data/104889/000095013394000047/0000950133-94-000047-index.htm", "finalLink": "https://www.sec.gov/Archives/edgar/data/104889/0000950133-94-000047.txt", "calculatedOtherExpenses": 94700000, "calculatedOperatingExpenses": 487900000, "calculatedNetInterest": 0, "calculatedOtherIncome": 8300000, "calculatedIncomeNonControlling": -11600000, "calculatedEbitda": 349900000}, {"date": "1992-12-31", "symbol": "GHC", "reportedCurrency": "USD", "cik": "0000104889", "fillingDate": "1992-12-31", "acceptedDate": "1992-12-30 19:00:00", "calendarYear": "1992", "period": "FY", "revenue": 1450900000, "costOfRevenue": 766900000, "grossProfit": 684000000, "grossProfitRatio": 0.4714315253, "researchAndDevelopmentExpenses": 0, "generalAndAdministrativeExpenses": 0, "sellingAndMarketingExpenses": 0, "sellingGeneralAndAdministrativeExpenses": 356800000, "otherExpenses": 95000000, "operatingExpenses": 451800000, "costAndExpenses": 1218700000, "interestIncome": 0, "interestExpense": 0, "depreciationAndAmortization": 95000000, "ebitda": 328700000, "ebitdaratio": 0.2265490385, "operatingIncome": 232200000, "operatingIncomeRatio": 0.1600385967, "totalOtherIncomeExpensesNet": -1500000, "incomeBeforeTax": 224200000, "incomeBeforeTaxRatio": 0.1545247777, "incomeTaxExpense": 96400000, "netIncome": 127800000, "netIncomeRatio": 0.0880832587, "eps": 10.8, "epsdiluted": 10.8, "weightedAverageShsOut": 11833333, "weightedAverageShsOutDil": 11833333, "link": "", "finalLink": "", "calculatedOtherExpenses": 95000000, "calculatedOperatingExpenses": 451800000, "calculatedNetInterest": 0, "calculatedOtherIncome": -8000000, "calculatedIncomeNonControlling": 0, "calculatedEbitda": 327200000}, {"date": "1991-12-31", "symbol": "GHC", "reportedCurrency": "USD", "cik": "0000104889", "fillingDate": "1991-12-31", "acceptedDate": "1991-12-30 19:00:00", "calendarYear": "1991", "period": "FY", "revenue": 1380300000, "costOfRevenue": 775900000, "grossProfit": 604400000, "grossProfitRatio": 0.4378758241, "researchAndDevelopmentExpenses": 0, "generalAndAdministrativeExpenses": 0, "sellingAndMarketingExpenses": 0, "sellingGeneralAndAdministrativeExpenses": 337500000, "otherExpenses": 74000000, "operatingExpenses": 411500000, "costAndExpenses": 1187400000, "interestIncome": 0, "interestExpense": 0, "depreciationAndAmortization": 74000000, "ebitda": 251800000, "ebitdaratio": 0.1824241107, "operatingIncome": 192900000, "operatingIncomeRatio": 0.1397522278, "totalOtherIncomeExpensesNet": 15100000, "incomeBeforeTax": 190200000, "incomeBeforeTaxRatio": 0.1377961313, "incomeTaxExpense": 71500000, "netIncome": 118700000, "netIncomeRatio": 0.085995798, "eps": 10, "epsdiluted": 10, "weightedAverageShsOut": 11870000, "weightedAverageShsOutDil": 11870000, "link": "", "finalLink": "", "calculatedOtherExpenses": 74000000, "calculatedOperatingExpenses": 411500000, "calculatedNetInterest": 0, "calculatedOtherIncome": -2700000, "calculatedIncomeNonControlling": 0, "calculatedEbitda": 266900000}, {"date": "1990-12-31", "symbol": "GHC", "reportedCurrency": "USD", "cik": "0000104889", "fillingDate": "1990-12-31", "acceptedDate": "1990-12-30 19:00:00", "calendarYear": "1990", "period": "FY", "revenue": 1438600000, "costOfRevenue": 778600000, "grossProfit": 660000000, "grossProfitRatio": 0.4587793688, "researchAndDevelopmentExpenses": 0, "generalAndAdministrativeExpenses": 0, "sellingAndMarketingExpenses": 0, "sellingGeneralAndAdministrativeExpenses": 309800000, "otherExpenses": 68500000, "operatingExpenses": 378300000, "costAndExpenses": 1156900000, "interestIncome": 0, "interestExpense": 0, "depreciationAndAmortization": 68500000, "ebitda": 323900000, "ebitdaratio": 0.2251494509, "operatingIncome": 281700000, "operatingIncomeRatio": 0.1958153761, "totalOtherIncomeExpensesNet": 26300000, "incomeBeforeTax": 291500000, "incomeBeforeTaxRatio": 0.2026275546, "incomeTaxExpense": 116900000, "netIncome": 174600000, "netIncomeRatio": 0.1213679967, "eps": 14.45, "epsdiluted": 14.45, "weightedAverageShsOut": 12083045, "weightedAverageShsOutDil": 12083045, "link": "", "finalLink": "", "calculatedOtherExpenses": 68500000, "calculatedOperatingExpenses": 378300000, "calculatedNetInterest": 0, "calculatedOtherIncome": 9800000, "calculatedIncomeNonControlling": 0, "calculatedEbitda": 350200000}, {"date": "1989-12-31", "symbol": "GHC", "reportedCurrency": "USD", "cik": "0000104889", "fillingDate": "1989-12-31", "acceptedDate": "1989-12-30 19:00:00", "calendarYear": "1989", "period": "FY", "revenue": 1444100000, "costOfRevenue": 762200000, "grossProfit": 681900000, "grossProfitRatio": 0.4721972163, "researchAndDevelopmentExpenses": 0, "generalAndAdministrativeExpenses": 0, "sellingAndMarketingExpenses": 0, "sellingGeneralAndAdministrativeExpenses": 305800000, "otherExpenses": 62500000, "operatingExpenses": 368300000, "costAndExpenses": 1130500000, "interestIncome": 0, "interestExpense": 0, "depreciationAndAmortization": 62500000, "ebitda": 338800000, "ebitdaratio": 0.2346097916, "operatingIncome": 313600000, "operatingIncomeRatio": 0.2171594765, "totalOtherIncomeExpensesNet": 37300000, "incomeBeforeTax": 334000000, "incomeBeforeTaxRatio": 0.231285922, "incomeTaxExpense": 136100000, "netIncome": 197900000, "netIncomeRatio": 0.1370403712, "eps": 15.5, "epsdiluted": 15.5, "weightedAverageShsOut": 12767742, "weightedAverageShsOutDil": 12767742, "link": "", "finalLink": "", "calculatedOtherExpenses": 62500000, "calculatedOperatingExpenses": 368300000, "calculatedNetInterest": 0, "calculatedOtherIncome": 20400000, "calculatedIncomeNonControlling": 0, "calculatedEbitda": 376100000}, {"date": "1988-12-31", "symbol": "GHC", "reportedCurrency": "USD", "cik": "0000104889", "fillingDate": "1988-12-31", "acceptedDate": "1988-12-30 19:00:00", "calendarYear": "1988", "period": "FY", "revenue": 1367600000, "costOfRevenue": 764200000, "grossProfit": 603400000, "grossProfitRatio": 0.4412108804, "researchAndDevelopmentExpenses": 0, "generalAndAdministrativeExpenses": 0, "sellingAndMarketingExpenses": 0, "sellingGeneralAndAdministrativeExpenses": 290100000, "otherExpenses": 45300000, "operatingExpenses": 335400000, "costAndExpenses": 1099600000, "interestIncome": 0, "interestExpense": 0, "depreciationAndAmortization": 45300000, "ebitda": 129200000, "ebitdaratio": 0.0944720679, "operatingIncome": 268000000, "operatingIncomeRatio": 0.1959637321, "totalOtherIncomeExpensesNet": 184100000, "incomeBeforeTax": 435300000, "incomeBeforeTaxRatio": 0.318294823, "incomeTaxExpense": 166200000, "netIncome": 269100000, "netIncomeRatio": 0.1967680608, "eps": 20.91, "epsdiluted": 20.91, "weightedAverageShsOut": 12869440, "weightedAverageShsOutDil": 12869440, "link": "", "finalLink": "", "calculatedOtherExpenses": 45300000, "calculatedOperatingExpenses": 335400000, "calculatedNetInterest": 0, "calculatedOtherIncome": 167300000, "calculatedIncomeNonControlling": 0, "calculatedEbitda": 313300000}, {"date": "1987-12-31", "symbol": "GHC", "reportedCurrency": "USD", "cik": "0000104889", "fillingDate": "1987-12-31", "acceptedDate": "1987-12-30 19:00:00", "calendarYear": "1987", "period": "FY", "revenue": 1315400000, "costOfRevenue": 726600000, "grossProfit": 588800000, "grossProfitRatio": 0.4476204957, "researchAndDevelopmentExpenses": 0, "generalAndAdministrativeExpenses": 0, "sellingAndMarketingExpenses": 0, "sellingGeneralAndAdministrativeExpenses": 288900000, "otherExpenses": 42900000, "operatingExpenses": 331800000, "costAndExpenses": 1058400000, "interestIncome": 0, "interestExpense": 0, "depreciationAndAmortization": 42900000, "ebitda": 200000000, "ebitdaratio": 0.1520450053, "operatingIncome": 257000000, "operatingIncomeRatio": 0.1953778318, "totalOtherIncomeExpensesNet": 99900000, "incomeBeforeTax": 331400000, "incomeBeforeTaxRatio": 0.2519385738, "incomeTaxExpense": 144700000, "netIncome": 186700000, "netIncomeRatio": 0.1419340125, "eps": 14.52, "epsdiluted": 14.52, "weightedAverageShsOut": 12858127, "weightedAverageShsOutDil": 12858127, "link": "", "finalLink": "", "calculatedOtherExpenses": 42900000, "calculatedOperatingExpenses": 331800000, "calculatedNetInterest": 0, "calculatedOtherIncome": 74400000, "calculatedIncomeNonControlling": 0, "calculatedEbitda": 299900000}, {"date": "1986-12-31", "symbol": "GHC", "reportedCurrency": "USD", "cik": "0000104889", "fillingDate": "1986-12-31", "acceptedDate": "1986-12-30 19:00:00", "calendarYear": "1986", "period": "FY", "revenue": 1215100000, "costOfRevenue": 683400000, "grossProfit": 531700000, "grossProfitRatio": 0.4375771541, "researchAndDevelopmentExpenses": 0, "generalAndAdministrativeExpenses": 0, "sellingAndMarketingExpenses": 0, "sellingGeneralAndAdministrativeExpenses": 265500000, "otherExpenses": 37200000, "operatingExpenses": 302700000, "costAndExpenses": 986100000, "interestIncome": 0, "interestExpense": 0, "depreciationAndAmortization": 37200000, "ebitda": 255100000, "ebitdaratio": 0.2099415686, "operatingIncome": 229000000, "operatingIncomeRatio": 0.188461855, "totalOtherIncomeExpensesNet": 11100000, "incomeBeforeTax": 204700000, "incomeBeforeTaxRatio": 0.1684635009, "incomeTaxExpense": 104500000, "netIncome": 100200000, "netIncomeRatio": 0.0824623488, "eps": 7.8, "epsdiluted": 7.8, "weightedAverageShsOut": 12846154, "weightedAverageShsOutDil": 12846154, "link": "", "finalLink": "", "calculatedOtherExpenses": 37200000, "calculatedOperatingExpenses": 302700000, "calculatedNetInterest": 0, "calculatedOtherIncome": -24300000, "calculatedIncomeNonControlling": 0, "calculatedEbitda": 266200000}, {"date": "1985-12-31", "symbol": "GHC", "reportedCurrency": "USD", "cik": "0000104889", "fillingDate": "1985-12-31", "acceptedDate": "1985-12-30 19:00:00", "calendarYear": "1985", "period": "FY", "revenue": 1078700000, "costOfRevenue": 625800000, "grossProfit": 452900000, "grossProfitRatio": 0.4198572356, "researchAndDevelopmentExpenses": 0, "generalAndAdministrativeExpenses": 0, "sellingAndMarketingExpenses": 0, "sellingGeneralAndAdministrativeExpenses": 223900000, "otherExpenses": 24800000, "operatingExpenses": 248700000, "costAndExpenses": 874500000, "interestIncome": 0, "interestExpense": 0, "depreciationAndAmortization": 24800000, "ebitda": 202100000, "ebitdaratio": 0.1873551497, "operatingIncome": 204200000, "operatingIncomeRatio": 0.1893019375, "totalOtherIncomeExpensesNet": 26900000, "incomeBeforeTax": 221500000, "incomeBeforeTaxRatio": 0.2053397608, "incomeTaxExpense": 107200000, "netIncome": 114300000, "netIncomeRatio": 0.1059608788, "eps": 8.66, "epsdiluted": 8.66, "weightedAverageShsOut": 13198614, "weightedAverageShsOutDil": 13198614, "link": "", "finalLink": "", "calculatedOtherExpenses": 24800000, "calculatedOperatingExpenses": 248700000, "calculatedNetInterest": 0, "calculatedOtherIncome": 17300000, "calculatedIncomeNonControlling": 0, "calculatedEbitda": 229000000}]}