{"originalCurrency": "CAD", "convertedCurrency": "CAD", "report": [{"date": "2023-09-30", "symbol": "GIB", "reportedCurrency": "CAD", "cik": "0001061574", "fillingDate": "2023-09-30", "acceptedDate": "2023-09-29 20:00:00", "calendarYear": "2023", "period": "FY", "revenue": 14296360000, "costOfRevenue": 11982421000, "grossProfit": 2313939000, "grossProfitRatio": 0.1618551156, "researchAndDevelopmentExpenses": 13421000, "generalAndAdministrativeExpenses": 1500613000, "sellingAndMarketingExpenses": 0, "sellingGeneralAndAdministrativeExpenses": 1500613000, "otherExpenses": -8964000, "operatingExpenses": -8964000, "costAndExpenses": 11982421000, "interestIncome": 41497000, "interestExpense": 87768000, "depreciationAndAmortization": 519648000, "ebitda": 2859928000, "ebitdaratio": 0.2000458858, "operatingIncome": 2340280000, "operatingIncomeRatio": 0.1636976125, "totalOtherIncomeExpensesNet": -63563000, "incomeBeforeTax": 2197913000, "incomeBeforeTaxRatio": 0.1537393434, "incomeTaxExpense": 566664000, "netIncome": 1631249000, "netIncomeRatio": 0.1141024009, "eps": 6.97, "epsdiluted": 6.86, "weightedAverageShsOut": 234041041, "weightedAverageShsOutDil": 237702081, "link": null, "finalLink": null, "calculatedOtherExpenses": -1540375000, "calculatedOperatingExpenses": -26341000, "calculatedNetInterest": -46271000, "calculatedOtherIncome": -96096000, "calculatedIncomeNonControlling": 0, "calculatedEbitda": 2859928000}, {"date": "2022-09-30", "symbol": "GIB", "reportedCurrency": "CAD", "cik": "0001061574", "fillingDate": "2022-09-30", "acceptedDate": "2022-09-29 20:00:00", "calendarYear": "2022", "period": "FY", "revenue": 12867201000, "costOfRevenue": 10048149000, "grossProfit": 2819052000, "grossProfitRatio": 0.2190882073, "researchAndDevelopmentExpenses": 14711000, "generalAndAdministrativeExpenses": 214430000, "sellingAndMarketingExpenses": 0, "sellingGeneralAndAdministrativeExpenses": 214430000, "otherExpenses": 509131000, "operatingExpenses": 723561000, "costAndExpenses": 10771710000, "interestIncome": 3194000, "interestExpense": 86804000, "depreciationAndAmortization": 474622000, "ebitda": 2564894000, "ebitdaratio": 0.1993358151, "operatingIncome": 2090272000, "operatingIncomeRatio": 0.1624496268, "totalOtherIncomeExpensesNet": -123313000, "incomeBeforeTax": 1966959000, "incomeBeforeTaxRatio": 0.1528661128, "incomeTaxExpense": 500817000, "netIncome": 1466142000, "netIncomeRatio": 0.1139441282, "eps": 6.13, "epsdiluted": 6.04, "weightedAverageShsOut": 239262004, "weightedAverageShsOutDil": 242867445, "link": "", "finalLink": "", "calculatedOtherExpenses": 499639000, "calculatedOperatingExpenses": 728780000, "calculatedNetInterest": -83610000, "calculatedOtherIncome": -39703000, "calculatedIncomeNonControlling": 0, "calculatedEbitda": 2564894000}, {"date": "2021-09-30", "symbol": "GIB", "reportedCurrency": "CAD", "cik": "0001061574", "fillingDate": "2021-09-30", "acceptedDate": "2021-09-30 00:00:00", "calendarYear": "2021", "period": "FY", "revenue": 12126793000, "costOfRevenue": 9409971000, "grossProfit": 2716822000, "grossProfitRatio": 0.2240346644, "researchAndDevelopmentExpenses": 13882000, "generalAndAdministrativeExpenses": 216506000, "sellingAndMarketingExpenses": 0, "sellingGeneralAndAdministrativeExpenses": 216506000, "otherExpenses": 551687000, "operatingExpenses": 768193000, "costAndExpenses": 10178164000, "interestIncome": 3111000, "interestExpense": 103135000, "depreciationAndAmortization": 510570000, "ebitda": 2455536000, "ebitdaratio": 0.2024884897, "operatingIncome": 1944966000, "operatingIncomeRatio": 0.1603858497, "totalOtherIncomeExpensesNet": -106974000, "incomeBeforeTax": 1837992000, "incomeBeforeTaxRatio": 0.1515645563, "incomeTaxExpense": 468920000, "netIncome": 1369072000, "netIncomeRatio": 0.1128964599, "eps": 5.5, "epsdiluted": 5.41, "weightedAverageShsOut": 249119219, "weightedAverageShsOutDil": 253088880, "link": null, "finalLink": null, "calculatedOtherExpenses": 541468000, "calculatedOperatingExpenses": 771856000, "calculatedNetInterest": -100024000, "calculatedOtherIncome": -6950000, "calculatedIncomeNonControlling": 0, "calculatedEbitda": 2455536000}, {"date": "2020-09-30", "symbol": "GIB", "reportedCurrency": "CAD", "cik": "0001061574", "fillingDate": "2020-09-30", "acceptedDate": "2020-09-30 00:00:00", "calendarYear": "2020", "period": "FY", "revenue": 12164115000, "costOfRevenue": 9420400000, "grossProfit": 2743715000, "grossProfitRatio": 0.2255581273, "researchAndDevelopmentExpenses": 12986000, "generalAndAdministrativeExpenses": 259306000, "sellingAndMarketingExpenses": 0, "sellingGeneralAndAdministrativeExpenses": 259306000, "otherExpenses": 622362000, "operatingExpenses": 881668000, "costAndExpenses": 10302068000, "interestIncome": 5115000, "interestExpense": 110560000, "depreciationAndAmortization": 565692000, "ebitda": 2423825000, "ebitdaratio": 0.1992602832, "operatingIncome": 1858133000, "operatingIncomeRatio": 0.152755297, "totalOtherIncomeExpensesNet": -341866000, "incomeBeforeTax": 1516267000, "incomeBeforeTaxRatio": 0.1246508275, "incomeTaxExpense": 398405000, "netIncome": 1117862000, "netIncomeRatio": 0.091898342, "eps": 4.27, "epsdiluted": 4.2, "weightedAverageShsOut": 262005521, "weightedAverageShsOutDil": 266104062, "link": null, "finalLink": null, "calculatedOtherExpenses": 613290000, "calculatedOperatingExpenses": 885582000, "calculatedNetInterest": -105445000, "calculatedOtherIncome": -236421000, "calculatedIncomeNonControlling": 0, "calculatedEbitda": 2423825000}, {"date": "2019-09-30", "symbol": "GIB", "reportedCurrency": "CAD", "cik": "0001061574", "fillingDate": "2019-09-30", "acceptedDate": "2019-09-30 00:00:00", "calendarYear": "2019", "period": "FY", "revenue": 12111236000, "costOfRevenue": 9471661000, "grossProfit": 2639575000, "grossProfitRatio": 0.2179443122, "researchAndDevelopmentExpenses": 11513000, "generalAndAdministrativeExpenses": 363812000, "sellingAndMarketingExpenses": 0, "sellingGeneralAndAdministrativeExpenses": 363812000, "otherExpenses": 448534000, "operatingExpenses": 812346000, "costAndExpenses": 10284007000, "interestIncome": 11566000, "interestExpense": 67125000, "depreciationAndAmortization": 392301000, "ebitda": 2216025000, "ebitdaratio": 0.1829726545, "operatingIncome": 1823724000, "operatingIncomeRatio": 0.1505811628, "totalOtherIncomeExpensesNet": -146776000, "incomeBeforeTax": 1676948000, "incomeBeforeTaxRatio": 0.1384621685, "incomeTaxExpense": 413741000, "netIncome": 1263207000, "netIncomeRatio": 0.1043004199, "eps": 4.63, "epsdiluted": 4.55, "weightedAverageShsOut": 272719309, "weightedAverageShsOutDil": 277785724, "link": null, "finalLink": null, "calculatedOtherExpenses": 440526000, "calculatedOperatingExpenses": 815851000, "calculatedNetInterest": -55559000, "calculatedOtherIncome": -91217000, "calculatedIncomeNonControlling": 0, "calculatedEbitda": 2216025000}, {"date": "2018-09-30", "symbol": "GIB", "reportedCurrency": "CAD", "cik": "0001061574", "fillingDate": "2018-09-30", "acceptedDate": "2018-09-29 20:00:00", "calendarYear": "2018", "period": "FY", "revenue": 11506825000, "costOfRevenue": 9045660000, "grossProfit": 2461165000, "grossProfitRatio": 0.2138874103, "researchAndDevelopmentExpenses": 8966000, "generalAndAdministrativeExpenses": 307496000, "sellingAndMarketingExpenses": 0, "sellingGeneralAndAdministrativeExpenses": 307496000, "otherExpenses": 448635000, "operatingExpenses": 756131000, "costAndExpenses": 9801791000, "interestIncome": 2910000, "interestExpense": 68629000, "depreciationAndAmortization": 392675000, "ebitda": 2092453000, "ebitdaratio": 0.181844514, "operatingIncome": 1705034000, "operatingIncomeRatio": 0.1481758869, "totalOtherIncomeExpensesNet": -141169000, "incomeBeforeTax": 1489980000, "incomeBeforeTaxRatio": 0.1294866308, "incomeTaxExpense": 348578000, "netIncome": 1141402000, "netIncomeRatio": 0.0991934787, "eps": 4.02, "epsdiluted": 3.95, "weightedAverageShsOut": 283878426, "weightedAverageShsOutDil": 288858580, "link": "", "finalLink": "", "calculatedOtherExpenses": 439669000, "calculatedOperatingExpenses": 756131000, "calculatedNetInterest": -65719000, "calculatedOtherIncome": -149335000, "calculatedIncomeNonControlling": 0, "calculatedEbitda": 2097709000}, {"date": "2017-09-30", "symbol": "GIB", "reportedCurrency": "CAD", "cik": "0001061574", "fillingDate": "2017-09-30", "acceptedDate": "2017-09-29 20:00:00", "calendarYear": "2017", "period": "FY", "revenue": 10845066000, "costOfRevenue": 8500825000, "grossProfit": 2344241000, "grossProfitRatio": 0.2161573752, "researchAndDevelopmentExpenses": 5102000, "generalAndAdministrativeExpenses": 349881000, "sellingAndMarketingExpenses": 0, "sellingGeneralAndAdministrativeExpenses": 349881000, "otherExpenses": 350463000, "operatingExpenses": 756834000, "costAndExpenses": 9257659000, "interestIncome": 3719000, "interestExpense": 67600000, "depreciationAndAmortization": 377204000, "ebitda": 1962419000, "ebitdaratio": 0.1809503972, "operatingIncome": 1643897000, "operatingIncomeRatio": 0.1515801748, "totalOtherIncomeExpensesNet": -99718000, "incomeBeforeTax": 1417897000, "incomeBeforeTaxRatio": 0.1307412053, "incomeTaxExpense": 382702000, "netIncome": 1035195000, "netIncomeRatio": 0.0954530844, "eps": 3.48, "epsdiluted": 3.41, "weightedAverageShsOut": 297516970, "weightedAverageShsOutDil": 303293485, "link": "", "finalLink": "", "calculatedOtherExpenses": 345361000, "calculatedOperatingExpenses": 700344000, "calculatedNetInterest": -63881000, "calculatedOtherIncome": -162119000, "calculatedIncomeNonControlling": 0, "calculatedEbitda": 2021101000}, {"date": "2016-09-30", "symbol": "GIB", "reportedCurrency": "CAD", "cik": "0001061574", "fillingDate": "2016-09-30", "acceptedDate": "2016-09-29 20:00:00", "calendarYear": "2016", "period": "FY", "revenue": 10683264000, "costOfRevenue": 8293407000, "grossProfit": 2389857000, "grossProfitRatio": 0.223701015, "researchAndDevelopmentExpenses": 4066000, "generalAndAdministrativeExpenses": 399682000, "sellingAndMarketingExpenses": 0, "sellingGeneralAndAdministrativeExpenses": 399682000, "otherExpenses": 373786000, "operatingExpenses": 827522000, "costAndExpenses": 9120929000, "interestIncome": 1610000, "interestExpense": 76494000, "depreciationAndAmortization": 400060000, "ebitda": 1960463000, "ebitdaratio": 0.183507868, "operatingIncome": 1616389000, "operatingIncomeRatio": 0.1513010443, "totalOtherIncomeExpensesNet": -31124000, "incomeBeforeTax": 1452785000, "incomeBeforeTaxRatio": 0.135986998, "incomeTaxExpense": 384069000, "netIncome": 1068716000, "netIncomeRatio": 0.1000364683, "eps": 3.51, "epsdiluted": 3.42, "weightedAverageShsOut": 304808130, "weightedAverageShsOutDil": 312773156, "link": "", "finalLink": "", "calculatedOtherExpenses": 369720000, "calculatedOperatingExpenses": 773468000, "calculatedNetInterest": -74884000, "calculatedOtherIncome": -88720000, "calculatedIncomeNonControlling": 0, "calculatedEbitda": 2016449000}, {"date": "2015-09-30", "symbol": "GIB", "reportedCurrency": "CAD", "cik": "0001061574", "fillingDate": "2015-09-30", "acceptedDate": "2015-09-29 20:00:00", "calendarYear": "2015", "period": "FY", "revenue": 10287096000, "costOfRevenue": 7980185000, "grossProfit": 2306911000, "grossProfitRatio": 0.2242528893, "researchAndDevelopmentExpenses": 3125000, "generalAndAdministrativeExpenses": 390728000, "sellingAndMarketingExpenses": 0, "sellingGeneralAndAdministrativeExpenses": 390728000, "otherExpenses": 390103000, "operatingExpenses": 838870000, "costAndExpenses": 8819055000, "interestIncome": 718000, "interestExpense": 92809000, "depreciationAndAmortization": 424044000, "ebitda": 1892037000, "ebitdaratio": 0.1839233346, "operatingIncome": 1526080000, "operatingIncomeRatio": 0.1483489607, "totalOtherIncomeExpensesNet": -46636000, "incomeBeforeTax": 1328548000, "incomeBeforeTaxRatio": 0.1291470401, "incomeTaxExpense": 350992000, "netIncome": 977556000, "netIncomeRatio": 0.0950274013, "eps": 3.14, "epsdiluted": 3.04, "weightedAverageShsOut": 311477555, "weightedAverageShsOutDil": 321422444, "link": "", "finalLink": "", "calculatedOtherExpenses": 386978000, "calculatedOperatingExpenses": 780831000, "calculatedNetInterest": -92091000, "calculatedOtherIncome": -105441000, "calculatedIncomeNonControlling": 0, "calculatedEbitda": 1950124000}, {"date": "2014-09-30", "symbol": "GIB", "reportedCurrency": "CAD", "cik": "0001061574", "fillingDate": "2014-09-30", "acceptedDate": "2014-09-29 20:00:00", "calendarYear": "2014", "period": "FY", "revenue": 10499692000, "costOfRevenue": 8263306000, "grossProfit": 2236386000, "grossProfitRatio": 0.2129953907, "researchAndDevelopmentExpenses": 2996000, "generalAndAdministrativeExpenses": 398560000, "sellingAndMarketingExpenses": 0, "sellingGeneralAndAdministrativeExpenses": 398560000, "otherExpenses": 411728000, "operatingExpenses": 810288000, "costAndExpenses": 9073594000, "interestIncome": 2010000, "interestExpense": 98436000, "depreciationAndAmortization": 444232000, "ebitda": 1813301000, "ebitdaratio": 0.1727003992, "operatingIncome": 1426098000, "operatingIncomeRatio": 0.1358228413, "totalOtherIncomeExpensesNet": -196580000, "incomeBeforeTax": 1130250000, "incomeBeforeTaxRatio": 0.1076460148, "incomeTaxExpense": 270807000, "netIncome": 859443000, "netIncomeRatio": 0.0818541153, "eps": 2.78, "epsdiluted": 2.69, "weightedAverageShsOut": 308743126, "weightedAverageShsOutDil": 318927737, "link": "", "finalLink": "", "calculatedOtherExpenses": 408732000, "calculatedOperatingExpenses": 810288000, "calculatedNetInterest": -96426000, "calculatedOtherIncome": -199422000, "calculatedIncomeNonControlling": 0, "calculatedEbitda": 1870330000}, {"date": "2013-09-30", "symbol": "GIB", "reportedCurrency": "CAD", "cik": "0001061574", "fillingDate": "2013-09-30", "acceptedDate": "2013-09-29 20:00:00", "calendarYear": "2013", "period": "FY", "revenue": 10084624000, "costOfRevenue": 8130042000, "grossProfit": 1954582000, "grossProfitRatio": 0.1938180343, "researchAndDevelopmentExpenses": 4083999, "generalAndAdministrativeExpenses": 410197000, "sellingAndMarketingExpenses": 0, "sellingGeneralAndAdministrativeExpenses": 410197000, "otherExpenses": 472071000, "operatingExpenses": 882268000, "costAndExpenses": 9012310000, "interestIncome": 4362000, "interestExpense": 108907000, "depreciationAndAmortization": 435944000, "ebitda": 1507596000, "ebitdaratio": 0.1494945176, "operatingIncome": 1072314000, "operatingIncomeRatio": 0.1063315796, "totalOtherIncomeExpensesNet": -335123000, "incomeBeforeTax": 627622000, "incomeBeforeTaxRatio": 0.062235538, "incomeTaxExpense": 171802000, "netIncome": 455820000, "netIncomeRatio": 0.0451995037, "eps": 1.48, "epsdiluted": 1.44, "weightedAverageShsOut": 307900034, "weightedAverageShsOutDil": 316974179, "link": "", "finalLink": "", "calculatedOtherExpenses": 467987001, "calculatedOperatingExpenses": 882268000, "calculatedNetInterest": -104545000, "calculatedOtherIncome": -340147000, "calculatedIncomeNonControlling": 0, "calculatedEbitda": 1508258000}, {"date": "2012-09-30", "symbol": "GIB", "reportedCurrency": "CAD", "cik": "0001061574", "fillingDate": "2012-09-30", "acceptedDate": "2012-09-29 20:00:00", "calendarYear": "2012", "period": "FY", "revenue": 4772454000, "costOfRevenue": 4226859000, "grossProfit": 545595000, "grossProfitRatio": 0.1143216886, "researchAndDevelopmentExpenses": 0, "generalAndAdministrativeExpenses": 204944000, "sellingAndMarketingExpenses": 0, "sellingGeneralAndAdministrativeExpenses": 204944000, "otherExpenses": 3955000, "operatingExpenses": 254973000, "costAndExpenses": 4481832000, "interestIncome": 5318000, "interestExpense": 42099000, "depreciationAndAmortization": 231398000, "ebitda": 527338000, "ebitdaratio": 0.1104961934, "operatingIncome": 545595000, "operatingIncomeRatio": 0.1143216886, "totalOtherIncomeExpensesNet": 9085000, "incomeBeforeTax": 262926000, "incomeBeforeTaxRatio": 0.0550924116, "incomeTaxExpense": 131397000, "netIncome": 131529000, "netIncomeRatio": 0.0275600352, "eps": 0.5, "epsdiluted": 0.48, "weightedAverageShsOut": 263431660, "weightedAverageShsOutDil": 273644002, "link": "", "finalLink": "", "calculatedOtherExpenses": -204944000, "calculatedOperatingExpenses": 0, "calculatedNetInterest": -36781000, "calculatedOtherIncome": -245888000, "calculatedIncomeNonControlling": 0, "calculatedEbitda": 776993000}, {"date": "2011-09-30", "symbol": "GIB", "reportedCurrency": "CAD", "cik": "0001061574", "fillingDate": "2011-09-30", "acceptedDate": "2011-09-29 20:00:00", "calendarYear": "2011", "period": "FY", "revenue": 4323237000, "costOfRevenue": 3553192000, "grossProfit": 770045000, "grossProfitRatio": 0.1781176928, "researchAndDevelopmentExpenses": 0, "generalAndAdministrativeExpenses": 0, "sellingAndMarketingExpenses": 0, "sellingGeneralAndAdministrativeExpenses": 0, "otherExpenses": 211372000, "operatingExpenses": 211372000, "costAndExpenses": 3764564000, "interestIncome": 3759000, "interestExpense": 19395000, "depreciationAndAmortization": 229925000, "ebitda": 792357000, "ebitdaratio": 0.1832786405, "operatingIncome": 558673000, "operatingIncomeRatio": 0.1292256242, "totalOtherIncomeExpensesNet": 3521000, "incomeBeforeTax": 546558000, "incomeBeforeTaxRatio": 0.1264233259, "incomeTaxExpense": 111493000, "netIncome": 434809000, "netIncomeRatio": 0.1005748702, "eps": 1.64, "epsdiluted": 1.58, "weightedAverageShsOut": 265333074, "weightedAverageShsOutDil": 275286534, "link": "", "finalLink": "", "calculatedOtherExpenses": 211372000, "calculatedOperatingExpenses": 211372000, "calculatedNetInterest": -15636000, "calculatedOtherIncome": 3521000, "calculatedIncomeNonControlling": 256000, "calculatedEbitda": 788598000}, {"date": "2010-09-30", "symbol": "GIB", "reportedCurrency": "CAD", "cik": "0001061574", "fillingDate": "2010-09-30", "acceptedDate": "2010-09-29 20:00:00", "calendarYear": "2010", "period": "FY", "revenue": 3732117000, "costOfRevenue": 3025823000, "grossProfit": 706294000, "grossProfitRatio": 0.1892475504, "researchAndDevelopmentExpenses": 0, "generalAndAdministrativeExpenses": 0, "sellingAndMarketingExpenses": 0, "sellingGeneralAndAdministrativeExpenses": 0, "otherExpenses": 195308000, "operatingExpenses": 213854000, "costAndExpenses": 3239677000, "interestIncome": 2419000, "interestExpense": 17123000, "depreciationAndAmortization": 219740000, "ebitda": 714599000, "ebitdaratio": 0.191472829, "operatingIncome": 510986000, "operatingIncomeRatio": 0.1369158577, "totalOtherIncomeExpensesNet": -18546000, "incomeBeforeTax": 477736000, "incomeBeforeTaxRatio": 0.128006705, "incomeTaxExpense": 114970000, "netIncome": 362766000, "netIncomeRatio": 0.0972011328, "eps": 1.27, "epsdiluted": 1.24, "weightedAverageShsOut": 285642520, "weightedAverageShsOutDil": 292553226, "link": "", "finalLink": "", "calculatedOtherExpenses": 195308000, "calculatedOperatingExpenses": 195308000, "calculatedNetInterest": -14704000, "calculatedOtherIncome": -18546000, "calculatedIncomeNonControlling": 0, "calculatedEbitda": 730726000}, {"date": "2009-09-30", "symbol": "GIB", "reportedCurrency": "CAD", "cik": "0001061574", "fillingDate": "2009-09-30", "acceptedDate": "2009-09-29 20:00:00", "calendarYear": "2009", "period": "FY", "revenue": 3825161000, "costOfRevenue": 3170406000, "grossProfit": 654755000, "grossProfitRatio": 0.171170573, "researchAndDevelopmentExpenses": 0, "generalAndAdministrativeExpenses": 0, "sellingAndMarketingExpenses": 0, "sellingGeneralAndAdministrativeExpenses": 0, "otherExpenses": 197583000, "operatingExpenses": 197583000, "costAndExpenses": 3367989000, "interestIncome": 2908000, "interestExpense": 18960000, "depreciationAndAmortization": 218087000, "ebitda": 678167000, "ebitdaratio": 0.1772910996, "operatingIncome": 457172000, "operatingIncomeRatio": 0.1195170609, "totalOtherIncomeExpensesNet": -16052000, "incomeBeforeTax": 441120000, "incomeBeforeTaxRatio": 0.1153206362, "incomeTaxExpense": 125223000, "netIncome": 316466000, "netIncomeRatio": 0.0827327268, "eps": 1.03, "epsdiluted": 1.02, "weightedAverageShsOut": 306853077, "weightedAverageShsOutDil": 310345241, "link": "", "finalLink": "", "calculatedOtherExpenses": 197583000, "calculatedOperatingExpenses": 197583000, "calculatedNetInterest": -16052000, "calculatedOtherIncome": 0, "calculatedIncomeNonControlling": -569000, "calculatedEbitda": 675259000}, {"date": "2008-09-30", "symbol": "GIB", "reportedCurrency": "CAD", "cik": "0001061574", "fillingDate": "2008-09-30", "acceptedDate": "2008-09-29 20:00:00", "calendarYear": "2008", "period": "FY", "revenue": 3705863317, "costOfRevenue": 3111965084, "grossProfit": 593898233, "grossProfitRatio": 0.1602590765, "researchAndDevelopmentExpenses": 0, "generalAndAdministrativeExpenses": 0, "sellingAndMarketingExpenses": 0, "sellingGeneralAndAdministrativeExpenses": 0, "otherExpenses": 163944007, "operatingExpenses": 163944007, "costAndExpenses": 3275909091, "interestIncome": 0, "interestExpense": 0, "depreciationAndAmortization": 186891633, "ebitda": 611276347, "ebitdaratio": 0.164948433, "operatingIncome": 429954226, "operatingIncomeRatio": 0.1160199903, "totalOtherIncomeExpensesNet": 5569512, "incomeBeforeTax": 404898872, "incomeBeforeTaxRatio": 0.109258987, "incomeTaxExpense": 106132638, "netIncome": 292763466, "netIncomeRatio": 0.0790000712, "eps": 0.92, "epsdiluted": 0.9, "weightedAverageShsOut": 317604899, "weightedAverageShsOutDil": 322804287, "link": "", "finalLink": "", "calculatedOtherExpenses": 163944007, "calculatedOperatingExpenses": 163944007, "calculatedNetInterest": 0, "calculatedOtherIncome": -25055354, "calculatedIncomeNonControlling": 6002768, "calculatedEbitda": 616845859}, {"date": "2007-09-30", "symbol": "GIB", "reportedCurrency": "CAD", "cik": "0001061574", "fillingDate": "2007-09-30", "acceptedDate": "2007-09-29 20:00:00", "calendarYear": "2007", "period": "FY", "revenue": 3711566133, "costOfRevenue": 3126104541, "grossProfit": 585461592, "grossProfitRatio": 0.157739771, "researchAndDevelopmentExpenses": 0, "generalAndAdministrativeExpenses": 0, "sellingAndMarketingExpenses": 0, "sellingGeneralAndAdministrativeExpenses": 0, "otherExpenses": 177647819, "operatingExpenses": 177647819, "costAndExpenses": 3303752360, "interestIncome": 0, "interestExpense": 0, "depreciationAndAmortization": 200953990, "ebitda": 621815562, "ebitdaratio": 0.16753455, "operatingIncome": 407813773, "operatingIncomeRatio": 0.1098764668, "totalOtherIncomeExpensesNet": -13047799, "incomeBeforeTax": 352696015, "incomeBeforeTaxRatio": 0.0950261971, "incomeTaxExpense": 116294346, "netIncome": 236401669, "netIncomeRatio": 0.0636932391, "eps": 0.72, "epsdiluted": 0.71, "weightedAverageShsOut": 328335651, "weightedAverageShsOutDil": 332960097, "link": "", "finalLink": "", "calculatedOtherExpenses": 177647819, "calculatedOperatingExpenses": 177647819, "calculatedNetInterest": 0, "calculatedOtherIncome": -55117758, "calculatedIncomeNonControlling": 0, "calculatedEbitda": 608767763}, {"date": "2006-09-30", "symbol": "GIB", "reportedCurrency": "CAD", "cik": "0001061574", "fillingDate": "2006-09-30", "acceptedDate": "2006-09-29 20:00:00", "calendarYear": "2006", "period": "FY", "revenue": 3477622667, "costOfRevenue": 2996520621, "grossProfit": 481102046, "grossProfitRatio": 0.1383422217, "researchAndDevelopmentExpenses": 0, "generalAndAdministrativeExpenses": 0, "sellingAndMarketingExpenses": 0, "sellingGeneralAndAdministrativeExpenses": 0, "otherExpenses": 170765619, "operatingExpenses": 170765619, "costAndExpenses": 3167286240, "interestIncome": 0, "interestExpense": 0, "depreciationAndAmortization": 199759696, "ebitda": 559635634, "ebitdaratio": 0.1609247718, "operatingIncome": 310336427, "operatingIncomeRatio": 0.0892380965, "totalOtherIncomeExpensesNet": -49539511, "incomeBeforeTax": 217506427, "incomeBeforeTaxRatio": 0.0625445736, "incomeTaxExpense": 70973511, "netIncome": 146532916, "netIncomeRatio": 0.0421359446, "eps": 0.4, "epsdiluted": 0.4, "weightedAverageShsOut": 366332290, "weightedAverageShsOutDil": 366332290, "link": "", "finalLink": "", "calculatedOtherExpenses": 170765619, "calculatedOperatingExpenses": 170765619, "calculatedNetInterest": 0, "calculatedOtherIncome": -92830000, "calculatedIncomeNonControlling": 0, "calculatedEbitda": 510096123}, {"date": "2005-09-30", "symbol": "GIB", "reportedCurrency": "CAD", "cik": "0001061574", "fillingDate": "2005-09-30", "acceptedDate": "2005-09-29 20:00:00", "calendarYear": "2005", "period": "FY", "revenue": 3685986063, "costOfRevenue": 3151557491, "grossProfit": 534428572, "grossProfitRatio": 0.1449893089, "researchAndDevelopmentExpenses": 0, "generalAndAdministrativeExpenses": 0, "sellingAndMarketingExpenses": 0, "sellingGeneralAndAdministrativeExpenses": 0, "otherExpenses": 199283391, "operatingExpenses": 199283391, "costAndExpenses": 3350840882, "interestIncome": 0, "interestExpense": 0, "depreciationAndAmortization": 230932636, "ebitda": 543706156, "ebitdaratio": 0.1475062973, "operatingIncome": 335145181, "operatingIncomeRatio": 0.0909241585, "totalOtherIncomeExpensesNet": 22692218, "incomeBeforeTax": 333823461, "incomeBeforeTaxRatio": 0.0905655787, "incomeTaxExpense": 114125436, "netIncome": 216487805, "netIncomeRatio": 0.0587326705, "eps": 0.49, "epsdiluted": 0.49, "weightedAverageShsOut": 441811847, "weightedAverageShsOutDil": 441811847, "link": "", "finalLink": "", "calculatedOtherExpenses": 199283391, "calculatedOperatingExpenses": 199283391, "calculatedNetInterest": 0, "calculatedOtherIncome": -1321720, "calculatedIncomeNonControlling": 3210220, "calculatedEbitda": 566077817}, {"date": "2004-09-30", "symbol": "GIB", "reportedCurrency": "CAD", "cik": "0001061574", "fillingDate": "2004-09-30", "acceptedDate": "2004-09-29 20:00:00", "calendarYear": "2004", "period": "FY", "revenue": 3243612196, "costOfRevenue": 2717040443, "grossProfit": 526571753, "grossProfitRatio": 0.1623411558, "researchAndDevelopmentExpenses": 26710344, "generalAndAdministrativeExpenses": 0, "sellingAndMarketingExpenses": 0, "sellingGeneralAndAdministrativeExpenses": 0, "otherExpenses": 164451304, "operatingExpenses": 191161648, "costAndExpenses": 2908202091, "interestIncome": 0, "interestExpense": 0, "depreciationAndAmortization": 194185461, "ebitda": 529595566, "ebitdaratio": 0.1632733921, "operatingIncome": 335410105, "operatingIncomeRatio": 0.1034063522, "totalOtherIncomeExpensesNet": 487590, "incomeBeforeTax": 323463525, "incomeBeforeTaxRatio": 0.0997232423, "incomeTaxExpense": 113142245, "netIncome": 219600605, "netIncomeRatio": 0.0677024847, "eps": 0.46, "epsdiluted": 0.46, "weightedAverageShsOut": 421827324, "weightedAverageShsOutDil": 421827324, "link": "", "finalLink": "", "calculatedOtherExpenses": 164451304, "calculatedOperatingExpenses": 191161648, "calculatedNetInterest": 0, "calculatedOtherIncome": -11946580, "calculatedIncomeNonControlling": -9279325, "calculatedEbitda": 529595566}, {"date": "2003-09-30", "symbol": "GIB", "reportedCurrency": "CAD", "cik": "0001061574", "fillingDate": "2003-09-30", "acceptedDate": "2003-09-29 20:00:00", "calendarYear": "2003", "period": "FY", "revenue": 2719694760, "costOfRevenue": 2277500000, "grossProfit": 442194760, "grossProfitRatio": 0.1625898489, "researchAndDevelopmentExpenses": 22035386, "generalAndAdministrativeExpenses": 0, "sellingAndMarketingExpenses": 0, "sellingGeneralAndAdministrativeExpenses": 0, "otherExpenses": 121862507, "operatingExpenses": 143897893, "costAndExpenses": 2421397893, "interestIncome": 0, "interestExpense": 0, "depreciationAndAmortization": 149650189, "ebitda": 447947056, "ebitdaratio": 0.1647049009, "operatingIncome": 298296867, "operatingIncomeRatio": 0.1096802742, "totalOtherIncomeExpensesNet": 294435, "incomeBeforeTax": 289105889, "incomeBeforeTaxRatio": 0.1063008589, "incomeTaxExpense": 113708806, "netIncome": 177366288, "netIncomeRatio": 0.0652155126, "eps": 0.43, "epsdiluted": 0.43, "weightedAverageShsOut": 395191927, "weightedAverageShsOutDil": 395191927, "link": "", "finalLink": "", "calculatedOtherExpenses": 121862507, "calculatedOperatingExpenses": 143897893, "calculatedNetInterest": 0, "calculatedOtherIncome": -9190978, "calculatedIncomeNonControlling": -1969205, "calculatedEbitda": 447947056}, {"date": "2002-09-30", "symbol": "GIB", "reportedCurrency": "CAD", "cik": "0001061574", "fillingDate": "2002-09-30", "acceptedDate": "2002-09-29 20:00:00", "calendarYear": "2002", "period": "FY", "revenue": 2169612698, "costOfRevenue": 1842853968, "grossProfit": 326758730, "grossProfitRatio": 0.1506069403, "researchAndDevelopmentExpenses": 17609524, "generalAndAdministrativeExpenses": 0, "sellingAndMarketingExpenses": 0, "sellingGeneralAndAdministrativeExpenses": 0, "otherExpenses": 77004762, "operatingExpenses": 94614286, "costAndExpenses": 1937468254, "interestIncome": 0, "interestExpense": 0, "depreciationAndAmortization": 100563492, "ebitda": 332707936, "ebitdaratio": 0.1533489993, "operatingIncome": 232144444, "operatingIncomeRatio": 0.1069981035, "totalOtherIncomeExpensesNet": 422223, "incomeBeforeTax": 232566667, "incomeBeforeTaxRatio": 0.107192711, "incomeTaxExpense": 96768254, "netIncome": 135798413, "netIncomeRatio": 0.0625910851, "eps": 0.36, "epsdiluted": 0.36, "weightedAverageShsOut": 377349472, "weightedAverageShsOutDil": 377349472, "link": "", "finalLink": "", "calculatedOtherExpenses": 77004762, "calculatedOperatingExpenses": 94614286, "calculatedNetInterest": 0, "calculatedOtherIncome": 422223, "calculatedIncomeNonControlling": 0, "calculatedEbitda": 332707936}, {"date": "2001-09-30", "symbol": "GIB", "reportedCurrency": "CAD", "cik": "0001061574", "fillingDate": "2001-09-30", "acceptedDate": "2001-09-29 20:00:00", "calendarYear": "2001", "period": "FY", "revenue": 1581314502, "costOfRevenue": 1339109989, "grossProfit": 242204513, "grossProfitRatio": 0.1531665666, "researchAndDevelopmentExpenses": 12584819, "generalAndAdministrativeExpenses": 0, "sellingAndMarketingExpenses": 0, "sellingGeneralAndAdministrativeExpenses": 0, "otherExpenses": 65994951, "operatingExpenses": 78579770, "costAndExpenses": 1417689759, "interestIncome": 0, "interestExpense": 0, "depreciationAndAmortization": 94582610, "ebitda": 258201041, "ebitdaratio": 0.1632825353, "operatingIncome": 163624743, "operatingIncomeRatio": 0.1034738775, "totalOtherIncomeExpensesNet": 6312, "incomeBeforeTax": 134953448, "incomeBeforeTaxRatio": 0.0853425728, "incomeTaxExpense": 72165062, "netIncome": 62788386, "netIncomeRatio": 0.0397064505, "eps": 0.21, "epsdiluted": 0.21, "weightedAverageShsOut": 299500350, "weightedAverageShsOutDil": 299500350, "link": "", "finalLink": "", "calculatedOtherExpenses": 65994951, "calculatedOperatingExpenses": 78579770, "calculatedNetInterest": 0, "calculatedOtherIncome": -28671295, "calculatedIncomeNonControlling": 0, "calculatedEbitda": 258207353}, {"date": "2000-09-30", "symbol": "GIB", "reportedCurrency": "CAD", "cik": "0001061574", "fillingDate": "2000-09-30", "acceptedDate": "2000-09-29 20:00:00", "calendarYear": "2000", "period": "FY", "revenue": 1436008416, "costOfRevenue": 1253073339, "grossProfit": 182935077, "grossProfitRatio": 0.1273913683, "researchAndDevelopmentExpenses": 9959423, "generalAndAdministrativeExpenses": 0, "sellingAndMarketingExpenses": 0, "sellingGeneralAndAdministrativeExpenses": 0, "otherExpenses": 67530808, "operatingExpenses": 77490231, "costAndExpenses": 1330563570, "interestIncome": 0, "interestExpense": 0, "depreciationAndAmortization": 67530809, "ebitda": 172911032, "ebitdaratio": 0.1204108765, "operatingIncome": 105444846, "operatingIncomeRatio": 0.0734291281, "totalOtherIncomeExpensesNet": 64623, "incomeBeforeTax": 105650736, "incomeBeforeTaxRatio": 0.0735725047, "incomeTaxExpense": 49984971, "netIncome": 55665765, "netIncomeRatio": 0.0387642331, "eps": 0.21, "epsdiluted": 0.21, "weightedAverageShsOut": 270442354, "weightedAverageShsOutDil": 270442354, "link": "", "finalLink": "", "calculatedOtherExpenses": 67530808, "calculatedOperatingExpenses": 77490231, "calculatedNetInterest": 0, "calculatedOtherIncome": 205890, "calculatedIncomeNonControlling": 0, "calculatedEbitda": 172975655}, {"date": "1999-09-30", "symbol": "GIB", "reportedCurrency": "CAD", "cik": "0001061574", "fillingDate": "1999-09-30", "acceptedDate": "1999-09-29 20:00:00", "calendarYear": "1999", "period": "FY", "revenue": 1409537784, "costOfRevenue": 1185619956, "grossProfit": 223917828, "grossProfitRatio": 0.1588590462, "researchAndDevelopmentExpenses": 9684519, "generalAndAdministrativeExpenses": 0, "sellingAndMarketingExpenses": 0, "sellingGeneralAndAdministrativeExpenses": 0, "otherExpenses": 64856934, "operatingExpenses": 74541453, "costAndExpenses": 1260161409, "interestIncome": 0, "interestExpense": 0, "depreciationAndAmortization": 64856933, "ebitda": 214233308, "ebitdaratio": 0.15198834, "operatingIncome": 149376375, "operatingIncomeRatio": 0.1059754316, "totalOtherIncomeExpensesNet": 3815115, "incomeBeforeTax": 153191490, "incomeBeforeTaxRatio": 0.1086820742, "incomeTaxExpense": 69405723, "netIncome": 83785767, "netIncomeRatio": 0.0594420156, "eps": 0.32, "epsdiluted": 0.32, "weightedAverageShsOut": 267969082, "weightedAverageShsOutDil": 267969082, "link": "", "finalLink": "", "calculatedOtherExpenses": 64856934, "calculatedOperatingExpenses": 74541453, "calculatedNetInterest": 0, "calculatedOtherIncome": 3815115, "calculatedIncomeNonControlling": 0, "calculatedEbitda": 214233308}, {"date": "1998-09-30", "symbol": "GIB", "reportedCurrency": "CAD", "cik": "0001061574", "fillingDate": "1998-09-30", "acceptedDate": "1998-09-29 20:00:00", "calendarYear": "1998", "period": "FY", "revenue": 740933435, "costOfRevenue": 633664881, "grossProfit": 107268554, "grossProfitRatio": 0.1447748866, "researchAndDevelopmentExpenses": 5967865, "generalAndAdministrativeExpenses": 0, "sellingAndMarketingExpenses": 0, "sellingGeneralAndAdministrativeExpenses": 0, "otherExpenses": 38714614, "operatingExpenses": 44682479, "costAndExpenses": 678347360, "interestIncome": 0, "interestExpense": 0, "depreciationAndAmortization": 38714614, "ebitda": 99311401, "ebitdaratio": 0.1340355237, "operatingIncome": 62586075, "operatingIncomeRatio": 0.0844692277, "totalOtherIncomeExpensesNet": 1989288, "incomeBeforeTax": 64116297, "incomeBeforeTaxRatio": 0.0865344901, "incomeTaxExpense": 29227238, "netIncome": 34889059, "netIncomeRatio": 0.0470879803, "eps": 0.15, "epsdiluted": 0.15, "weightedAverageShsOut": 234614324, "weightedAverageShsOutDil": 234614324, "link": "", "finalLink": "", "calculatedOtherExpenses": 38714614, "calculatedOperatingExpenses": 44682479, "calculatedNetInterest": 0, "calculatedOtherIncome": 1530222, "calculatedIncomeNonControlling": 0, "calculatedEbitda": 101300689}, {"date": "1997-09-30", "symbol": "GIB", "reportedCurrency": "CAD", "cik": "0001061574", "fillingDate": "1997-09-30", "acceptedDate": "1997-09-29 20:00:00", "calendarYear": "1997", "period": "FY", "revenue": 231900000, "costOfRevenue": 203700000, "grossProfit": 28200000, "grossProfitRatio": 0.1216041397, "researchAndDevelopmentExpenses": 3100000, "generalAndAdministrativeExpenses": 0, "sellingAndMarketingExpenses": 0, "sellingGeneralAndAdministrativeExpenses": 0, "otherExpenses": 9700000, "operatingExpenses": 12800000, "costAndExpenses": 216500000, "interestIncome": 0, "interestExpense": 0, "depreciationAndAmortization": 9700000, "ebitda": 25400000, "ebitdaratio": 0.1095299698, "operatingIncome": 15400000, "operatingIncomeRatio": 0.0664079345, "totalOtherIncomeExpensesNet": -300000, "incomeBeforeTax": 13500000, "incomeBeforeTaxRatio": 0.0582147477, "incomeTaxExpense": 5700000, "netIncome": 7800000, "netIncomeRatio": 0.0336351876, "eps": 0.05, "epsdiluted": 0.05, "weightedAverageShsOut": 155605616, "weightedAverageShsOutDil": 155605616, "link": "", "finalLink": "", "calculatedOtherExpenses": 9700000, "calculatedOperatingExpenses": 12800000, "calculatedNetInterest": 0, "calculatedOtherIncome": -1900000, "calculatedIncomeNonControlling": 0, "calculatedEbitda": 25100000}, {"date": "1996-09-30", "symbol": "GIB", "reportedCurrency": "CAD", "cik": "0001061574", "fillingDate": "1996-09-30", "acceptedDate": "1996-09-29 20:00:00", "calendarYear": "1996", "period": "FY", "revenue": 122000000, "costOfRevenue": 111300000, "grossProfit": 10700000, "grossProfitRatio": 0.087704918, "researchAndDevelopmentExpenses": 2100000, "generalAndAdministrativeExpenses": 0, "sellingAndMarketingExpenses": 0, "sellingGeneralAndAdministrativeExpenses": 0, "otherExpenses": 2400000, "operatingExpenses": 4500000, "costAndExpenses": 115800000, "interestIncome": 0, "interestExpense": 0, "depreciationAndAmortization": 2400000, "ebitda": 9100000, "ebitdaratio": 0.0745901639, "operatingIncome": 6200000, "operatingIncomeRatio": 0.0508196721, "totalOtherIncomeExpensesNet": -500000, "incomeBeforeTax": 5100000, "incomeBeforeTaxRatio": 0.0418032787, "incomeTaxExpense": 2400000, "netIncome": 2700000, "netIncomeRatio": 0.0221311475, "eps": 0.02, "epsdiluted": 0.02, "weightedAverageShsOut": 137097376, "weightedAverageShsOutDil": 137097376, "link": "", "finalLink": "", "calculatedOtherExpenses": 2400000, "calculatedOperatingExpenses": 4500000, "calculatedNetInterest": 0, "calculatedOtherIncome": -1100000, "calculatedIncomeNonControlling": 0, "calculatedEbitda": 8600000}, {"date": "1995-09-30", "symbol": "GIB", "reportedCurrency": "CAD", "cik": "0001061574", "fillingDate": "1995-09-30", "acceptedDate": "1995-09-29 20:00:00", "calendarYear": "1995", "period": "FY", "revenue": 96700000, "costOfRevenue": 89300000, "grossProfit": 7400000, "grossProfitRatio": 0.0765253361, "researchAndDevelopmentExpenses": 2000000, "generalAndAdministrativeExpenses": 0, "sellingAndMarketingExpenses": 0, "sellingGeneralAndAdministrativeExpenses": 0, "otherExpenses": 1700000, "operatingExpenses": 3700000, "costAndExpenses": 93000000, "interestIncome": 0, "interestExpense": 0, "depreciationAndAmortization": 1700000, "ebitda": 5400000, "ebitdaratio": 0.0558428128, "operatingIncome": 3700000, "operatingIncomeRatio": 0.038262668, "totalOtherIncomeExpensesNet": -1700000, "incomeBeforeTax": 2000000, "incomeBeforeTaxRatio": 0.0206825233, "incomeTaxExpense": 900000, "netIncome": 1100000, "netIncomeRatio": 0.0113753878, "eps": 0.01, "epsdiluted": 0.01, "weightedAverageShsOut": 110000000, "weightedAverageShsOutDil": 110000000, "link": "", "finalLink": "", "calculatedOtherExpenses": 1700000, "calculatedOperatingExpenses": 3700000, "calculatedNetInterest": 0, "calculatedOtherIncome": -1700000, "calculatedIncomeNonControlling": 0, "calculatedEbitda": 5400000}, {"date": "1994-09-30", "symbol": "GIB", "reportedCurrency": "CAD", "cik": "0001061574", "fillingDate": "1994-09-30", "acceptedDate": "1994-09-29 20:00:00", "calendarYear": "1994", "period": "FY", "revenue": 91300000, "costOfRevenue": 84500000, "grossProfit": 6800000, "grossProfitRatio": 0.0744797371, "researchAndDevelopmentExpenses": 1800000, "generalAndAdministrativeExpenses": 0, "sellingAndMarketingExpenses": 0, "sellingGeneralAndAdministrativeExpenses": 0, "otherExpenses": 1700000, "operatingExpenses": 3500000, "costAndExpenses": 88000000, "interestIncome": 0, "interestExpense": 0, "depreciationAndAmortization": 1700000, "ebitda": 5000000, "ebitdaratio": 0.0547645126, "operatingIncome": 3300000, "operatingIncomeRatio": 0.0361445783, "totalOtherIncomeExpensesNet": -1000000, "incomeBeforeTax": 2300000, "incomeBeforeTaxRatio": 0.0251916758, "incomeTaxExpense": 1000000, "netIncome": 1300000, "netIncomeRatio": 0.0142387733, "eps": 0.02, "epsdiluted": 0.02, "weightedAverageShsOut": 65000000, "weightedAverageShsOutDil": 65000000, "link": "", "finalLink": "", "calculatedOtherExpenses": 1700000, "calculatedOperatingExpenses": 3500000, "calculatedNetInterest": 0, "calculatedOtherIncome": -1000000, "calculatedIncomeNonControlling": 0, "calculatedEbitda": 5000000}, {"date": "1993-09-30", "symbol": "GIB", "reportedCurrency": "CAD", "cik": "0001061574", "fillingDate": "1993-09-30", "acceptedDate": "1993-09-29 20:00:00", "calendarYear": "1993", "period": "FY", "revenue": 76200000, "costOfRevenue": 71200000, "grossProfit": 5000000, "grossProfitRatio": 0.0656167979, "researchAndDevelopmentExpenses": 1600000, "generalAndAdministrativeExpenses": 0, "sellingAndMarketingExpenses": 0, "sellingGeneralAndAdministrativeExpenses": 0, "otherExpenses": 1600000, "operatingExpenses": 3200000, "costAndExpenses": 74400000, "interestIncome": 0, "interestExpense": 0, "depreciationAndAmortization": 1600000, "ebitda": 3400000, "ebitdaratio": 0.0446194226, "operatingIncome": 1800000, "operatingIncomeRatio": 0.0236220472, "totalOtherIncomeExpensesNet": -800000, "incomeBeforeTax": 1000000, "incomeBeforeTaxRatio": 0.0131233596, "incomeTaxExpense": 600000, "netIncome": 400000, "netIncomeRatio": 0.0052493438, "eps": 0.01, "epsdiluted": 0.01, "weightedAverageShsOut": 40000000, "weightedAverageShsOutDil": 40000000, "link": "", "finalLink": "", "calculatedOtherExpenses": 1600000, "calculatedOperatingExpenses": 3200000, "calculatedNetInterest": 0, "calculatedOtherIncome": -800000, "calculatedIncomeNonControlling": 0, "calculatedEbitda": 3400000}]}