{"originalCurrency": "USD", "convertedCurrency": "USD", "report": [{"date": "2023-12-31", "symbol": "GIL", "reportedCurrency": "USD", "cik": "0001061894", "fillingDate": "2023-12-31", "acceptedDate": "2023-12-30 19:00:00", "calendarYear": "2023", "period": "FY", "revenue": 3195911000, "costOfRevenue": 2315857000, "grossProfit": 880054000, "grossProfitRatio": 0.2753687446, "researchAndDevelopmentExpenses": 0, "generalAndAdministrativeExpenses": 151905000, "sellingAndMarketingExpenses": 178486000, "sellingGeneralAndAdministrativeExpenses": 330391000, "otherExpenses": 0, "operatingExpenses": 330391000, "costAndExpenses": 2646248000, "interestIncome": 0, "interestExpense": 57203000, "depreciationAndAmortization": 121644000, "ebitda": 648993000, "ebitdaratio": 0.2030697976, "operatingIncome": 643853000, "operatingIncomeRatio": 0.2014614925, "totalOtherIncomeExpensesNet": 94037000, "incomeBeforeTax": 564183000, "incomeBeforeTaxRatio": 0.1765327633, "incomeTaxExpense": 30603000, "netIncome": 533580000, "netIncomeRatio": 0.1669570899, "eps": 3.09, "epsdiluted": 3.08, "weightedAverageShsOut": 175938000, "weightedAverageShsOutDil": 176224000, "link": null, "finalLink": null, "calculatedOtherExpenses": -94190000, "calculatedOperatingExpenses": 236201000, "calculatedNetInterest": -57203000, "calculatedOtherIncome": -22467000, "calculatedIncomeNonControlling": 0, "calculatedEbitda": 765497000}, {"date": "2022-12-31", "symbol": "GIL", "reportedCurrency": "USD", "cik": "0001061894", "fillingDate": "2022-12-31", "acceptedDate": "2022-12-30 19:00:00", "calendarYear": "2022", "period": "FY", "revenue": 3240482000, "costOfRevenue": 2248070000, "grossProfit": 992412000, "grossProfitRatio": 0.3062544399, "researchAndDevelopmentExpenses": 0, "generalAndAdministrativeExpenses": 144925000, "sellingAndMarketingExpenses": 179183000, "sellingGeneralAndAdministrativeExpenses": 324108000, "otherExpenses": 0, "operatingExpenses": 324108000, "costAndExpenses": 2572178000, "interestIncome": 28763000, "interestExpense": 36957000, "depreciationAndAmortization": 124926000, "ebitda": 793230000, "ebitdaratio": 0.2447876581, "operatingIncome": 603385000, "operatingIncomeRatio": 0.1862022378, "totalOtherIncomeExpensesNet": -64919000, "incomeBeforeTax": 566428000, "incomeBeforeTaxRatio": 0.174797453, "incomeTaxExpense": 24888000, "netIncome": 541540000, "netIncomeRatio": 0.1671171141, "eps": 2.82, "epsdiluted": 2.82, "weightedAverageShsOut": 184128000, "weightedAverageShsOutDil": 184532000, "link": "", "finalLink": "", "calculatedOtherExpenses": 64919000, "calculatedOperatingExpenses": 389027000, "calculatedNetInterest": -8194000, "calculatedOtherIncome": -28763000, "calculatedIncomeNonControlling": 0, "calculatedEbitda": 728311000}, {"date": "2021-12-31", "symbol": "GIL", "reportedCurrency": "USD", "cik": "0001061894", "fillingDate": "2021-12-31", "acceptedDate": "2021-12-30 19:00:00", "calendarYear": "2021", "period": "FY", "revenue": 2922570000, "costOfRevenue": 1982361000, "grossProfit": 940209000, "grossProfitRatio": 0.321706238, "researchAndDevelopmentExpenses": 0, "generalAndAdministrativeExpenses": 147260000, "sellingAndMarketingExpenses": 166911000, "sellingGeneralAndAdministrativeExpenses": 314171000, "otherExpenses": 0, "operatingExpenses": 314171000, "costAndExpenses": 2296532000, "interestIncome": 17726000, "interestExpense": 27331000, "depreciationAndAmortization": 135402000, "ebitda": 761440000, "ebitdaratio": 0.2605378143, "operatingIncome": 651889000, "operatingIncomeRatio": 0.22305334, "totalOtherIncomeExpensesNet": 25851000, "incomeBeforeTax": 624558000, "incomeBeforeTaxRatio": 0.2137016393, "incomeTaxExpense": 17375000, "netIncome": 607183000, "netIncomeRatio": 0.2077565294, "eps": 3.05, "epsdiluted": 3.05, "weightedAverageShsOut": 197014000, "weightedAverageShsOutDil": 197595000, "link": "", "finalLink": "", "calculatedOtherExpenses": -25851000, "calculatedOperatingExpenses": 288320000, "calculatedNetInterest": -9605000, "calculatedOtherIncome": -17726000, "calculatedIncomeNonControlling": 0, "calculatedEbitda": 787291000}, {"date": "2020-12-31", "symbol": "GIL", "reportedCurrency": "USD", "cik": "0001061894", "fillingDate": "2020-12-31", "acceptedDate": "2020-12-30 19:00:00", "calendarYear": "2020", "period": "FY", "revenue": 1981276000, "costOfRevenue": 1732217000, "grossProfit": 249059000, "grossProfitRatio": 0.125706363, "researchAndDevelopmentExpenses": 0, "generalAndAdministrativeExpenses": 101492000, "sellingAndMarketingExpenses": 170814000, "sellingGeneralAndAdministrativeExpenses": 272306000, "otherExpenses": 0, "operatingExpenses": 272306000, "costAndExpenses": 2004523000, "interestIncome": 33674000, "interestExpense": 48530000, "depreciationAndAmortization": 147190000, "ebitda": 123943000, "ebitdaratio": 0.0625571601, "operatingIncome": -180843000, "operatingIncomeRatio": -0.0912760262, "totalOtherIncomeExpensesNet": -157596000, "incomeBeforeTax": -229373000, "incomeBeforeTaxRatio": -0.1157703419, "incomeTaxExpense": -4091000, "netIncome": -225282000, "netIncomeRatio": -0.113705511, "eps": -1.14, "epsdiluted": -1.14, "weightedAverageShsOut": 198361000, "weightedAverageShsOutDil": 198361000, "link": "", "finalLink": "", "calculatedOtherExpenses": 157596000, "calculatedOperatingExpenses": 429902000, "calculatedNetInterest": -14856000, "calculatedOtherIncome": -33674000, "calculatedIncomeNonControlling": 0, "calculatedEbitda": -33653000}, {"date": "2019-12-31", "symbol": "GIL", "reportedCurrency": "USD", "cik": "0001061894", "fillingDate": "2019-12-29", "acceptedDate": "2019-12-28 19:00:00", "calendarYear": "2019", "period": "FY", "revenue": 2823901000, "costOfRevenue": 2119440000, "grossProfit": 704461000, "grossProfitRatio": 0.2494637737, "researchAndDevelopmentExpenses": 0, "generalAndAdministrativeExpenses": 121273000, "sellingAndMarketingExpenses": 219214000, "sellingGeneralAndAdministrativeExpenses": 340487000, "otherExpenses": 0, "operatingExpenses": 340487000, "costAndExpenses": 2459927000, "interestIncome": 32087000, "interestExpense": 32087000, "depreciationAndAmortization": 156794000, "ebitda": 512758000, "ebitdaratio": 0.1815778953, "operatingIncome": 288993000, "operatingIncomeRatio": 0.1023382194, "totalOtherIncomeExpensesNet": -74052000, "incomeBeforeTax": 249825000, "incomeBeforeTaxRatio": 0.0884680447, "incomeTaxExpense": -9984000, "netIncome": 259809000, "netIncomeRatio": 0.0920035794, "eps": 1.3, "epsdiluted": 1.3, "weightedAverageShsOut": 204161000, "weightedAverageShsOutDil": 204609000, "link": "", "finalLink": "", "calculatedOtherExpenses": 74981000, "calculatedOperatingExpenses": 415468000, "calculatedNetInterest": 0, "calculatedOtherIncome": -39168000, "calculatedIncomeNonControlling": 0, "calculatedEbitda": 445787000}, {"date": "2018-12-31", "symbol": "GIL", "reportedCurrency": "USD", "cik": "0001061894", "fillingDate": "2018-12-31", "acceptedDate": "2018-12-30 19:00:00", "calendarYear": "2018", "period": "FY", "revenue": 2908565000, "costOfRevenue": 2102612000, "grossProfit": 805953000, "grossProfitRatio": 0.2770964376, "researchAndDevelopmentExpenses": 0, "generalAndAdministrativeExpenses": 135735000, "sellingAndMarketingExpenses": 232811000, "sellingGeneralAndAdministrativeExpenses": 368546000, "otherExpenses": 0, "operatingExpenses": 368546000, "costAndExpenses": 2471158000, "interestIncome": 0, "interestExpense": 31045000, "depreciationAndAmortization": 158076000, "ebitda": 595483000, "ebitdaratio": 0.2047342934, "operatingIncome": 403179000, "operatingIncomeRatio": 0.1386178408, "totalOtherIncomeExpensesNet": -34228000, "incomeBeforeTax": 372134000, "incomeBeforeTaxRatio": 0.1279441924, "incomeTaxExpense": 21360000, "netIncome": 350774000, "netIncomeRatio": 0.1206003648, "eps": 1.66, "epsdiluted": 1.66, "weightedAverageShsOut": 211309639, "weightedAverageShsOutDil": 211309639, "link": "", "finalLink": "", "calculatedOtherExpenses": 34228000, "calculatedOperatingExpenses": 402774000, "calculatedNetInterest": -31045000, "calculatedOtherIncome": 0, "calculatedIncomeNonControlling": 0, "calculatedEbitda": 561255000}, {"date": "2017-12-31", "symbol": "GIL", "reportedCurrency": "USD", "cik": "0001061894", "fillingDate": "2017-12-31", "acceptedDate": "2017-12-30 19:00:00", "calendarYear": "2017", "period": "FY", "revenue": 2750816000, "costOfRevenue": 1949597000, "grossProfit": 801219000, "grossProfitRatio": 0.2912659371, "researchAndDevelopmentExpenses": 0, "generalAndAdministrativeExpenses": 141325000, "sellingAndMarketingExpenses": 235998000, "sellingGeneralAndAdministrativeExpenses": 377323000, "otherExpenses": 0, "operatingExpenses": 377323000, "costAndExpenses": 2326920000, "interestIncome": 0, "interestExpense": 24186000, "depreciationAndAmortization": 162150000, "ebitda": 586046000, "ebitdaratio": 0.2130444203, "operatingIncome": 401002000, "operatingIncomeRatio": 0.1457756535, "totalOtherIncomeExpensesNet": -22894000, "incomeBeforeTax": 376816000, "incomeBeforeTaxRatio": 0.1369833533, "incomeTaxExpense": 14482000, "netIncome": 362334000, "netIncomeRatio": 0.1317187336, "eps": 1.62, "epsdiluted": 1.61, "weightedAverageShsOut": 223662963, "weightedAverageShsOutDil": 225052174, "link": "", "finalLink": "", "calculatedOtherExpenses": 22894000, "calculatedOperatingExpenses": 400217000, "calculatedNetInterest": -24186000, "calculatedOtherIncome": 0, "calculatedIncomeNonControlling": 0, "calculatedEbitda": 563152000}, {"date": "2016-12-31", "symbol": "GIL", "reportedCurrency": "USD", "cik": "0001061894", "fillingDate": "2017-01-01", "acceptedDate": "2016-12-31 19:00:00", "calendarYear": "2016", "period": "FY", "revenue": 2585070000, "costOfRevenue": 1865367000, "grossProfit": 719703000, "grossProfitRatio": 0.278407548, "researchAndDevelopmentExpenses": 0, "generalAndAdministrativeExpenses": 121702000, "sellingAndMarketingExpenses": 214731000, "sellingGeneralAndAdministrativeExpenses": 336433000, "otherExpenses": 0, "operatingExpenses": 336433000, "costAndExpenses": 2201800000, "interestIncome": 0, "interestExpense": 19686000, "depreciationAndAmortization": 140597000, "ebitda": 523867000, "ebitdaratio": 0.202650992, "operatingIncome": 371524000, "operatingIncomeRatio": 0.1437191256, "totalOtherIncomeExpensesNet": -11746000, "incomeBeforeTax": 351838000, "incomeBeforeTaxRatio": 0.1361038579, "incomeTaxExpense": 5200000, "netIncome": 346638000, "netIncomeRatio": 0.134092307, "eps": 1.47, "epsdiluted": 1.47, "weightedAverageShsOut": 235355000, "weightedAverageShsOutDil": 235808163, "link": "", "finalLink": "", "calculatedOtherExpenses": 11746000, "calculatedOperatingExpenses": 348179000, "calculatedNetInterest": -19686000, "calculatedOtherIncome": 0, "calculatedIncomeNonControlling": 0, "calculatedEbitda": 512121000}, {"date": "2015-12-31", "symbol": "GIL", "reportedCurrency": "USD", "cik": "0001061894", "fillingDate": "2015-12-31", "acceptedDate": "2015-12-30 19:00:00", "calendarYear": "2015", "period": "FY", "revenue": 2415472000, "costOfRevenue": 1830135000, "grossProfit": 585337000, "grossProfitRatio": 0.2423282075, "researchAndDevelopmentExpenses": 0, "generalAndAdministrativeExpenses": 143292000, "sellingAndMarketingExpenses": 244671000, "sellingGeneralAndAdministrativeExpenses": 315168000, "otherExpenses": 0, "operatingExpenses": 315168000, "costAndExpenses": 2145303000, "interestIncome": 0, "interestExpense": 7035000, "depreciationAndAmortization": 116631000, "ebitda": 383045000, "ebitdaratio": 0.1585797724, "operatingIncome": 256572000, "operatingIncomeRatio": 0.1062202336, "totalOtherIncomeExpensesNet": -18183000, "incomeBeforeTax": 241196000, "incomeBeforeTaxRatio": 0.099854604, "incomeTaxExpense": 3896000, "netIncome": 237300000, "netIncomeRatio": 0.0982416687, "eps": 0.98, "epsdiluted": 0.97, "weightedAverageShsOut": 242502000, "weightedAverageShsOutDil": 244321000, "link": "", "finalLink": "", "calculatedOtherExpenses": 13597000, "calculatedOperatingExpenses": 328765000, "calculatedNetInterest": -7035000, "calculatedOtherIncome": -8341000, "calculatedIncomeNonControlling": 0, "calculatedEbitda": 373203000}, {"date": "2014-09-30", "symbol": "GIL", "reportedCurrency": "USD", "cik": "0001061894", "fillingDate": "2014-12-31", "acceptedDate": "2014-12-31 00:00:00", "calendarYear": "2014", "period": "FY", "revenue": 2359994000, "costOfRevenue": 1701311000, "grossProfit": 658683000, "grossProfitRatio": 0.2791036757, "researchAndDevelopmentExpenses": 0, "generalAndAdministrativeExpenses": 107543000, "sellingAndMarketingExpenses": 178472000, "sellingGeneralAndAdministrativeExpenses": 286015000, "otherExpenses": 0, "operatingExpenses": 286015000, "costAndExpenses": 1987326000, "interestIncome": 0, "interestExpense": 2384000, "depreciationAndAmortization": 95618000, "ebitda": 464987000, "ebitdaratio": 0.1970288908, "operatingIncome": 369421000, "operatingIncomeRatio": 0.15653472, "totalOtherIncomeExpensesNet": -461000, "incomeBeforeTax": 366524000, "incomeBeforeTaxRatio": 0.1553071745, "incomeTaxExpense": 6972000, "netIncome": 359552000, "netIncomeRatio": 0.1523529297, "eps": 1.48, "epsdiluted": 1.46, "weightedAverageShsOut": 243530000, "weightedAverageShsOutDil": 246358000, "link": null, "finalLink": null, "calculatedOtherExpenses": 3247000, "calculatedOperatingExpenses": 289262000, "calculatedNetInterest": -2384000, "calculatedOtherIncome": -513000, "calculatedIncomeNonControlling": 0, "calculatedEbitda": 465039000}, {"date": "2013-09-30", "symbol": "GIL", "reportedCurrency": "USD", "cik": "0001061894", "fillingDate": "2013-12-31", "acceptedDate": "2013-12-31 00:00:00", "calendarYear": "2013", "period": "FY", "revenue": 2184303000, "costOfRevenue": 1550266000, "grossProfit": 634037000, "grossProfitRatio": 0.2902697107, "researchAndDevelopmentExpenses": 0, "generalAndAdministrativeExpenses": 115526000, "sellingAndMarketingExpenses": 167037000, "sellingGeneralAndAdministrativeExpenses": 282563000, "otherExpenses": 0, "operatingExpenses": 282563000, "costAndExpenses": 1832829000, "interestIncome": 0, "interestExpense": 4211000, "depreciationAndAmortization": 95278000, "ebitda": 443124000, "ebitdaratio": 0.2028674593, "operatingIncome": 342686000, "operatingIncomeRatio": 0.1568857434, "totalOtherIncomeExpensesNet": -12870000, "incomeBeforeTax": 330719000, "incomeBeforeTaxRatio": 0.1514071079, "incomeTaxExpense": 10541000, "netIncome": 320178000, "netIncomeRatio": 0.1465813122, "eps": 1.32, "epsdiluted": 1.31, "weightedAverageShsOut": 242910000, "weightedAverageShsOutDil": 245416000, "link": null, "finalLink": null, "calculatedOtherExpenses": 8788000, "calculatedOperatingExpenses": 291351000, "calculatedNetInterest": -4211000, "calculatedOtherIncome": -7756000, "calculatedIncomeNonControlling": 0, "calculatedEbitda": 437964000}, {"date": "2012-09-30", "symbol": "GIL", "reportedCurrency": "USD", "cik": "0001061894", "fillingDate": "2012-12-31", "acceptedDate": "2012-12-31 00:00:00", "calendarYear": "2012", "period": "FY", "revenue": 1948253000, "costOfRevenue": 1552128000, "grossProfit": 396125000, "grossProfitRatio": 0.2033231824, "researchAndDevelopmentExpenses": 0, "generalAndAdministrativeExpenses": 89601000, "sellingAndMarketingExpenses": 136434000, "sellingGeneralAndAdministrativeExpenses": 226035000, "otherExpenses": 0, "operatingExpenses": 226035000, "costAndExpenses": 1778163000, "interestIncome": 0, "interestExpense": 11598000, "depreciationAndAmortization": 94573000, "ebitda": 265260000, "ebitdaratio": 0.1361527481, "operatingIncome": 155128000, "operatingIncomeRatio": 0.0796241556, "totalOtherIncomeExpensesNet": -15559000, "incomeBeforeTax": 144127000, "incomeBeforeTaxRatio": 0.0739775584, "incomeTaxExpense": -4337000, "netIncome": 148464000, "netIncomeRatio": 0.0762036553, "eps": 0.61, "epsdiluted": 0.61, "weightedAverageShsOut": 242976000, "weightedAverageShsOutDil": 244136000, "link": null, "finalLink": null, "calculatedOtherExpenses": 14962000, "calculatedOperatingExpenses": 240997000, "calculatedNetInterest": -11598000, "calculatedOtherIncome": 597000, "calculatedIncomeNonControlling": 0, "calculatedEbitda": 249701000}, {"date": "2011-09-30", "symbol": "GIL", "reportedCurrency": "USD", "cik": "0001061894", "fillingDate": "2011-12-31", "acceptedDate": "2011-12-31 00:00:00", "calendarYear": "2011", "period": "FY", "revenue": 1726041000, "costOfRevenue": 1288293000, "grossProfit": 437748000, "grossProfitRatio": 0.253613906, "researchAndDevelopmentExpenses": 0, "generalAndAdministrativeExpenses": 0, "sellingAndMarketingExpenses": 0, "sellingGeneralAndAdministrativeExpenses": 199132000, "otherExpenses": 0, "operatingExpenses": 199132000, "costAndExpenses": 1487425000, "interestIncome": 0, "interestExpense": 5072000, "depreciationAndAmortization": 76385000, "ebitda": 313490000, "ebitdaratio": 0.1816237274, "operatingIncome": 230151000, "operatingIncomeRatio": 0.1333404015, "totalOtherIncomeExpensesNet": -7871000, "incomeBeforeTax": 224162000, "incomeBeforeTaxRatio": 0.1298706114, "incomeTaxExpense": -15742000, "netIncome": 239904000, "netIncomeRatio": 0.1389909046, "eps": 0.99, "epsdiluted": 0.98, "weightedAverageShsOut": 243052000, "weightedAverageShsOutDil": 244566000, "link": null, "finalLink": null, "calculatedOtherExpenses": 8465000, "calculatedOperatingExpenses": 207597000, "calculatedNetInterest": -5072000, "calculatedOtherIncome": -917000, "calculatedIncomeNonControlling": 0, "calculatedEbitda": 306536000}, {"date": "2010-09-30", "symbol": "GIL", "reportedCurrency": "USD", "cik": "0001061894", "fillingDate": "2010-12-31", "acceptedDate": "2010-12-31 00:00:00", "calendarYear": "2010", "period": "FY", "revenue": 1311463000, "costOfRevenue": 947206000, "grossProfit": 364257000, "grossProfitRatio": 0.2777485907, "researchAndDevelopmentExpenses": 0, "generalAndAdministrativeExpenses": 0, "sellingAndMarketingExpenses": 0, "sellingGeneralAndAdministrativeExpenses": 154674000, "otherExpenses": 0, "operatingExpenses": 154674000, "costAndExpenses": 1101880000, "interestIncome": 1077000, "interestExpense": 1828000, "depreciationAndAmortization": 69197000, "ebitda": 276071000, "ebitdaratio": 0.2105061294, "operatingIncome": 200878000, "operatingIncomeRatio": 0.1531709244, "totalOtherIncomeExpensesNet": -12491000, "incomeBeforeTax": 196341000, "incomeBeforeTaxRatio": 0.1497114291, "incomeTaxExpense": -1904000, "netIncome": 198245000, "netIncomeRatio": 0.1511632429, "eps": 0.82, "epsdiluted": 0.82, "weightedAverageShsOut": 242318000, "weightedAverageShsOutDil": 243960000, "link": null, "finalLink": null, "calculatedOtherExpenses": 8705000, "calculatedOperatingExpenses": 163379000, "calculatedNetInterest": -751000, "calculatedOtherIncome": -3786000, "calculatedIncomeNonControlling": 0, "calculatedEbitda": 270075000}, {"date": "2009-09-30", "symbol": "GIL", "reportedCurrency": "USD", "cik": "0001061894", "fillingDate": "2009-12-31", "acceptedDate": "2009-12-31 00:00:00", "calendarYear": "2009", "period": "FY", "revenue": 1038319000, "costOfRevenue": 807986000, "grossProfit": 230333000, "grossProfitRatio": 0.2218325967, "researchAndDevelopmentExpenses": 0, "generalAndAdministrativeExpenses": 0, "sellingAndMarketingExpenses": 0, "sellingGeneralAndAdministrativeExpenses": 134785000, "otherExpenses": 0, "operatingExpenses": 134785000, "costAndExpenses": 942771000, "interestIncome": 0, "interestExpense": 2863000, "depreciationAndAmortization": 62970000, "ebitda": 158408000, "ebitdaratio": 0.1525619776, "operatingIncome": 89349000, "operatingIncomeRatio": 0.0860515892, "totalOtherIncomeExpensesNet": -3032000, "incomeBeforeTax": 89543000, "incomeBeforeTaxRatio": 0.0862384296, "incomeTaxExpense": -5786000, "netIncome": 95329000, "netIncomeRatio": 0.0918108982, "eps": 0.4, "epsdiluted": 0.4, "weightedAverageShsOut": 241622000, "weightedAverageShsOutDil": 242870000, "link": null, "finalLink": null, "calculatedOtherExpenses": 6199000, "calculatedOperatingExpenses": 140984000, "calculatedNetInterest": -2863000, "calculatedOtherIncome": 3057000, "calculatedIncomeNonControlling": 0, "calculatedEbitda": 152319000}, {"date": "2008-09-30", "symbol": "GIL", "reportedCurrency": "USD", "cik": "0001061894", "fillingDate": "2008-12-31", "acceptedDate": "2008-12-31 00:00:00", "calendarYear": "2008", "period": "FY", "revenue": 1249711000, "costOfRevenue": 847392000, "grossProfit": 402319000, "grossProfitRatio": 0.3219296301, "researchAndDevelopmentExpenses": 0, "generalAndAdministrativeExpenses": 0, "sellingAndMarketingExpenses": 0, "sellingGeneralAndAdministrativeExpenses": 151453000, "otherExpenses": 0, "operatingExpenses": 210385000, "costAndExpenses": 1057777000, "interestIncome": 0, "interestExpense": 0, "depreciationAndAmortization": 58932000, "ebitda": 256355000, "ebitdaratio": 0.2051314264, "operatingIncome": 186445000, "operatingIncomeRatio": 0.1491904928, "totalOtherIncomeExpensesNet": -5719000, "incomeBeforeTax": 178992000, "incomeBeforeTaxRatio": 0.143226714, "incomeTaxExpense": 34400000, "netIncome": 144592000, "netIncomeRatio": 0.1157003499, "eps": 0.61, "epsdiluted": 0.6, "weightedAverageShsOut": 240958000, "weightedAverageShsOutDil": 243244000, "link": null, "finalLink": null, "calculatedOtherExpenses": 64421000, "calculatedOperatingExpenses": 215874000, "calculatedNetInterest": 0, "calculatedOtherIncome": -7453000, "calculatedIncomeNonControlling": 0, "calculatedEbitda": 245377000}, {"date": "2007-09-30", "symbol": "GIL", "reportedCurrency": "USD", "cik": "0001061894", "fillingDate": "2007-12-31", "acceptedDate": "2007-12-31 00:00:00", "calendarYear": "2007", "period": "FY", "revenue": 964429000, "costOfRevenue": 655280000, "grossProfit": 309149000, "grossProfitRatio": 0.3205513314, "researchAndDevelopmentExpenses": 0, "generalAndAdministrativeExpenses": 0, "sellingAndMarketingExpenses": 0, "sellingGeneralAndAdministrativeExpenses": 110979000, "otherExpenses": 0, "operatingExpenses": 125372000, "costAndExpenses": 780652000, "interestIncome": 0, "interestExpense": 0, "depreciationAndAmortization": 42270000, "ebitda": 254059000, "ebitdaratio": 0.2634294489, "operatingIncome": 170158000, "operatingIncomeRatio": 0.1764339314, "totalOtherIncomeExpensesNet": -28012000, "incomeBeforeTax": 125205000, "incomeBeforeTaxRatio": 0.1298229315, "incomeTaxExpense": -4815000, "netIncome": 130020000, "netIncomeRatio": 0.134815523, "eps": 0.54, "epsdiluted": 0.54, "weightedAverageShsOut": 240679660, "weightedAverageShsOutDil": 243076624, "link": null, "finalLink": null, "calculatedOtherExpenses": 28012000, "calculatedOperatingExpenses": 138991000, "calculatedNetInterest": 0, "calculatedOtherIncome": -44953000, "calculatedIncomeNonControlling": 0, "calculatedEbitda": 212428000}, {"date": "2006-09-30", "symbol": "GIL", "reportedCurrency": "USD", "cik": "0001061894", "fillingDate": "2006-12-31", "acceptedDate": "2006-12-31 00:00:00", "calendarYear": "2006", "period": "FY", "revenue": 773946904, "costOfRevenue": 521605119, "grossProfit": 252341785, "grossProfitRatio": 0.3260453452, "researchAndDevelopmentExpenses": 0, "generalAndAdministrativeExpenses": 0, "sellingAndMarketingExpenses": 0, "sellingGeneralAndAdministrativeExpenses": 84470610, "otherExpenses": 0, "operatingExpenses": 116885311, "costAndExpenses": 638490430, "interestIncome": 0, "interestExpense": 0, "depreciationAndAmortization": 32414700, "ebitda": 188277131, "ebitdaratio": 0.2432687957, "operatingIncome": 115050516, "operatingIncomeRatio": 0.1486542759, "totalOtherIncomeExpensesNet": -20405956.475013, "incomeBeforeTax": 111720260, "incomeBeforeTaxRatio": 0.1443513242, "incomeTaxExpense": 4786680, "netIncome": 106933578, "netIncomeRatio": 0.1381665564, "eps": 0.44, "epsdiluted": 0.44, "weightedAverageShsOut": 240504434, "weightedAverageShsOutDil": 243238302, "link": null, "finalLink": null, "calculatedOtherExpenses": 52820659, "calculatedOperatingExpenses": 137291269, "calculatedNetInterest": 0, "calculatedOtherIncome": -3330256, "calculatedIncomeNonControlling": 2, "calculatedEbitda": 147465216}, {"date": "2005-09-30", "symbol": "GIL", "reportedCurrency": "USD", "cik": "0001061894", "fillingDate": "2005-12-31", "acceptedDate": "2005-12-31 00:00:00", "calendarYear": "2005", "period": "FY", "revenue": 653170624, "costOfRevenue": 450101152, "grossProfit": 203069472, "grossProfitRatio": 0.3108980481, "researchAndDevelopmentExpenses": 0, "generalAndAdministrativeExpenses": 0, "sellingAndMarketingExpenses": 0, "sellingGeneralAndAdministrativeExpenses": 74818065, "otherExpenses": 0, "operatingExpenses": 100406412, "costAndExpenses": 550507564, "interestIncome": 0, "interestExpense": 0, "depreciationAndAmortization": 25588345, "ebitda": 138966244, "ebitdaratio": 0.2127564209, "operatingIncome": 102663061, "operatingIncomeRatio": 0.1571764822, "totalOtherIncomeExpensesNet": -10714838.51546, "incomeBeforeTax": 87304059, "incomeBeforeTaxRatio": 0.1336619504, "incomeTaxExpense": 1350593, "netIncome": 85953466, "netIncomeRatio": 0.1315942012, "eps": 0.36, "epsdiluted": 0.36, "weightedAverageShsOut": 239181930, "weightedAverageShsOutDil": 239181930, "link": null, "finalLink": null, "calculatedOtherExpenses": 25588346, "calculatedOperatingExpenses": 100406411, "calculatedNetInterest": 0, "calculatedOtherIncome": -15359002, "calculatedIncomeNonControlling": 0, "calculatedEbitda": 128251406}, {"date": "2004-09-30", "symbol": "GIL", "reportedCurrency": "USD", "cik": "0001061894", "fillingDate": "2004-12-31", "acceptedDate": "2004-12-31 00:00:00", "calendarYear": "2004", "period": "FY", "revenue": 532831241, "costOfRevenue": 378315043, "grossProfit": 154516197, "grossProfitRatio": 0.2899908742, "researchAndDevelopmentExpenses": 0, "generalAndAdministrativeExpenses": 0, "sellingAndMarketingExpenses": 0, "sellingGeneralAndAdministrativeExpenses": 62834631, "otherExpenses": 0, "operatingExpenses": 85086758, "costAndExpenses": 463401802, "interestIncome": 0, "interestExpense": 0, "depreciationAndAmortization": 22252126, "ebitda": 91681565, "ebitdaratio": 0.1720649218, "operatingIncome": 69429438, "operatingIncomeRatio": 0.1303028665, "totalOtherIncomeExpensesNet": -6163866.665609993, "incomeBeforeTax": 63265571, "incomeBeforeTaxRatio": 0.118734726, "incomeTaxExpense": 3074905, "netIncome": 60190665, "netIncomeRatio": 0.1129638454, "eps": 0.26, "epsdiluted": 0.25, "weightedAverageShsOut": 235227842, "weightedAverageShsOutDil": 237555810, "link": null, "finalLink": null, "calculatedOtherExpenses": 22252128, "calculatedOperatingExpenses": 85086759, "calculatedNetInterest": 0, "calculatedOtherIncome": -6163867, "calculatedIncomeNonControlling": 1, "calculatedEbitda": 91681564}, {"date": "2003-09-30", "symbol": "GIL", "reportedCurrency": "USD", "cik": "0001061894", "fillingDate": "2003-12-31", "acceptedDate": "2003-12-31 00:00:00", "calendarYear": "2003", "period": "FY", "revenue": 466020558, "costOfRevenue": 325619893, "grossProfit": 140400664, "grossProfitRatio": 0.3012756893, "researchAndDevelopmentExpenses": 0, "generalAndAdministrativeExpenses": 0, "sellingAndMarketingExpenses": 0, "sellingGeneralAndAdministrativeExpenses": 52621673, "otherExpenses": 0, "operatingExpenses": 52621673, "costAndExpenses": 378241566, "interestIncome": 0, "interestExpense": 0, "depreciationAndAmortization": 17464301, "ebitda": 105243292, "ebitdaratio": 0.2258340127, "operatingIncome": 87778991, "operatingIncomeRatio": 0.188358625, "totalOtherIncomeExpensesNet": -24463032.754757002, "incomeBeforeTax": 63315958, "incomeBeforeTaxRatio": 0.1358651624, "incomeTaxExpense": 6169342, "netIncome": 57146615, "netIncomeRatio": 0.1226268122, "eps": 0.23, "epsdiluted": 0.22, "weightedAverageShsOut": 233854127, "weightedAverageShsOutDil": 239109473, "link": null, "finalLink": null, "calculatedOtherExpenses": 0, "calculatedOperatingExpenses": 52621673, "calculatedNetInterest": 0, "calculatedOtherIncome": -24463033, "calculatedIncomeNonControlling": 1, "calculatedEbitda": 105243292}, {"date": "2002-09-30", "symbol": "GIL", "reportedCurrency": "USD", "cik": "0001061894", "fillingDate": "2002-12-31", "acceptedDate": "2002-12-31 00:00:00", "calendarYear": "2002", "period": "FY", "revenue": 378476027, "costOfRevenue": 272200913, "grossProfit": 106275114, "grossProfitRatio": 0.2807974787, "researchAndDevelopmentExpenses": 0, "generalAndAdministrativeExpenses": 0, "sellingAndMarketingExpenses": 0, "sellingGeneralAndAdministrativeExpenses": 40280188, "otherExpenses": 0, "operatingExpenses": 40280188, "costAndExpenses": 312481101, "interestIncome": 0, "interestExpense": 0, "depreciationAndAmortization": 11084645, "ebitda": 77079570, "ebitdaratio": 0.2036577362, "operatingIncome": 65994926, "operatingIncomeRatio": 0.1743701627, "totalOtherIncomeExpensesNet": -19491325.415078007, "incomeBeforeTax": 46503601, "incomeBeforeTaxRatio": 0.1228706647, "incomeTaxExpense": 4607290, "netIncome": 41896310, "netIncomeRatio": 0.1106973963, "eps": 0.18, "epsdiluted": 0.18, "weightedAverageShsOut": 231277803, "weightedAverageShsOutDil": 238441274, "link": null, "finalLink": null, "calculatedOtherExpenses": 0, "calculatedOperatingExpenses": 40280188, "calculatedNetInterest": 0, "calculatedOtherIncome": -19491325, "calculatedIncomeNonControlling": 1, "calculatedEbitda": 77079571}, {"date": "2001-09-30", "symbol": "GIL", "reportedCurrency": "USD", "cik": "0001061894", "fillingDate": "2001-12-31", "acceptedDate": "2001-12-31 00:00:00", "calendarYear": "2001", "period": "FY", "revenue": 320144168, "costOfRevenue": 252737311, "grossProfit": 67406857, "grossProfitRatio": 0.2105515699, "researchAndDevelopmentExpenses": 0, "generalAndAdministrativeExpenses": 0, "sellingAndMarketingExpenses": 0, "sellingGeneralAndAdministrativeExpenses": 48240168, "otherExpenses": 0, "operatingExpenses": 48240167, "costAndExpenses": 300977478, "interestIncome": 0, "interestExpense": 0, "depreciationAndAmortization": 10278097, "ebitda": 29444786, "ebitdaratio": 0.0919735226, "operatingIncome": 19166689, "operatingIncomeRatio": 0.0598689314, "totalOtherIncomeExpensesNet": -18920045.022194, "incomeBeforeTax": 246644, "incomeBeforeTaxRatio": 0.0007704162, "incomeTaxExpense": -270767.279645, "netIncome": 517412, "netIncomeRatio": 0.0016161849, "eps": 0.0024, "epsdiluted": 0.0024, "weightedAverageShsOut": 217558133, "weightedAverageShsOutDil": 217558133, "link": null, "finalLink": null, "calculatedOtherExpenses": 0, "calculatedOperatingExpenses": 48240168, "calculatedNetInterest": 0, "calculatedOtherIncome": -18920045, "calculatedIncomeNonControlling": -0.7203549999976531, "calculatedEbitda": 29444786}, {"date": "2000-09-30", "symbol": "GIL", "reportedCurrency": "USD", "cik": "0001061894", "fillingDate": "2000-12-31", "acceptedDate": "2000-12-31 00:00:00", "calendarYear": "2000", "period": "FY", "revenue": 305649846, "costOfRevenue": 218444669, "grossProfit": 87205177, "grossProfitRatio": 0.2853107179, "researchAndDevelopmentExpenses": 0, "generalAndAdministrativeExpenses": 0, "sellingAndMarketingExpenses": 0, "sellingGeneralAndAdministrativeExpenses": 32154555, "otherExpenses": 0, "operatingExpenses": 38398041, "costAndExpenses": 256842710, "interestIncome": 0, "interestExpense": 0, "depreciationAndAmortization": 6243485, "ebitda": 56611245, "ebitdaratio": 0.1852160112, "operatingIncome": 48807135, "operatingIncomeRatio": 0.1596831664, "totalOtherIncomeExpensesNet": -1560623.668797, "incomeBeforeTax": 40435395, "incomeBeforeTaxRatio": 0.1322931971, "incomeTaxExpense": 4090122, "netIncome": 36345272, "netIncomeRatio": 0.1189114712, "eps": 0.16, "epsdiluted": 0.16, "weightedAverageShsOut": 222099776, "weightedAverageShsOutDil": 236895856, "link": null, "finalLink": null, "calculatedOtherExpenses": 6243487, "calculatedOperatingExpenses": 38398042, "calculatedNetInterest": 0, "calculatedOtherIncome": -8371740, "calculatedIncomeNonControlling": 1, "calculatedEbitda": 55050620}, {"date": "1999-09-30", "symbol": "GIL", "reportedCurrency": "USD", "cik": "0001061894", "fillingDate": "1999-12-31", "acceptedDate": "1999-12-31 00:00:00", "calendarYear": "1999", "period": "FY", "revenue": 227515710, "costOfRevenue": 167864028, "grossProfit": 59651681, "grossProfitRatio": 0.2621870899, "researchAndDevelopmentExpenses": 0, "generalAndAdministrativeExpenses": 0, "sellingAndMarketingExpenses": 0, "sellingGeneralAndAdministrativeExpenses": 26378633, "otherExpenses": 0, "operatingExpenses": 31074828, "costAndExpenses": 198938856, "interestIncome": 0, "interestExpense": 0, "depreciationAndAmortization": 4696196, "ebitda": 33672725, "ebitdaratio": 0.1480017619, "operatingIncome": 28576852, "operatingIncomeRatio": 0.1256038649, "totalOtherIncomeExpensesNet": -399676.549498, "incomeBeforeTax": 21382680, "incomeBeforeTaxRatio": 0.0939833125, "incomeTaxExpense": 4896034, "netIncome": 16486645, "netIncomeRatio": 0.0724637692, "eps": 0.0888, "epsdiluted": 0.0851, "weightedAverageShsOut": 185648116, "weightedAverageShsOutDil": 193837709, "link": null, "finalLink": null, "calculatedOtherExpenses": 4696196, "calculatedOperatingExpenses": 31074829, "calculatedNetInterest": 0, "calculatedOtherIncome": -7194172, "calculatedIncomeNonControlling": 1, "calculatedEbitda": 33273048}, {"date": "1998-09-30", "symbol": "GIL", "reportedCurrency": "USD", "cik": "0001061894", "fillingDate": "1998-12-31", "acceptedDate": "1998-12-31 00:00:00", "calendarYear": "1998", "period": "FY", "revenue": 141143295, "costOfRevenue": 107962592, "grossProfit": 33180703, "grossProfitRatio": 0.2350852259, "researchAndDevelopmentExpenses": 0, "generalAndAdministrativeExpenses": 0, "sellingAndMarketingExpenses": 0, "sellingGeneralAndAdministrativeExpenses": 13633159, "otherExpenses": 0, "operatingExpenses": 16339742, "costAndExpenses": 124302334, "interestIncome": 0, "interestExpense": 0, "depreciationAndAmortization": 2706583, "ebitda": 20048763, "ebitdaratio": 0.1420454516, "operatingIncome": 16840961, "operatingIncomeRatio": 0.1193181836, "totalOtherIncomeExpensesNet": -501219.128726, "incomeBeforeTax": 13031696, "incomeBeforeTaxRatio": 0.0923295433, "incomeTaxExpense": 4410727, "netIncome": 8620968, "netIncomeRatio": 0.0610795446, "eps": 0.0675, "epsdiluted": 0.0662, "weightedAverageShsOut": 127741293, "weightedAverageShsOutDil": 130147931, "link": null, "finalLink": null, "calculatedOtherExpenses": 2706583, "calculatedOperatingExpenses": 16339742, "calculatedNetInterest": 0, "calculatedOtherIncome": -3809265, "calculatedIncomeNonControlling": 1, "calculatedEbitda": 19547544}, {"date": "1997-09-30", "symbol": "GIL", "reportedCurrency": "USD", "cik": "0001061894", "fillingDate": "1997-12-31", "acceptedDate": "1997-12-31 00:00:00", "calendarYear": "1997", "period": "FY", "revenue": 86976365, "costOfRevenue": 67581635, "grossProfit": 19394729, "grossProfitRatio": 0.2229885087, "researchAndDevelopmentExpenses": 0, "generalAndAdministrativeExpenses": 0, "sellingAndMarketingExpenses": 0, "sellingGeneralAndAdministrativeExpenses": 8997554, "otherExpenses": 0, "operatingExpenses": 10697093, "costAndExpenses": 78278728, "interestIncome": 0, "interestExpense": 0, "depreciationAndAmortization": 1699538, "ebitda": 10397174, "ebitdaratio": 0.1195402288, "operatingIncome": 8697636, "operatingIncomeRatio": 0.0999999992, "totalOtherIncomeExpensesNet": -2199402.7797890007, "incomeBeforeTax": 6498233, "incomeBeforeTaxRatio": 0.0747126378, "incomeTaxExpense": 2399347, "netIncome": 4098885, "netIncomeRatio": 0.0471264337, "eps": 0.0358, "epsdiluted": 0.0352, "weightedAverageShsOut": 114526982, "weightedAverageShsOutDil": 116587142, "link": null, "finalLink": null, "calculatedOtherExpenses": 1699539, "calculatedOperatingExpenses": 10697093, "calculatedNetInterest": 0, "calculatedOtherIncome": -2199403, "calculatedIncomeNonControlling": 1, "calculatedEbitda": 10397174}]}