{"originalCurrency": "USD", "convertedCurrency": "USD", "report": [{"date": "2023-12-31", "symbol": "GILD", "reportedCurrency": "USD", "cik": "0000882095", "fillingDate": "2024-02-23", "acceptedDate": "2024-02-23 16:44:27", "calendarYear": "2023", "period": "FY", "revenue": 27116000000, "costOfRevenue": 5968000000, "grossProfit": 21148000000, "grossProfitRatio": 0.7799085411, "researchAndDevelopmentExpenses": 5720000000, "generalAndAdministrativeExpenses": 5234000000, "sellingAndMarketingExpenses": 826000000, "sellingGeneralAndAdministrativeExpenses": 6060000000, "otherExpenses": 198000000, "operatingExpenses": 11780000000, "costAndExpenses": 17748000000, "interestIncome": 376000000, "interestExpense": 944000000, "depreciationAndAmortization": 2693000000, "ebitda": 11701000000, "ebitdaratio": 0.4315164479, "operatingIncome": 9368000000, "operatingIncomeRatio": 0.3454786842, "totalOtherIncomeExpensesNet": -2509000000, "incomeBeforeTax": 6859000000, "incomeBeforeTaxRatio": 0.2529502877, "incomeTaxExpense": 1247000000, "netIncome": 5665000000, "netIncomeRatio": 0.2089172444, "eps": 4.54, "epsdiluted": 4.5, "weightedAverageShsOut": 1248000000, "weightedAverageShsOutDil": 1258000000, "link": "https://www.sec.gov/Archives/edgar/data/882095/000088209524000007/0000882095-24-000007-index.htm", "finalLink": "https://www.sec.gov/Archives/edgar/data/882095/000088209524000007/gild-20231231.htm", "calculatedOtherExpenses": 0, "calculatedOperatingExpenses": 11780000000, "calculatedNetInterest": -568000000, "calculatedOtherIncome": -1941000000, "calculatedIncomeNonControlling": -53000000, "calculatedEbitda": 12061000000}, {"date": "2022-12-31", "symbol": "GILD", "reportedCurrency": "USD", "cik": "0000882095", "fillingDate": "2023-02-22", "acceptedDate": "2023-02-22 16:18:52", "calendarYear": "2022", "period": "FY", "revenue": 27281000000, "costOfRevenue": 5657000000, "grossProfit": 21624000000, "grossProfitRatio": 0.792639566, "researchAndDevelopmentExpenses": 4977000000, "generalAndAdministrativeExpenses": 4895000000, "sellingAndMarketingExpenses": 778000000, "sellingGeneralAndAdministrativeExpenses": 5673000000, "otherExpenses": -581000000, "operatingExpenses": 10650000000, "costAndExpenses": 16307000000, "interestIncome": 935000000, "interestExpense": 935000000, "depreciationAndAmortization": 3063000000, "ebitda": 10393000000, "ebitdaratio": 0.3809611085, "operatingIncome": 7330000000, "operatingIncomeRatio": 0.2686851655, "totalOtherIncomeExpensesNet": -1516000000, "incomeBeforeTax": 5814000000, "incomeBeforeTaxRatio": 0.213115355, "incomeTaxExpense": 1248000000, "netIncome": 4592000000, "netIncomeRatio": 0.1683222756, "eps": 3.66, "epsdiluted": 3.64, "weightedAverageShsOut": 1255000000, "weightedAverageShsOutDil": 1262000000, "link": "https://www.sec.gov/Archives/edgar/data/882095/000088209523000007/0000882095-23-000007-index.htm", "finalLink": "https://www.sec.gov/Archives/edgar/data/882095/000088209523000007/gild-20221231.htm", "calculatedOtherExpenses": 3644000000, "calculatedOperatingExpenses": 14294000000, "calculatedNetInterest": 0, "calculatedOtherIncome": -1516000000, "calculatedIncomeNonControlling": -26000000, "calculatedEbitda": 10393000000}, {"date": "2021-12-31", "symbol": "GILD", "reportedCurrency": "USD", "cik": "0000882095", "fillingDate": "2022-02-23", "acceptedDate": "2022-02-23 16:55:27", "calendarYear": "2021", "period": "FY", "revenue": 27305000000, "costOfRevenue": 6601000000, "grossProfit": 20704000000, "grossProfitRatio": 0.7582494049, "researchAndDevelopmentExpenses": 5363000000, "generalAndAdministrativeExpenses": 4511000000, "sellingAndMarketingExpenses": 735000000, "sellingGeneralAndAdministrativeExpenses": 5246000000, "otherExpenses": -639000000, "operatingExpenses": 10609000000, "costAndExpenses": 17210000000, "interestIncome": 1001000000, "interestExpense": 1001000000, "depreciationAndAmortization": 2050000000, "ebitda": 9456000000, "ebitdaratio": 0.3463101996, "operatingIncome": 7406000000, "operatingIncomeRatio": 0.271232375, "totalOtherIncomeExpensesNet": 872000000, "incomeBeforeTax": 8278000000, "incomeBeforeTaxRatio": 0.303167918, "incomeTaxExpense": 2077000000, "netIncome": 6225000000, "netIncomeRatio": 0.2279802234, "eps": 4.96, "epsdiluted": 4.93, "weightedAverageShsOut": 1256000000, "weightedAverageShsOutDil": 1262000000, "link": "https://www.sec.gov/Archives/edgar/data/882095/000088209522000007/0000882095-22-000007-index.htm", "finalLink": "https://www.sec.gov/Archives/edgar/data/882095/000088209522000007/gild-20211231.htm", "calculatedOtherExpenses": 2689000000, "calculatedOperatingExpenses": 13298000000, "calculatedNetInterest": 0, "calculatedOtherIncome": 872000000, "calculatedIncomeNonControlling": -24000000, "calculatedEbitda": 9456000000}, {"date": "2020-12-31", "symbol": "GILD", "reportedCurrency": "USD", "cik": "0000882095", "fillingDate": "2021-02-25", "acceptedDate": "2021-02-25 16:15:23", "calendarYear": "2020", "period": "FY", "revenue": 24689000000, "costOfRevenue": 4572000000, "grossProfit": 20117000000, "grossProfitRatio": 0.814816315, "researchAndDevelopmentExpenses": 5039000000, "generalAndAdministrativeExpenses": 4356000000, "sellingAndMarketingExpenses": 795000000, "sellingGeneralAndAdministrativeExpenses": 5151000000, "otherExpenses": -1418000000, "operatingExpenses": 10190000000, "costAndExpenses": 14762000000, "interestIncome": 984000000, "interestExpense": 984000000, "depreciationAndAmortization": 1480000000, "ebitda": 8509000000, "ebitdaratio": 0.3446474138, "operatingIncome": 7029000000, "operatingIncomeRatio": 0.284701689, "totalOtherIncomeExpensesNet": -5360000000, "incomeBeforeTax": 1669000000, "incomeBeforeTaxRatio": 0.0676009559, "incomeTaxExpense": 1580000000, "netIncome": 89000000, "netIncomeRatio": 0.0036048443, "eps": 0.0708, "epsdiluted": 0.0705, "weightedAverageShsOut": 1257000000, "weightedAverageShsOutDil": 1263000000, "link": "https://www.sec.gov/Archives/edgar/data/882095/000088209521000008/0000882095-21-000008-index.htm", "finalLink": "https://www.sec.gov/Archives/edgar/data/882095/000088209521000008/gild-20201231.htm", "calculatedOtherExpenses": 2898000000, "calculatedOperatingExpenses": 13088000000, "calculatedNetInterest": 0, "calculatedOtherIncome": -5360000000, "calculatedIncomeNonControlling": 0, "calculatedEbitda": 8509000000}, {"date": "2019-12-31", "symbol": "GILD", "reportedCurrency": "USD", "cik": "0000882095", "fillingDate": "2020-02-25", "acceptedDate": "2020-02-24 17:38:25", "calendarYear": "2019", "period": "FY", "revenue": 22449000000, "costOfRevenue": 4675000000, "grossProfit": 17774000000, "grossProfitRatio": 0.7917501893, "researchAndDevelopmentExpenses": 9106000000, "generalAndAdministrativeExpenses": 3597000000, "sellingAndMarketingExpenses": 784000000, "sellingGeneralAndAdministrativeExpenses": 4381000000, "otherExpenses": 1868000000, "operatingExpenses": 13487000000, "costAndExpenses": 18162000000, "interestIncome": 995000000, "interestExpense": 995000000, "depreciationAndAmortization": 1868000000, "ebitda": 6155000000, "ebitdaratio": 0.2741770235, "operatingIncome": 4287000000, "operatingIncomeRatio": 0.19096619, "totalOtherIncomeExpensesNet": 873000000, "incomeBeforeTax": 5160000000, "incomeBeforeTaxRatio": 0.2298543365, "incomeTaxExpense": -204000000, "netIncome": 5386000000, "netIncomeRatio": 0.2399216001, "eps": 4.24, "epsdiluted": 4.22, "weightedAverageShsOut": 1270000000, "weightedAverageShsOutDil": 1277000000, "link": "https://www.sec.gov/Archives/edgar/data/882095/000088209520000006/0000882095-20-000006-index.htm", "finalLink": "https://www.sec.gov/Archives/edgar/data/882095/000088209520000006/a2019form10-k.htm", "calculatedOtherExpenses": 0, "calculatedOperatingExpenses": 13487000000, "calculatedNetInterest": 0, "calculatedOtherIncome": 873000000, "calculatedIncomeNonControlling": -22000000, "calculatedEbitda": 6155000000}, {"date": "2018-12-31", "symbol": "GILD", "reportedCurrency": "USD", "cik": "0000882095", "fillingDate": "2019-02-26", "acceptedDate": "2019-02-25 20:02:58", "calendarYear": "2018", "period": "FY", "revenue": 22127000000, "costOfRevenue": 4853000000, "grossProfit": 17274000000, "grossProfitRatio": 0.7806751932, "researchAndDevelopmentExpenses": 5018000000, "generalAndAdministrativeExpenses": 4056000000, "sellingAndMarketingExpenses": 587000000, "sellingGeneralAndAdministrativeExpenses": 4056000000, "otherExpenses": 676000000, "operatingExpenses": 9074000000, "costAndExpenses": 13927000000, "interestIncome": 0, "interestExpense": 1077000000, "depreciationAndAmortization": 1429000000, "ebitda": 8876000000, "ebitdaratio": 0.4011388801, "operatingIncome": 8200000000, "operatingIncomeRatio": 0.3705879694, "totalOtherIncomeExpensesNet": 676000000, "incomeBeforeTax": 7799000000, "incomeBeforeTaxRatio": 0.3524653139, "incomeTaxExpense": 2339000000, "netIncome": 5455000000, "netIncomeRatio": 0.246531387, "eps": 4.2, "epsdiluted": 4.17, "weightedAverageShsOut": 1298000000, "weightedAverageShsOutDil": 1308000000, "link": "https://www.sec.gov/Archives/edgar/data/882095/000088209519000006/0000882095-19-000006-index.htm", "finalLink": "https://www.sec.gov/Archives/edgar/data/882095/000088209519000006/a2018form10-k.htm", "calculatedOtherExpenses": 0, "calculatedOperatingExpenses": 9074000000, "calculatedNetInterest": -1077000000, "calculatedOtherIncome": 676000000, "calculatedIncomeNonControlling": 5000000, "calculatedEbitda": 9629000000}, {"date": "2017-12-31", "symbol": "GILD", "reportedCurrency": "USD", "cik": "0000882095", "fillingDate": "2018-02-27", "acceptedDate": "2018-02-26 17:57:33", "calendarYear": "2017", "period": "FY", "revenue": 26107000000, "costOfRevenue": 4371000000, "grossProfit": 21736000000, "grossProfitRatio": 0.8325736393, "researchAndDevelopmentExpenses": 3734000000, "generalAndAdministrativeExpenses": 3878000000, "sellingAndMarketingExpenses": 600000000, "sellingGeneralAndAdministrativeExpenses": 3878000000, "otherExpenses": 523000000, "operatingExpenses": 7612000000, "costAndExpenses": 11983000000, "interestIncome": 0, "interestExpense": 1118000000, "depreciationAndAmortization": 1286000000, "ebitda": 14647000000, "ebitdaratio": 0.5610372697, "operatingIncome": 14124000000, "operatingIncomeRatio": 0.5410043283, "totalOtherIncomeExpensesNet": 523000000, "incomeBeforeTax": 13529000000, "incomeBeforeTaxRatio": 0.518213506, "incomeTaxExpense": 8885000000, "netIncome": 4628000000, "netIncomeRatio": 0.1772704639, "eps": 3.54, "epsdiluted": 3.51, "weightedAverageShsOut": 1307000000, "weightedAverageShsOutDil": 1319000000, "link": "https://www.sec.gov/Archives/edgar/data/882095/000088209518000008/0000882095-18-000008-index.htm", "finalLink": "https://www.sec.gov/Archives/edgar/data/882095/000088209518000008/a2017form10-k.htm", "calculatedOtherExpenses": 0, "calculatedOperatingExpenses": 7612000000, "calculatedNetInterest": -1118000000, "calculatedOtherIncome": 523000000, "calculatedIncomeNonControlling": 16000000, "calculatedEbitda": 15410000000}, {"date": "2016-12-31", "symbol": "GILD", "reportedCurrency": "USD", "cik": "0000882095", "fillingDate": "2017-02-27", "acceptedDate": "2017-02-27 16:23:29", "calendarYear": "2016", "period": "FY", "revenue": 30390000000, "costOfRevenue": 4261000000, "grossProfit": 26129000000, "grossProfitRatio": 0.8597894044, "researchAndDevelopmentExpenses": 5098000000, "generalAndAdministrativeExpenses": 3398000000, "sellingAndMarketingExpenses": 618000000, "sellingGeneralAndAdministrativeExpenses": 3398000000, "otherExpenses": 428000000, "operatingExpenses": 8496000000, "costAndExpenses": 12757000000, "interestIncome": 0, "interestExpense": 964000000, "depreciationAndAmortization": 1158000000, "ebitda": 18061000000, "ebitdaratio": 0.5943073379, "operatingIncome": 17633000000, "operatingIncomeRatio": 0.5802237578, "totalOtherIncomeExpensesNet": 428000000, "incomeBeforeTax": 17097000000, "incomeBeforeTaxRatio": 0.5625863771, "incomeTaxExpense": 3609000000, "netIncome": 13501000000, "netIncomeRatio": 0.4442579796, "eps": 10.08, "epsdiluted": 9.94, "weightedAverageShsOut": 1339000000, "weightedAverageShsOutDil": 1358000000, "link": "https://www.sec.gov/Archives/edgar/data/882095/000088209517000006/0000882095-17-000006-index.htm", "finalLink": "https://www.sec.gov/Archives/edgar/data/882095/000088209517000006/a2016form10-k.htm", "calculatedOtherExpenses": 0, "calculatedOperatingExpenses": 8496000000, "calculatedNetInterest": -964000000, "calculatedOtherIncome": 428000000, "calculatedIncomeNonControlling": -13000000, "calculatedEbitda": 18791000000}, {"date": "2015-12-31", "symbol": "GILD", "reportedCurrency": "USD", "cik": "0000882095", "fillingDate": "2016-02-24", "acceptedDate": "2016-02-24 17:01:48", "calendarYear": "2015", "period": "FY", "revenue": 32639000000, "costOfRevenue": 4006000000, "grossProfit": 28633000000, "grossProfitRatio": 0.8772633966, "researchAndDevelopmentExpenses": 3014000000, "generalAndAdministrativeExpenses": 3426000000, "sellingAndMarketingExpenses": 601000000, "sellingGeneralAndAdministrativeExpenses": 3426000000, "otherExpenses": 154000000, "operatingExpenses": 6440000000, "costAndExpenses": 10446000000, "interestIncome": 0, "interestExpense": 688000000, "depreciationAndAmortization": 1098000000, "ebitda": 22347000000, "ebitdaratio": 0.6846717118, "operatingIncome": 22193000000, "operatingIncomeRatio": 0.6799534299, "totalOtherIncomeExpensesNet": 154000000, "incomeBeforeTax": 21659000000, "incomeBeforeTaxRatio": 0.6635926346, "incomeTaxExpense": 3553000000, "netIncome": 18108000000, "netIncomeRatio": 0.5547964092, "eps": 12.37, "epsdiluted": 11.91, "weightedAverageShsOut": 1464000000, "weightedAverageShsOutDil": 1521000000, "link": "https://www.sec.gov/Archives/edgar/data/882095/000088209516000039/0000882095-16-000039-index.htm", "finalLink": "https://www.sec.gov/Archives/edgar/data/882095/000088209516000039/a2015form10-k.htm", "calculatedOtherExpenses": 0, "calculatedOperatingExpenses": 6440000000, "calculatedNetInterest": -688000000, "calculatedOtherIncome": 154000000, "calculatedIncomeNonControlling": -2000000, "calculatedEbitda": 23291000000}, {"date": "2014-12-31", "symbol": "GILD", "reportedCurrency": "USD", "cik": "0000882095", "fillingDate": "2015-02-25", "acceptedDate": "2015-02-25 16:05:20", "calendarYear": "2014", "period": "FY", "revenue": 24890000000, "costOfRevenue": 3788000000, "grossProfit": 21102000000, "grossProfitRatio": 0.8478103656, "researchAndDevelopmentExpenses": 2854000000, "generalAndAdministrativeExpenses": 2983000000, "sellingAndMarketingExpenses": 393000000, "sellingGeneralAndAdministrativeExpenses": 2983000000, "otherExpenses": 3000000, "operatingExpenses": 5837000000, "costAndExpenses": 9625000000, "interestIncome": 0, "interestExpense": 412000000, "depreciationAndAmortization": 1050000000, "ebitda": 15268000000, "ebitdaratio": 0.6134190438, "operatingIncome": 15265000000, "operatingIncomeRatio": 0.6132985135, "totalOtherIncomeExpensesNet": 3000000, "incomeBeforeTax": 14856000000, "incomeBeforeTaxRatio": 0.5968662113, "incomeTaxExpense": 2797000000, "netIncome": 12101000000, "netIncomeRatio": 0.4861791884, "eps": 7.95, "epsdiluted": 7.35, "weightedAverageShsOut": 1522000000, "weightedAverageShsOutDil": 1647000000, "link": "https://www.sec.gov/Archives/edgar/data/882095/000088209515000008/0000882095-15-000008-index.htm", "finalLink": "https://www.sec.gov/Archives/edgar/data/882095/000088209515000008/a2014form10-k.htm", "calculatedOtherExpenses": 0, "calculatedOperatingExpenses": 5837000000, "calculatedNetInterest": -412000000, "calculatedOtherIncome": 3000000, "calculatedIncomeNonControlling": -42000000, "calculatedEbitda": 16315000000}, {"date": "2013-12-31", "symbol": "GILD", "reportedCurrency": "USD", "cik": "0000882095", "fillingDate": "2014-02-25", "acceptedDate": "2014-02-25 16:10:01", "calendarYear": "2013", "period": "FY", "revenue": 11201688000, "costOfRevenue": 2858502000, "grossProfit": 8343186000, "grossProfitRatio": 0.7448150672, "researchAndDevelopmentExpenses": 2119756000, "generalAndAdministrativeExpenses": 1699431000, "sellingAndMarketingExpenses": 216000000, "sellingGeneralAndAdministrativeExpenses": 1699431000, "otherExpenses": -8886000, "operatingExpenses": 3819187000, "costAndExpenses": 6677689000, "interestIncome": 0, "interestExpense": 306894000, "depreciationAndAmortization": 344704000, "ebitda": 4515113000, "ebitdaratio": 0.4030743402, "operatingIncome": 4523999000, "operatingIncomeRatio": 0.4038676135, "totalOtherIncomeExpensesNet": -8886000, "incomeBeforeTax": 4208219000, "incomeBeforeTaxRatio": 0.3756772194, "incomeTaxExpense": 1150933000, "netIncome": 3074808000, "netIncomeRatio": 0.2744950582, "eps": 2.01, "epsdiluted": 1.81, "weightedAverageShsOut": 1528620000, "weightedAverageShsOutDil": 1694747000, "link": "https://www.sec.gov/Archives/edgar/data/882095/000088209514000013/0000882095-14-000013-index.htm", "finalLink": "https://www.sec.gov/Archives/edgar/data/882095/000088209514000013/a2013form10-k.htm", "calculatedOtherExpenses": 0, "calculatedOperatingExpenses": 3819187000, "calculatedNetInterest": -306894000, "calculatedOtherIncome": -8886000, "calculatedIncomeNonControlling": -17522000, "calculatedEbitda": 4868703000}, {"date": "2012-12-31", "symbol": "GILD", "reportedCurrency": "USD", "cik": "0000882095", "fillingDate": "2013-02-27", "acceptedDate": "2013-02-27 16:36:05", "calendarYear": "2012", "period": "FY", "revenue": 9702517000, "costOfRevenue": 2471363000, "grossProfit": 7231154000, "grossProfitRatio": 0.7452864035, "researchAndDevelopmentExpenses": 1759945000, "generalAndAdministrativeExpenses": 1461034000, "sellingAndMarketingExpenses": 160000000, "sellingGeneralAndAdministrativeExpenses": 1461034000, "otherExpenses": -37279000, "operatingExpenses": 3220979000, "costAndExpenses": 5692342000, "interestIncome": 0, "interestExpense": 360916000, "depreciationAndAmortization": 278206000, "ebitda": 3972896000, "ebitdaratio": 0.4094706559, "operatingIncome": 4010175000, "operatingIncomeRatio": 0.4133128548, "totalOtherIncomeExpensesNet": -37279000, "incomeBeforeTax": 3611980000, "incomeBeforeTaxRatio": 0.3722724732, "incomeTaxExpense": 1038381000, "netIncome": 2591566000, "netIncomeRatio": 0.2671024436, "eps": 1.71, "epsdiluted": 1.64, "weightedAverageShsOut": 1514621000, "weightedAverageShsOutDil": 1582549000, "link": "https://www.sec.gov/Archives/edgar/data/882095/000088209513000015/0000882095-13-000015-index.htm", "finalLink": "https://www.sec.gov/Archives/edgar/data/882095/000088209513000015/a2012form10-k.htm", "calculatedOtherExpenses": 0, "calculatedOperatingExpenses": 3220979000, "calculatedNetInterest": -360916000, "calculatedOtherIncome": -37279000, "calculatedIncomeNonControlling": -17967000, "calculatedEbitda": 4288381000}, {"date": "2011-12-31", "symbol": "GILD", "reportedCurrency": "USD", "cik": "0000882095", "fillingDate": "2012-02-23", "acceptedDate": "2012-02-23 16:18:06", "calendarYear": "2011", "period": "FY", "revenue": 8385385000, "costOfRevenue": 2124410000, "grossProfit": 6260975000, "grossProfitRatio": 0.7466532544, "researchAndDevelopmentExpenses": 1229151000, "generalAndAdministrativeExpenses": 1241983000, "sellingAndMarketingExpenses": 0, "sellingGeneralAndAdministrativeExpenses": 1241983000, "otherExpenses": 0, "operatingExpenses": 2471134000, "costAndExpenses": 4595544000, "interestIncome": 66581000, "interestExpense": 205418000, "depreciationAndAmortization": 302232000, "ebitda": 3856422000, "ebitdaratio": 0.459898025, "operatingIncome": 3789841000, "operatingIncomeRatio": 0.4519579006, "totalOtherIncomeExpensesNet": -138837000, "incomeBeforeTax": 3651004000, "incomeBeforeTaxRatio": 0.435400879, "incomeTaxExpense": 861945000, "netIncome": 2803637000, "netIncomeRatio": 0.3343480353, "eps": 1.81, "epsdiluted": 1.78, "weightedAverageShsOut": 1549806000, "weightedAverageShsOutDil": 1580236000, "link": "https://www.sec.gov/Archives/edgar/data/882095/000119312512075335/0001193125-12-075335-index.htm", "finalLink": "https://www.sec.gov/Archives/edgar/data/882095/000119312512075335/d260199d10k.htm", "calculatedOtherExpenses": 0, "calculatedOperatingExpenses": 2471134000, "calculatedNetInterest": -138837000, "calculatedOtherIncome": 0, "calculatedIncomeNonControlling": -14578000, "calculatedEbitda": 4092073000}, {"date": "2010-12-31", "symbol": "GILD", "reportedCurrency": "USD", "cik": "0000882095", "fillingDate": "2011-02-28", "acceptedDate": "2011-02-28 16:40:37", "calendarYear": "2010", "period": "FY", "revenue": 7949420000, "costOfRevenue": 1869876000, "grossProfit": 6079544000, "grossProfitRatio": 0.7647783109, "researchAndDevelopmentExpenses": 1072930000, "generalAndAdministrativeExpenses": 1044392000, "sellingAndMarketingExpenses": 0, "sellingGeneralAndAdministrativeExpenses": 1044392000, "otherExpenses": 0, "operatingExpenses": 2117322000, "costAndExpenses": 3987198000, "interestIncome": 60287000, "interestExpense": 108961000, "depreciationAndAmortization": 265477000, "ebitda": 4022509000, "ebitdaratio": 0.5060128915, "operatingIncome": 3962222000, "operatingIncomeRatio": 0.4984290678, "totalOtherIncomeExpensesNet": -48674000, "incomeBeforeTax": 3913548000, "incomeBeforeTaxRatio": 0.4923061054, "incomeTaxExpense": 1023799000, "netIncome": 2901257000, "netIncomeRatio": 0.3649646138, "eps": 1.7, "epsdiluted": 1.66, "weightedAverageShsOut": 1712120000, "weightedAverageShsOutDil": 1746792000, "link": "https://www.sec.gov/Archives/edgar/data/882095/000119312511050041/0001193125-11-050041-index.htm", "finalLink": "https://www.sec.gov/Archives/edgar/data/882095/000119312511050041/d10k.htm", "calculatedOtherExpenses": 0, "calculatedOperatingExpenses": 2117322000, "calculatedNetInterest": -48674000, "calculatedOtherIncome": 0, "calculatedIncomeNonControlling": -11508000, "calculatedEbitda": 4227699000}, {"date": "2009-12-31", "symbol": "GILD", "reportedCurrency": "USD", "cik": "0000882095", "fillingDate": "2010-03-01", "acceptedDate": "2010-03-01 16:28:09", "calendarYear": "2009", "period": "FY", "revenue": 7011383000, "costOfRevenue": 1595558000, "grossProfit": 5415825000, "grossProfitRatio": 0.772433199, "researchAndDevelopmentExpenses": 939918000, "generalAndAdministrativeExpenses": 946686000, "sellingAndMarketingExpenses": 0, "sellingGeneralAndAdministrativeExpenses": 946686000, "otherExpenses": 0, "operatingExpenses": 1886604000, "costAndExpenses": 3482162000, "interestIncome": 42397000, "interestExpense": 69662000, "depreciationAndAmortization": 212944000, "ebitda": 3571618000, "ebitdaratio": 0.5094027812, "operatingIncome": 3529221000, "operatingIncomeRatio": 0.5033559, "totalOtherIncomeExpensesNet": -27265000, "incomeBeforeTax": 3501956000, "incomeBeforeTaxRatio": 0.4994672235, "incomeTaxExpense": 876364000, "netIncome": 2635755000, "netIncomeRatio": 0.3759251206, "eps": 1.46, "epsdiluted": 1.41, "weightedAverageShsOut": 1809208000, "weightedAverageShsOutDil": 1868218000, "link": "https://www.sec.gov/Archives/edgar/data/882095/000119312510044753/0001193125-10-044753-index.htm", "finalLink": "https://www.sec.gov/Archives/edgar/data/882095/000119312510044753/d10k.htm", "calculatedOtherExpenses": 0, "calculatedOperatingExpenses": 1886604000, "calculatedNetInterest": -27265000, "calculatedOtherIncome": 0, "calculatedIncomeNonControlling": -10163000, "calculatedEbitda": 3742165000}, {"date": "2008-12-31", "symbol": "GILD", "reportedCurrency": "USD", "cik": "0000882095", "fillingDate": "2009-02-27", "acceptedDate": "2009-02-27 14:49:37", "calendarYear": "2008", "period": "FY", "revenue": 5335750000, "costOfRevenue": 1127246000, "grossProfit": 4208504000, "grossProfitRatio": 0.7887371035, "researchAndDevelopmentExpenses": 721768000, "generalAndAdministrativeExpenses": 797344000, "sellingAndMarketingExpenses": 0, "sellingGeneralAndAdministrativeExpenses": 797344000, "otherExpenses": 0, "operatingExpenses": 1529963000, "costAndExpenses": 2657209000, "interestIncome": 59401000, "interestExpense": 12101000, "depreciationAndAmortization": 102467000, "ebitda": 2746506000, "ebitdaratio": 0.514736635, "operatingIncome": 2678541000, "operatingIncomeRatio": 0.5019989692, "totalOtherIncomeExpensesNet": -10851000, "incomeBeforeTax": 2734405000, "incomeBeforeTaxRatio": 0.5124687251, "incomeTaxExpense": 723251000, "netIncome": 2011154000, "netIncomeRatio": 0.3769205829, "eps": 1.09, "epsdiluted": 1.05, "weightedAverageShsOut": 1841386000, "weightedAverageShsOutDil": 1917650000, "link": "https://www.sec.gov/Archives/edgar/data/882095/000119312509040769/0001193125-09-040769-index.htm", "finalLink": "https://www.sec.gov/Archives/edgar/data/882095/000119312509040769/d10k.htm", "calculatedOtherExpenses": 10851000, "calculatedOperatingExpenses": 1529963000, "calculatedNetInterest": 47300000, "calculatedOtherIncome": 8564000, "calculatedIncomeNonControlling": 0, "calculatedEbitda": 2781008000}, {"date": "2007-12-31", "symbol": "GILD", "reportedCurrency": "USD", "cik": "0000882095", "fillingDate": "2008-02-27", "acceptedDate": "2008-02-27 17:22:15", "calendarYear": "2007", "period": "FY", "revenue": 4230045000, "costOfRevenue": 768771000, "grossProfit": 3461274000, "grossProfitRatio": 0.8182593802, "researchAndDevelopmentExpenses": 591026000, "generalAndAdministrativeExpenses": 705741000, "sellingAndMarketingExpenses": 0, "sellingGeneralAndAdministrativeExpenses": 705741000, "otherExpenses": 0, "operatingExpenses": 1296767000, "costAndExpenses": 2065538000, "interestIncome": 0, "interestExpense": -105831000, "depreciationAndAmortization": 51279000, "ebitda": 2215786000, "ebitdaratio": 0.523820905, "operatingIncome": 2164507000, "operatingIncomeRatio": 0.5116983389, "totalOtherIncomeExpensesNet": 105831000, "incomeBeforeTax": 2270338000, "incomeBeforeTaxRatio": 0.5367172217, "incomeTaxExpense": 655040000, "netIncome": 1615298000, "netIncomeRatio": 0.3818630771, "eps": 0.87, "epsdiluted": 0.84, "weightedAverageShsOut": 1858266000, "weightedAverageShsOutDil": 1928712000, "link": "https://www.sec.gov/Archives/edgar/data/882095/000119312508040255/0001193125-08-040255-index.htm", "finalLink": "https://www.sec.gov/Archives/edgar/data/882095/000119312508040255/d10k.htm", "calculatedOtherExpenses": 0, "calculatedOperatingExpenses": 1296767000, "calculatedNetInterest": 105831000, "calculatedOtherIncome": 0, "calculatedIncomeNonControlling": 0, "calculatedEbitda": 2215786000}, {"date": "2006-12-31", "symbol": "GILD", "reportedCurrency": "USD", "cik": "0000882095", "fillingDate": "2007-02-27", "acceptedDate": "2007-02-27 17:24:35", "calendarYear": "2006", "period": "FY", "revenue": 3026139000, "costOfRevenue": 433320000, "grossProfit": 2592819000, "grossProfitRatio": 0.8568076351, "researchAndDevelopmentExpenses": 383861000, "generalAndAdministrativeExpenses": 573660000, "sellingAndMarketingExpenses": 0, "sellingGeneralAndAdministrativeExpenses": 573660000, "otherExpenses": 0, "operatingExpenses": 957521000, "costAndExpenses": 1390841000, "interestIncome": 0, "interestExpense": 4667556000, "depreciationAndAmortization": 47284000, "ebitda": 4076633000, "ebitdaratio": 1.3471400355, "operatingIncome": -758753000, "operatingIncomeRatio": -0.2507330298, "totalOtherIncomeExpensesNet": -2394051000, "incomeBeforeTax": -638207000, "incomeBeforeTaxRatio": -0.2108981114, "incomeTaxExpense": 551750000, "netIncome": -1189957000, "netIncomeRatio": -0.3932261539, "eps": -0.65, "epsdiluted": -0.65, "weightedAverageShsOut": 1836424000, "weightedAverageShsOutDil": 1836424000, "link": "https://www.sec.gov/Archives/edgar/data/882095/000119312507041203/0001193125-07-041203-index.htm", "finalLink": "https://www.sec.gov/Archives/edgar/data/882095/000119312507041203/d10k.htm", "calculatedOtherExpenses": 2394051000, "calculatedOperatingExpenses": 3351572000, "calculatedNetInterest": -4667556000, "calculatedOtherIncome": 4788102000, "calculatedIncomeNonControlling": 0, "calculatedEbitda": -711469000}, {"date": "2005-12-31", "symbol": "GILD", "reportedCurrency": "USD", "cik": "0000882095", "fillingDate": "2006-03-03", "acceptedDate": "2006-03-03 16:56:14", "calendarYear": "2005", "period": "FY", "revenue": 2028400000, "costOfRevenue": 260326000, "grossProfit": 1768074000, "grossProfitRatio": 0.871659436, "researchAndDevelopmentExpenses": 277724000, "generalAndAdministrativeExpenses": 379248000, "sellingAndMarketingExpenses": 0, "sellingGeneralAndAdministrativeExpenses": 379248000, "otherExpenses": 0, "operatingExpenses": 656972000, "costAndExpenses": 917298000, "interestIncome": 0, "interestExpense": -50690000, "depreciationAndAmortization": 35777000, "ebitda": 1146879000, "ebitdaratio": 0.5654106685, "operatingIncome": 1111102000, "operatingIncomeRatio": 0.5477726287, "totalOtherIncomeExpensesNet": 50690000, "incomeBeforeTax": 1161792000, "incomeBeforeTaxRatio": 0.5727627687, "incomeTaxExpense": 347878000, "netIncome": 813914000, "netIncomeRatio": 0.4012591205, "eps": 0.45, "epsdiluted": 0.43, "weightedAverageShsOut": 1817356000, "weightedAverageShsOutDil": 1897136000, "link": "https://www.sec.gov/Archives/edgar/data/882095/000119312506045128/0001193125-06-045128-index.htm", "finalLink": "https://www.sec.gov/Archives/edgar/data/882095/000119312506045128/d10k.htm", "calculatedOtherExpenses": 0, "calculatedOperatingExpenses": 656972000, "calculatedNetInterest": 50690000, "calculatedOtherIncome": 0, "calculatedIncomeNonControlling": 0, "calculatedEbitda": 1146879000}, {"date": "2004-12-31", "symbol": "GILD", "reportedCurrency": "USD", "cik": "0000882095", "fillingDate": "2005-03-14", "acceptedDate": "2005-03-14 16:16:57", "calendarYear": "2004", "period": "FY", "revenue": 1324621000, "costOfRevenue": 166587000, "grossProfit": 1158034000, "grossProfitRatio": 0.8742379896, "researchAndDevelopmentExpenses": 223552000, "generalAndAdministrativeExpenses": 302793000, "sellingAndMarketingExpenses": 0, "sellingGeneralAndAdministrativeExpenses": 302793000, "otherExpenses": 0, "operatingExpenses": 526345000, "costAndExpenses": 692932000, "interestIncome": 0, "interestExpense": -37871000, "depreciationAndAmortization": 24408000, "ebitda": 642959000, "ebitdaratio": 0.4853909156, "operatingIncome": 631689000, "operatingIncomeRatio": 0.4768828216, "totalOtherIncomeExpensesNet": 13138000, "incomeBeforeTax": 656422000, "incomeBeforeTaxRatio": 0.4955545775, "incomeTaxExpense": 207051000, "netIncome": 449371000, "netIncomeRatio": 0.3392449614, "eps": 0.26, "epsdiluted": 0.25, "weightedAverageShsOut": 1728000000, "weightedAverageShsOutDil": 1856984000, "link": "https://www.sec.gov/Archives/edgar/data/882095/000110465905010858/0001104659-05-010858-index.htm", "finalLink": "https://www.sec.gov/Archives/edgar/data/882095/000110465905010858/a05-1830_110k.htm", "calculatedOtherExpenses": 0, "calculatedOperatingExpenses": 526345000, "calculatedNetInterest": 37871000, "calculatedOtherIncome": -13138000, "calculatedIncomeNonControlling": 0, "calculatedEbitda": 656097000}, {"date": "2003-12-31", "symbol": "GILD", "reportedCurrency": "USD", "cik": "0000882095", "fillingDate": "2004-03-11", "acceptedDate": "2004-03-11 15:54:09", "calendarYear": "2003", "period": "FY", "revenue": 867864000, "costOfRevenue": 112691000, "grossProfit": 755173000, "grossProfitRatio": 0.870151314, "researchAndDevelopmentExpenses": 164873000, "generalAndAdministrativeExpenses": 250157000, "sellingAndMarketingExpenses": 0, "sellingGeneralAndAdministrativeExpenses": 250157000, "otherExpenses": 10219000, "operatingExpenses": 425249000, "costAndExpenses": 537940000, "interestIncome": 0, "interestExpense": 996275000, "depreciationAndAmortization": 20859000, "ebitda": 849601000, "ebitdaratio": 0.9789563803, "operatingIncome": -158675000, "operatingIncomeRatio": -0.1828339463, "totalOtherIncomeExpensesNet": -498818000, "incomeBeforeTax": -167533000, "incomeBeforeTaxRatio": -0.1930406147, "incomeTaxExpense": -95530000, "netIncome": -72003000, "netIncomeRatio": -0.0829657642, "eps": -0.0448, "epsdiluted": -0.0448, "weightedAverageShsOut": 1608840000, "weightedAverageShsOutDil": 1608840000, "link": "https://www.sec.gov/Archives/edgar/data/882095/000110465904007080/0001104659-04-007080-index.htm", "finalLink": "https://www.sec.gov/Archives/edgar/data/882095/000110465904007080/a04-3258_110k.htm", "calculatedOtherExpenses": 498818000, "calculatedOperatingExpenses": 913848000, "calculatedNetInterest": -996275000, "calculatedOtherIncome": 987417000, "calculatedIncomeNonControlling": 0, "calculatedEbitda": -137816000}, {"date": "2002-12-31", "symbol": "GILD", "reportedCurrency": "USD", "cik": "0000882095", "fillingDate": "2003-03-14", "acceptedDate": "2003-03-13 21:59:46", "calendarYear": "2002", "period": "FY", "revenue": 466790000, "costOfRevenue": 69724000, "grossProfit": 397066000, "grossProfitRatio": 0.8506309047, "researchAndDevelopmentExpenses": 134758000, "generalAndAdministrativeExpenses": 181301000, "sellingAndMarketingExpenses": 0, "sellingGeneralAndAdministrativeExpenses": 181301000, "otherExpenses": 0, "operatingExpenses": 316059000, "costAndExpenses": 385783000, "interestIncome": 0, "interestExpense": 23658000, "depreciationAndAmortization": 14428000, "ebitda": 111483000, "ebitdaratio": 0.2388290238, "operatingIncome": 81007000, "operatingIncomeRatio": 0.1735405643, "totalOtherIncomeExpensesNet": -16048000, "incomeBeforeTax": 73397000, "incomeBeforeTaxRatio": 0.15723773, "incomeTaxExpense": 1300000, "netIncome": 72097000, "netIncomeRatio": 0.1544527518, "eps": 0.0463, "epsdiluted": 0.0438, "weightedAverageShsOut": 1564344000, "weightedAverageShsOutDil": 1651816000, "link": "https://www.sec.gov/Archives/edgar/data/882095/000104746903008695/0001047469-03-008695-index.htm", "finalLink": "https://www.sec.gov/Archives/edgar/data/882095/000104746903008695/a2105292z10-k.htm", "calculatedOtherExpenses": 0, "calculatedOperatingExpenses": 316059000, "calculatedNetInterest": -23658000, "calculatedOtherIncome": 16048000, "calculatedIncomeNonControlling": 0, "calculatedEbitda": 95435000}, {"date": "2001-12-31", "symbol": "GILD", "reportedCurrency": "USD", "cik": "0000882095", "fillingDate": "2002-03-27", "acceptedDate": "2002-03-27 00:00:00", "calendarYear": "2001", "period": "FY", "revenue": 233769000, "costOfRevenue": 43764000, "grossProfit": 190005000, "grossProfitRatio": 0.8127895487, "researchAndDevelopmentExpenses": 185553000, "generalAndAdministrativeExpenses": 125141000, "sellingAndMarketingExpenses": 0, "sellingGeneralAndAdministrativeExpenses": 125141000, "otherExpenses": 0, "operatingExpenses": 310694000, "costAndExpenses": 354458000, "interestIncome": 25591000, "interestExpense": -343620000, "depreciationAndAmortization": 14691000, "ebitda": -272523000, "ebitdaratio": -1.1657790383, "operatingIncome": -120689000, "operatingIncomeRatio": -0.516274613, "totalOtherIncomeExpensesNet": 164395000, "incomeBeforeTax": 57447000, "incomeBeforeTaxRatio": 0.245742592, "incomeTaxExpense": 4135000, "netIncome": 52271000, "netIncomeRatio": 0.2236010763, "eps": 0.035, "epsdiluted": 0.0325, "weightedAverageShsOut": 1521960000, "weightedAverageShsOutDil": 1618568000, "link": "https://www.sec.gov/Archives/edgar/data/882095/000091205702011690/0000912057-02-011690-index.htm", "finalLink": "https://www.sec.gov/Archives/edgar/data/882095/000091205702011690/a2073842z10-k.htm", "calculatedOtherExpenses": 0, "calculatedOperatingExpenses": 310694000, "calculatedNetInterest": 369211000, "calculatedOtherIncome": -191075000, "calculatedIncomeNonControlling": 1041000, "calculatedEbitda": -105998000}, {"date": "2000-12-31", "symbol": "GILD", "reportedCurrency": "USD", "cik": "0000882095", "fillingDate": "2001-03-20", "acceptedDate": "2001-03-20 00:00:00", "calendarYear": "2000", "period": "FY", "revenue": 195555000, "costOfRevenue": 21504000, "grossProfit": 174051000, "grossProfitRatio": 0.8900360512, "researchAndDevelopmentExpenses": 131568000, "generalAndAdministrativeExpenses": 82793000, "sellingAndMarketingExpenses": 0, "sellingGeneralAndAdministrativeExpenses": 82793000, "otherExpenses": 12008000, "operatingExpenses": 226369000, "costAndExpenses": 247873000, "interestIncome": 0, "interestExpense": 6117000, "depreciationAndAmortization": 12008000, "ebitda": -37452000, "ebitdaratio": -0.1915164532, "operatingIncome": -52318000, "operatingIncomeRatio": -0.2675359873, "totalOtherIncomeExpensesNet": -2858000, "incomeBeforeTax": -41907000, "incomeBeforeTaxRatio": -0.2142977679, "incomeTaxExpense": 1199000, "netIncome": -56776000, "netIncomeRatio": -0.290332643, "eps": -0.039, "epsdiluted": -0.039, "weightedAverageShsOut": 1456792000, "weightedAverageShsOutDil": 1456792000, "link": "https://www.sec.gov/Archives/edgar/data/882095/000091205701007841/0000912057-01-007841-index.htm", "finalLink": "https://www.sec.gov/Archives/edgar/data/882095/000091205701007841/a2041233z10-k.txt", "calculatedOtherExpenses": 12008000, "calculatedOperatingExpenses": 226369000, "calculatedNetInterest": -6117000, "calculatedOtherIncome": 16528000, "calculatedIncomeNonControlling": 13670000, "calculatedEbitda": -40310000}, {"date": "1999-12-31", "symbol": "GILD", "reportedCurrency": "USD", "cik": "0000882095", "fillingDate": "2000-03-30", "acceptedDate": "2000-03-30 00:00:00", "calendarYear": "1999", "period": "FY", "revenue": 169000000, "costOfRevenue": 16900000, "grossProfit": 152100000, "grossProfitRatio": 0.9, "researchAndDevelopmentExpenses": 112900000, "generalAndAdministrativeExpenses": 78300000, "sellingAndMarketingExpenses": 0, "sellingGeneralAndAdministrativeExpenses": 78300000, "otherExpenses": 12600000, "operatingExpenses": 203800000, "costAndExpenses": 220700000, "interestIncome": 0, "interestExpense": 37700000, "depreciationAndAmortization": 12600000, "ebitda": -15300000, "ebitdaratio": -0.0905325444, "operatingIncome": -51700000, "operatingIncomeRatio": -0.3059171598, "totalOtherIncomeExpensesNet": -23800000, "incomeBeforeTax": -65600000, "incomeBeforeTaxRatio": -0.3881656805, "incomeTaxExpense": 900000, "netIncome": -66500000, "netIncomeRatio": -0.3934911243, "eps": -0.0485, "epsdiluted": -0.0485, "weightedAverageShsOut": 1370432000, "weightedAverageShsOutDil": 1370432000, "link": "https://www.sec.gov/Archives/edgar/data/882095/000091205700015150/0000912057-00-015150-index.html", "finalLink": "https://www.sec.gov/Archives/edgar/data/882095/000091205700015150/", "calculatedOtherExpenses": 12600000, "calculatedOperatingExpenses": 203800000, "calculatedNetInterest": -37700000, "calculatedOtherIncome": 23800000, "calculatedIncomeNonControlling": 0, "calculatedEbitda": -39100000}, {"date": "1998-12-31", "symbol": "GILD", "reportedCurrency": "USD", "cik": "0000882095", "fillingDate": "1999-03-22", "acceptedDate": "1999-03-22 00:00:00", "calendarYear": "1998", "period": "FY", "revenue": 32600000, "costOfRevenue": -2200000, "grossProfit": 34800000, "grossProfitRatio": 1.0674846626, "researchAndDevelopmentExpenses": 75300000, "generalAndAdministrativeExpenses": 31000000, "sellingAndMarketingExpenses": 0, "sellingGeneralAndAdministrativeExpenses": 31000000, "otherExpenses": 2800000, "operatingExpenses": 109100000, "costAndExpenses": 106900000, "interestIncome": 0, "interestExpense": -18400000, "depreciationAndAmortization": 2800000, "ebitda": -89900000, "ebitdaratio": -2.7576687117, "operatingIncome": -74300000, "operatingIncomeRatio": -2.2791411043, "totalOtherIncomeExpensesNet": 18400000, "incomeBeforeTax": -55900000, "incomeBeforeTaxRatio": -1.7147239264, "incomeTaxExpense": -36600000, "netIncome": -56100000, "netIncomeRatio": -1.7208588957, "eps": -0.0427, "epsdiluted": -0.0427, "weightedAverageShsOut": 1312480000, "weightedAverageShsOutDil": 1312480000, "link": "https://www.sec.gov/Archives/edgar/data/882095/000104746999010722/0001047469-99-010722-index.html", "finalLink": "https://www.sec.gov/Archives/edgar/data/882095/", "calculatedOtherExpenses": 2800000, "calculatedOperatingExpenses": 109100000, "calculatedNetInterest": 18400000, "calculatedOtherIncome": 0, "calculatedIncomeNonControlling": 36800000, "calculatedEbitda": -71500000}, {"date": "1997-12-31", "symbol": "GILD", "reportedCurrency": "USD", "cik": "0000882095", "fillingDate": "1998-03-31", "acceptedDate": "1998-03-31 00:00:00", "calendarYear": "1997", "period": "FY", "revenue": 40000000, "costOfRevenue": -1800000, "grossProfit": 41800000, "grossProfitRatio": 1.045, "researchAndDevelopmentExpenses": 59200000, "generalAndAdministrativeExpenses": 25500000, "sellingAndMarketingExpenses": 0, "sellingGeneralAndAdministrativeExpenses": 25500000, "otherExpenses": 3000000, "operatingExpenses": 87700000, "costAndExpenses": 85900000, "interestIncome": 0, "interestExpense": -18300000, "depreciationAndAmortization": 3000000, "ebitda": -61200000, "ebitdaratio": -1.53, "operatingIncome": -45900000, "operatingIncomeRatio": -1.1475, "totalOtherIncomeExpensesNet": 18300000, "incomeBeforeTax": -27600000, "incomeBeforeTaxRatio": -0.69, "incomeTaxExpense": -36200000, "netIncome": -28000000, "netIncomeRatio": -0.7, "eps": -0.0269, "epsdiluted": -0.0269, "weightedAverageShsOut": 1040000000, "weightedAverageShsOutDil": 1040000000, "link": "https://www.sec.gov/Archives/edgar/data/882095/000104746998012796/0001047469-98-012796-index.html", "finalLink": "https://www.sec.gov/Archives/edgar/data/882095/", "calculatedOtherExpenses": 3000000, "calculatedOperatingExpenses": 87700000, "calculatedNetInterest": 18300000, "calculatedOtherIncome": 0, "calculatedIncomeNonControlling": 36600000, "calculatedEbitda": -42900000}, {"date": "1996-12-31", "symbol": "GILD", "reportedCurrency": "USD", "cik": "0000882095", "fillingDate": "1997-03-21", "acceptedDate": "1997-03-21 00:00:00", "calendarYear": "1996", "period": "FY", "revenue": 33400000, "costOfRevenue": -3600000, "grossProfit": 37000000, "grossProfitRatio": 1.1077844311, "researchAndDevelopmentExpenses": 41900000, "generalAndAdministrativeExpenses": 26700000, "sellingAndMarketingExpenses": 0, "sellingGeneralAndAdministrativeExpenses": 26700000, "otherExpenses": 4500000, "operatingExpenses": 73100000, "costAndExpenses": 69500000, "interestIncome": 0, "interestExpense": -15000000, "depreciationAndAmortization": 4500000, "ebitda": -46600000, "ebitdaratio": -1.3952095808, "operatingIncome": -36100000, "operatingIncomeRatio": -1.0808383234, "totalOtherIncomeExpensesNet": 15000000, "incomeBeforeTax": -21100000, "incomeBeforeTaxRatio": -0.6317365269, "incomeTaxExpense": -29400000, "netIncome": -21700000, "netIncomeRatio": -0.6497005988, "eps": -0.0244, "epsdiluted": -0.0244, "weightedAverageShsOut": 889152000, "weightedAverageShsOutDil": 889152000, "link": "https://www.sec.gov/Archives/edgar/data/882095/000091205797009728/0000912057-97-009728-index.html", "finalLink": "https://www.sec.gov/Archives/edgar/data/882095/", "calculatedOtherExpenses": 4500000, "calculatedOperatingExpenses": 73100000, "calculatedNetInterest": 15000000, "calculatedOtherIncome": 0, "calculatedIncomeNonControlling": 30000000, "calculatedEbitda": -31600000}, {"date": "1995-12-31", "symbol": "GILD", "reportedCurrency": "USD", "cik": "0000882095", "fillingDate": "1995-12-31", "acceptedDate": "1995-12-31 00:00:00", "calendarYear": "1995", "period": "FY", "revenue": 2700000, "costOfRevenue": -3200000, "grossProfit": 5900000, "grossProfitRatio": 2.1851851852, "researchAndDevelopmentExpenses": 0, "generalAndAdministrativeExpenses": 0, "sellingAndMarketingExpenses": 0, "sellingGeneralAndAdministrativeExpenses": 34700000, "otherExpenses": 3200000, "operatingExpenses": 37900000, "costAndExpenses": 34700000, "interestIncome": 0, "interestExpense": -5200000, "depreciationAndAmortization": 3200000, "ebitda": -34000000, "ebitdaratio": -12.5925925926, "operatingIncome": -32000000, "operatingIncomeRatio": -11.8518518519, "totalOtherIncomeExpensesNet": 5200000, "incomeBeforeTax": -26800000, "incomeBeforeTaxRatio": -9.9259259259, "incomeTaxExpense": -9800000, "netIncome": -27400000, "netIncomeRatio": -10.1481481481, "eps": -0.0402, "epsdiluted": -0.0402, "weightedAverageShsOut": 680768000, "weightedAverageShsOutDil": 680768000, "link": null, "finalLink": null, "calculatedOtherExpenses": 3200000, "calculatedOperatingExpenses": 37900000, "calculatedNetInterest": 5200000, "calculatedOtherIncome": 0, "calculatedIncomeNonControlling": 10400000, "calculatedEbitda": -28800000}, {"date": "1994-12-31", "symbol": "GILD", "reportedCurrency": "USD", "cik": "0000882095", "fillingDate": "1994-03-31", "acceptedDate": "1994-03-31 00:00:00", "calendarYear": "1994", "period": "FY", "revenue": 4100000, "costOfRevenue": -2800000, "grossProfit": 6900000, "grossProfitRatio": 1.6829268293, "researchAndDevelopmentExpenses": 26000000, "generalAndAdministrativeExpenses": 0, "sellingAndMarketingExpenses": 0, "sellingGeneralAndAdministrativeExpenses": 7600000, "otherExpenses": 2800000, "operatingExpenses": 36400000, "costAndExpenses": 33600000, "interestIncome": 0, "interestExpense": -4200000, "depreciationAndAmortization": 2800000, "ebitda": -30900000, "ebitdaratio": -7.5365853659, "operatingIncome": -29500000, "operatingIncomeRatio": -7.1951219512, "totalOtherIncomeExpensesNet": 4200000, "incomeBeforeTax": -25300000, "incomeBeforeTaxRatio": -6.1707317073, "incomeTaxExpense": -8000000, "netIncome": -25700000, "netIncomeRatio": -6.2682926829, "eps": -0.0431, "epsdiluted": -0.0431, "weightedAverageShsOut": 595942029, "weightedAverageShsOutDil": 595942029, "link": null, "finalLink": null, "calculatedOtherExpenses": 2800000, "calculatedOperatingExpenses": 36400000, "calculatedNetInterest": 4200000, "calculatedOtherIncome": 0, "calculatedIncomeNonControlling": 8400000, "calculatedEbitda": -26700000}, {"date": "1993-03-31", "symbol": "GILD", "reportedCurrency": "USD", "cik": "0000882095", "fillingDate": "1993-03-31", "acceptedDate": "1993-03-31 00:00:00", "calendarYear": "1992", "period": "FY", "revenue": 4200000, "costOfRevenue": -1700000, "grossProfit": 5900000, "grossProfitRatio": 1.4047619048, "researchAndDevelopmentExpenses": 0, "generalAndAdministrativeExpenses": 0, "sellingAndMarketingExpenses": 0, "sellingGeneralAndAdministrativeExpenses": 22400000, "otherExpenses": 1700000, "operatingExpenses": 24100000, "costAndExpenses": 22400000, "interestIncome": 0, "interestExpense": -4300000, "depreciationAndAmortization": 1700000, "ebitda": -20800000, "ebitdaratio": -4.9523809524, "operatingIncome": -18200000, "operatingIncomeRatio": -4.3333333333, "totalOtherIncomeExpensesNet": 4300000, "incomeBeforeTax": -13900000, "incomeBeforeTaxRatio": -3.3095238095, "incomeTaxExpense": -8400000, "netIncome": -14100000, "netIncomeRatio": -3.3571428571, "eps": -0.0275, "epsdiluted": -0.0275, "weightedAverageShsOut": 512727273, "weightedAverageShsOutDil": 512727273, "link": null, "finalLink": null, "calculatedOtherExpenses": 1700000, "calculatedOperatingExpenses": 24100000, "calculatedNetInterest": 4300000, "calculatedOtherIncome": 0, "calculatedIncomeNonControlling": 8600000, "calculatedEbitda": -16500000}, {"date": "1992-03-31", "symbol": "GILD", "reportedCurrency": "USD", "cik": "0000882095", "fillingDate": "1992-03-31", "acceptedDate": "1992-03-31 00:00:00", "calendarYear": "1991", "period": "FY", "revenue": 2800000, "costOfRevenue": -1000000, "grossProfit": 3800000, "grossProfitRatio": 1.3571428571, "researchAndDevelopmentExpenses": 0, "generalAndAdministrativeExpenses": 0, "sellingAndMarketingExpenses": 0, "sellingGeneralAndAdministrativeExpenses": 9100000, "otherExpenses": 1000000, "operatingExpenses": 10100000, "costAndExpenses": 9100000, "interestIncome": 0, "interestExpense": -1900000, "depreciationAndAmortization": 1000000, "ebitda": -7200000, "ebitdaratio": -2.5714285714, "operatingIncome": -6300000, "operatingIncomeRatio": -2.25, "totalOtherIncomeExpensesNet": 1900000, "incomeBeforeTax": -4400000, "incomeBeforeTaxRatio": -1.5714285714, "incomeTaxExpense": -3700000, "netIncome": -4500000, "netIncomeRatio": -1.6071428571, "eps": -0.0125, "epsdiluted": -0.0125, "weightedAverageShsOut": 360000000, "weightedAverageShsOutDil": 360000000, "link": null, "finalLink": null, "calculatedOtherExpenses": 1000000, "calculatedOperatingExpenses": 10100000, "calculatedNetInterest": 1900000, "calculatedOtherIncome": 0, "calculatedIncomeNonControlling": 3800000, "calculatedEbitda": -5300000}, {"date": "1991-03-31", "symbol": "GILD", "reportedCurrency": "USD", "cik": "0000882095", "fillingDate": "1991-03-31", "acceptedDate": "1991-03-31 00:00:00", "calendarYear": "1990", "period": "FY", "revenue": 1300000, "costOfRevenue": -800000, "grossProfit": 2100000, "grossProfitRatio": 1.6153846154, "researchAndDevelopmentExpenses": 0, "generalAndAdministrativeExpenses": 0, "sellingAndMarketingExpenses": 0, "sellingGeneralAndAdministrativeExpenses": 6100000, "otherExpenses": 800000, "operatingExpenses": 6900000, "costAndExpenses": 6100000, "interestIncome": 0, "interestExpense": -1600000, "depreciationAndAmortization": 800000, "ebitda": -4800000, "ebitdaratio": -3.6923076923, "operatingIncome": -4800000, "operatingIncomeRatio": -3.6923076923, "totalOtherIncomeExpensesNet": 800000, "incomeBeforeTax": -4000000, "incomeBeforeTaxRatio": -3.0769230769, "incomeTaxExpense": -1600000, "netIncome": -4000000, "netIncomeRatio": -3.0769230769, "eps": -0.0131, "epsdiluted": -0.0131, "weightedAverageShsOut": 304761905, "weightedAverageShsOutDil": 304761905, "link": null, "finalLink": null, "calculatedOtherExpenses": 800000, "calculatedOperatingExpenses": 6900000, "calculatedNetInterest": 1600000, "calculatedOtherIncome": -800000, "calculatedIncomeNonControlling": 1600000, "calculatedEbitda": -4000000}]}