{"originalCurrency": "USD", "convertedCurrency": "USD", "report": [{"date": "2023-05-28", "symbol": "GIS", "reportedCurrency": "USD", "cik": "0000040704", "fillingDate": "2023-06-28", "acceptedDate": "2023-06-28 16:09:00", "calendarYear": "2023", "period": "FY", "revenue": 20094200000, "costOfRevenue": 13548400000, "grossProfit": 6545800000, "grossProfitRatio": 0.3257556907, "researchAndDevelopmentExpenses": 257600000, "generalAndAdministrativeExpenses": 2690400000, "sellingAndMarketingExpenses": 810000000, "sellingGeneralAndAdministrativeExpenses": 3500400000, "otherExpenses": 88800000, "operatingExpenses": 3500400000, "costAndExpenses": 17048800000, "interestIncome": 14000000, "interestExpense": 396100000, "depreciationAndAmortization": 546600000, "ebitda": 3203600000, "ebitdaratio": 0.159429089, "operatingIncome": 2657000000, "operatingIncomeRatio": 0.1322272098, "totalOtherIncomeExpensesNet": 483500000, "incomeBeforeTax": 3140500000, "incomeBeforeTaxRatio": 0.1562888794, "incomeTaxExpense": 612200000, "netIncome": 2593900000, "netIncomeRatio": 0.1290870002, "eps": 4.36, "epsdiluted": 4.31, "weightedAverageShsOut": 594800000, "weightedAverageShsOutDil": 601200000, "link": "https://www.sec.gov/Archives/edgar/data/40704/000119312523177500/0001193125-23-177500-index.htm", "finalLink": "https://www.sec.gov/Archives/edgar/data/40704/000119312523177500/d523469d10k.htm", "calculatedOtherExpenses": 130800000, "calculatedOperatingExpenses": 3888800000, "calculatedNetInterest": -382100000, "calculatedOtherIncome": 865600000, "calculatedIncomeNonControlling": -65600000, "calculatedEbitda": 3203600000}, {"date": "2022-05-29", "symbol": "GIS", "reportedCurrency": "USD", "cik": "0000040704", "fillingDate": "2022-06-30", "acceptedDate": "2022-06-29 18:55:52", "calendarYear": "2022", "period": "FY", "revenue": 18992800000, "costOfRevenue": 12590600000, "grossProfit": 6402200000, "grossProfitRatio": 0.3370856325, "researchAndDevelopmentExpenses": 243100000, "generalAndAdministrativeExpenses": 2456900000, "sellingAndMarketingExpenses": 690100000, "sellingGeneralAndAdministrativeExpenses": 3147000000, "otherExpenses": 113400000, "operatingExpenses": 3147000000, "costAndExpenses": 15737600000, "interestIncome": 3800000, "interestExpense": 383400000, "depreciationAndAmortization": 129100000, "ebitda": 3604900000, "ebitdaratio": 0.1898035045, "operatingIncome": 3475800000, "operatingIncomeRatio": 0.1830061918, "totalOtherIncomeExpensesNet": -266200000, "incomeBeforeTax": 3209600000, "incomeBeforeTaxRatio": 0.1689903542, "incomeTaxExpense": 586300000, "netIncome": 2707300000, "netIncomeRatio": 0.1425434902, "eps": 4.46, "epsdiluted": 4.42, "weightedAverageShsOut": 607500000, "weightedAverageShsOutDil": 612600000, "link": "https://www.sec.gov/Archives/edgar/data/40704/000119312522185257/0001193125-22-185257-index.htm", "finalLink": "https://www.sec.gov/Archives/edgar/data/40704/000119312522185257/d313744d10k.htm", "calculatedOtherExpenses": -463700000, "calculatedOperatingExpenses": 2926400000, "calculatedNetInterest": -379600000, "calculatedOtherIncome": 113400000, "calculatedIncomeNonControlling": -84000000, "calculatedEbitda": 3604900000}, {"date": "2021-05-30", "symbol": "GIS", "reportedCurrency": "USD", "cik": "0000040704", "fillingDate": "2021-06-30", "acceptedDate": "2021-06-30 16:57:07", "calendarYear": "2021", "period": "FY", "revenue": 18127000000, "costOfRevenue": 11678700000, "grossProfit": 6448300000, "grossProfitRatio": 0.355729023, "researchAndDevelopmentExpenses": 239300000, "generalAndAdministrativeExpenses": 2343300000, "sellingAndMarketingExpenses": 736300000, "sellingGeneralAndAdministrativeExpenses": 3079600000, "otherExpenses": 132900000, "operatingExpenses": 3079600000, "costAndExpenses": 14758300000, "interestIncome": 7400000, "interestExpense": 427700000, "depreciationAndAmortization": 1049100000, "ebitda": 4193900000, "ebitdaratio": 0.2313620566, "operatingIncome": 3144800000, "operatingIncomeRatio": 0.1734870635, "totalOtherIncomeExpensesNet": -287400000, "incomeBeforeTax": 2857400000, "incomeBeforeTaxRatio": 0.1576322613, "incomeTaxExpense": 629100000, "netIncome": 2339800000, "netIncomeRatio": 0.1290781707, "eps": 3.81, "epsdiluted": 3.78, "weightedAverageShsOut": 614100000, "weightedAverageShsOutDil": 619100000, "link": "https://www.sec.gov/Archives/edgar/data/40704/000119312521204830/0001193125-21-204830-index.htm", "finalLink": "https://www.sec.gov/Archives/edgar/data/40704/000119312521204830/d184854d10k.htm", "calculatedOtherExpenses": -15400000, "calculatedOperatingExpenses": 3303500000, "calculatedNetInterest": -420300000, "calculatedOtherIncome": 132900000, "calculatedIncomeNonControlling": -111500000, "calculatedEbitda": 4193900000}, {"date": "2020-05-31", "symbol": "GIS", "reportedCurrency": "USD", "cik": "0000040704", "fillingDate": "2020-07-02", "acceptedDate": "2020-07-02 13:50:10", "calendarYear": "2020", "period": "FY", "revenue": 17626600000, "costOfRevenue": 11496700000, "grossProfit": 6129900000, "grossProfitRatio": 0.3477641746, "researchAndDevelopmentExpenses": 224400000, "generalAndAdministrativeExpenses": 2459800000, "sellingAndMarketingExpenses": 691800000, "sellingGeneralAndAdministrativeExpenses": 3151600000, "otherExpenses": 112800000, "operatingExpenses": 3151600000, "costAndExpenses": 14648300000, "interestIncome": 6000000, "interestExpense": 472500000, "depreciationAndAmortization": 643500000, "ebitda": 3597400000, "ebitdaratio": 0.2040892742, "operatingIncome": 2953900000, "operatingIncomeRatio": 0.16758195, "totalOtherIncomeExpensesNet": -353700000, "incomeBeforeTax": 2600200000, "incomeBeforeTaxRatio": 0.1475156865, "incomeTaxExpense": 480500000, "netIncome": 2181200000, "netIncomeRatio": 0.1237447948, "eps": 3.59, "epsdiluted": 3.56, "weightedAverageShsOut": 608100000, "weightedAverageShsOutDil": 613300000, "link": "https://www.sec.gov/Archives/edgar/data/40704/000119312520186469/0001193125-20-186469-index.htm", "finalLink": "https://www.sec.gov/Archives/edgar/data/40704/000119312520186469/d89717d10k.htm", "calculatedOtherExpenses": -200000000, "calculatedOperatingExpenses": 3176000000, "calculatedNetInterest": -466500000, "calculatedOtherIncome": 112800000, "calculatedIncomeNonControlling": -61500000, "calculatedEbitda": 3597400000}, {"date": "2019-05-26", "symbol": "GIS", "reportedCurrency": "USD", "cik": "0000040704", "fillingDate": "2019-06-28", "acceptedDate": "2019-06-27 20:12:37", "calendarYear": "2019", "period": "FY", "revenue": 16865200000, "costOfRevenue": 11108400000, "grossProfit": 5756800000, "grossProfitRatio": 0.3413419349, "researchAndDevelopmentExpenses": 221900000, "generalAndAdministrativeExpenses": 2334200000, "sellingAndMarketingExpenses": 601600000, "sellingGeneralAndAdministrativeExpenses": 2935800000, "otherExpenses": 87900000, "operatingExpenses": 2935800000, "costAndExpenses": 14044200000, "interestIncome": 5600000, "interestExpense": 527400000, "depreciationAndAmortization": 620100000, "ebitda": 3746200000, "ebitdaratio": 0.2221260347, "operatingIncome": 2515900000, "operatingIncomeRatio": 0.1491770035, "totalOtherIncomeExpensesNet": -217200000, "incomeBeforeTax": 2082000000, "incomeBeforeTaxRatio": 0.1234494699, "incomeTaxExpense": 367800000, "netIncome": 1752700000, "netIncomeRatio": 0.1039240566, "eps": 2.92, "epsdiluted": 2.9, "weightedAverageShsOut": 600400000, "weightedAverageShsOutDil": 605400000, "link": "https://www.sec.gov/Archives/edgar/data/40704/000119312519184675/0001193125-19-184675-index.htm", "finalLink": "https://www.sec.gov/Archives/edgar/data/40704/000119312519184675/d725716d10k.htm", "calculatedOtherExpenses": 83200000, "calculatedOperatingExpenses": 3240900000, "calculatedNetInterest": -521800000, "calculatedOtherIncome": 87900000, "calculatedIncomeNonControlling": -38500000, "calculatedEbitda": 3136000000}, {"date": "2018-05-27", "symbol": "GIS", "reportedCurrency": "USD", "cik": "0000040704", "fillingDate": "2018-06-29", "acceptedDate": "2018-06-29 14:27:14", "calendarYear": "2018", "period": "FY", "revenue": 15740400000, "costOfRevenue": 10312900000, "grossProfit": 5427500000, "grossProfitRatio": 0.3448133465, "researchAndDevelopmentExpenses": 219100000, "generalAndAdministrativeExpenses": 2176700000, "sellingAndMarketingExpenses": 575900000, "sellingGeneralAndAdministrativeExpenses": 2752600000, "otherExpenses": 0, "operatingExpenses": 2752600000, "costAndExpenses": 13065500000, "interestIncome": 11700000, "interestExpense": 385400000, "depreciationAndAmortization": 618800000, "ebitda": 3459300000, "ebitdaratio": 0.2197720515, "operatingIncome": 2509300000, "operatingIncomeRatio": 0.1594178039, "totalOtherIncomeExpensesNet": -165600000, "incomeBeforeTax": 2135600000, "incomeBeforeTaxRatio": 0.1356763488, "incomeTaxExpense": 57300000, "netIncome": 2131000000, "netIncomeRatio": 0.1353841071, "eps": 3.69, "epsdiluted": 3.64, "weightedAverageShsOut": 576800000, "weightedAverageShsOutDil": 585700000, "link": "https://www.sec.gov/Archives/edgar/data/40704/000119312518209377/0001193125-18-209377-index.htm", "finalLink": "https://www.sec.gov/Archives/edgar/data/40704/000119312518209377/d564680d10k.htm", "calculatedOtherExpenses": -53500000, "calculatedOperatingExpenses": 2918200000, "calculatedNetInterest": -373700000, "calculatedOtherIncome": 0, "calculatedIncomeNonControlling": -52700000, "calculatedEbitda": 3128100000}, {"date": "2017-05-28", "symbol": "GIS", "reportedCurrency": "USD", "cik": "0000040704", "fillingDate": "2017-06-29", "acceptedDate": "2017-06-29 07:18:57", "calendarYear": "2017", "period": "FY", "revenue": 15619800000, "costOfRevenue": 10056000000, "grossProfit": 5563800000, "grossProfitRatio": 0.3562017439, "researchAndDevelopmentExpenses": 218200000, "generalAndAdministrativeExpenses": 0, "sellingAndMarketingExpenses": 0, "sellingGeneralAndAdministrativeExpenses": 2801300000, "otherExpenses": 0, "operatingExpenses": 2801300000, "costAndExpenses": 12857300000, "interestIncome": 7000000, "interestExpense": 302100000, "depreciationAndAmortization": 603600000, "ebitda": 3562200000, "ebitdaratio": 0.2280566973, "operatingIncome": 2566400000, "operatingIncomeRatio": 0.1643042805, "totalOtherIncomeExpensesNet": -196100000, "incomeBeforeTax": 2271300000, "incomeBeforeTaxRatio": 0.145411593, "incomeTaxExpense": 655200000, "netIncome": 1657500000, "netIncomeRatio": 0.1061153152, "eps": 2.82, "epsdiluted": 2.77, "weightedAverageShsOut": 587100000, "weightedAverageShsOutDil": 598000000, "link": "https://www.sec.gov/Archives/edgar/data/40704/000119312517217396/0001193125-17-217396-index.htm", "finalLink": "https://www.sec.gov/Archives/edgar/data/40704/000119312517217396/d363051d10k.htm", "calculatedOtherExpenses": -22100000, "calculatedOperatingExpenses": 2997400000, "calculatedNetInterest": -295100000, "calculatedOtherIncome": 0, "calculatedIncomeNonControlling": -41400000, "calculatedEbitda": 3170000000}, {"date": "2016-05-29", "symbol": "GIS", "reportedCurrency": "USD", "cik": "0000040704", "fillingDate": "2016-06-30", "acceptedDate": "2016-06-30 17:01:08", "calendarYear": "2016", "period": "FY", "revenue": 16563100000, "costOfRevenue": 10733600000, "grossProfit": 5829500000, "grossProfitRatio": 0.3519570612, "researchAndDevelopmentExpenses": 222100000, "generalAndAdministrativeExpenses": 0, "sellingAndMarketingExpenses": 0, "sellingGeneralAndAdministrativeExpenses": 3118900000, "otherExpenses": 0, "operatingExpenses": 3118900000, "costAndExpenses": 13852500000, "interestIncome": 8100000, "interestExpense": 311900000, "depreciationAndAmortization": 608100000, "ebitda": 3321900000, "ebitdaratio": 0.2005602816, "operatingIncome": 2707400000, "operatingIncomeRatio": 0.1634597388, "totalOtherIncomeExpensesNet": -3200000, "incomeBeforeTax": 2403600000, "incomeBeforeTaxRatio": 0.1451177618, "incomeTaxExpense": 755200000, "netIncome": 1697400000, "netIncomeRatio": 0.1024808158, "eps": 2.83, "epsdiluted": 2.77, "weightedAverageShsOut": 598400000, "weightedAverageShsOutDil": 611200000, "link": "https://www.sec.gov/Archives/edgar/data/40704/000119312516638404/0001193125-16-638404-index.htm", "finalLink": "https://www.sec.gov/Archives/edgar/data/40704/000119312516638404/d221637d10k.htm", "calculatedOtherExpenses": -218900000, "calculatedOperatingExpenses": 3122100000, "calculatedNetInterest": -303800000, "calculatedOtherIncome": 0, "calculatedIncomeNonControlling": -49000000, "calculatedEbitda": 3315500000}, {"date": "2015-05-31", "symbol": "GIS", "reportedCurrency": "USD", "cik": "0000040704", "fillingDate": "2015-07-06", "acceptedDate": "2015-07-06 15:25:51", "calendarYear": "2015", "period": "FY", "revenue": 17630300000, "costOfRevenue": 11681100000, "grossProfit": 5949200000, "grossProfitRatio": 0.3374417906, "researchAndDevelopmentExpenses": 229400000, "generalAndAdministrativeExpenses": 0, "sellingAndMarketingExpenses": 0, "sellingGeneralAndAdministrativeExpenses": 3328000000, "otherExpenses": 0, "operatingExpenses": 3328000000, "costAndExpenses": 15009100000, "interestIncome": 13200000, "interestExpense": 328600000, "depreciationAndAmortization": 588300000, "ebitda": 3753400000, "ebitdaratio": 0.2128948458, "operatingIncome": 2077300000, "operatingIncomeRatio": 0.1178255617, "totalOtherIncomeExpensesNet": -543900000, "incomeBeforeTax": 1761900000, "incomeBeforeTaxRatio": 0.0999359058, "incomeTaxExpense": 586800000, "netIncome": 1221300000, "netIncomeRatio": 0.0692727861, "eps": 2.02, "epsdiluted": 1.97, "weightedAverageShsOut": 599900000, "weightedAverageShsOutDil": 614900000, "link": "https://www.sec.gov/Archives/edgar/data/40704/000119312515245476/0001193125-15-245476-index.htm", "finalLink": "https://www.sec.gov/Archives/edgar/data/40704/000119312515245476/d947722d10k.htm", "calculatedOtherExpenses": 314500000, "calculatedOperatingExpenses": 3871900000, "calculatedNetInterest": -315400000, "calculatedOtherIncome": 0, "calculatedIncomeNonControlling": -46200000, "calculatedEbitda": 2665600000}, {"date": "2014-05-25", "symbol": "GIS", "reportedCurrency": "USD", "cik": "0000040704", "fillingDate": "2014-07-03", "acceptedDate": "2014-07-03 15:00:07", "calendarYear": "2014", "period": "FY", "revenue": 17909600000, "costOfRevenue": 11539800000, "grossProfit": 6369800000, "grossProfitRatio": 0.3556640014, "researchAndDevelopmentExpenses": 243600000, "generalAndAdministrativeExpenses": 0, "sellingAndMarketingExpenses": 0, "sellingGeneralAndAdministrativeExpenses": 3474300000, "otherExpenses": 0, "operatingExpenses": 3474300000, "costAndExpenses": 15014100000, "interestIncome": 16100000, "interestExpense": 318500000, "depreciationAndAmortization": 585400000, "ebitda": 3419000000, "ebitdaratio": 0.1909032028, "operatingIncome": 2957400000, "operatingIncomeRatio": 0.1651293161, "totalOtherIncomeExpensesNet": 61900000, "incomeBeforeTax": 2655000000, "incomeBeforeTaxRatio": 0.1482445169, "incomeTaxExpense": 883300000, "netIncome": 1824400000, "netIncomeRatio": 0.101867155, "eps": 2.9, "epsdiluted": 2.83, "weightedAverageShsOut": 628600000, "weightedAverageShsOutDil": 645700000, "link": "https://www.sec.gov/Archives/edgar/data/40704/000119312514260716/0001193125-14-260716-index.htm", "finalLink": "https://www.sec.gov/Archives/edgar/data/40704/000119312514260716/d749341d10k.htm", "calculatedOtherExpenses": -305500000, "calculatedOperatingExpenses": 3412400000, "calculatedNetInterest": -302400000, "calculatedOtherIncome": 0, "calculatedIncomeNonControlling": -52700000, "calculatedEbitda": 3542800000}, {"date": "2013-05-26", "symbol": "GIS", "reportedCurrency": "USD", "cik": "0000040704", "fillingDate": "2013-07-03", "acceptedDate": "2013-07-03 13:18:48", "calendarYear": "2013", "period": "FY", "revenue": 17774100000, "costOfRevenue": 11350200000, "grossProfit": 6423900000, "grossProfitRatio": 0.3614191436, "researchAndDevelopmentExpenses": 237900000, "generalAndAdministrativeExpenses": 0, "sellingAndMarketingExpenses": 0, "sellingGeneralAndAdministrativeExpenses": 3552300000, "otherExpenses": 0, "operatingExpenses": 3552300000, "costAndExpenses": 14902500000, "interestIncome": 12600000, "interestExpense": 329500000, "depreciationAndAmortization": 588000000, "ebitda": 3479400000, "ebitdaratio": 0.1957567472, "operatingIncome": 2851800000, "operatingIncomeRatio": 0.1604469425, "totalOtherIncomeExpensesNet": -19800000, "incomeBeforeTax": 2534900000, "incomeBeforeTaxRatio": 0.142617629, "incomeTaxExpense": 741200000, "netIncome": 1855200000, "netIncomeRatio": 0.1043765929, "eps": 2.86, "epsdiluted": 2.79, "weightedAverageShsOut": 648600000, "weightedAverageShsOutDil": 665600000, "link": "https://www.sec.gov/Archives/edgar/data/40704/000119312513282371/0001193125-13-282371-index.htm", "finalLink": "https://www.sec.gov/Archives/edgar/data/40704/000119312513282371/d562041d10k.htm", "calculatedOtherExpenses": -218100000, "calculatedOperatingExpenses": 3572100000, "calculatedNetInterest": -316900000, "calculatedOtherIncome": 0, "calculatedIncomeNonControlling": -61500000, "calculatedEbitda": 3439800000}, {"date": "2012-05-27", "symbol": "GIS", "reportedCurrency": "USD", "cik": "0000040704", "fillingDate": "2012-07-03", "acceptedDate": "2012-07-03 15:26:19", "calendarYear": "2012", "period": "FY", "revenue": 16657900000, "costOfRevenue": 10613200000, "grossProfit": 6044700000, "grossProfitRatio": 0.3628728711, "researchAndDevelopmentExpenses": 245400000, "generalAndAdministrativeExpenses": 0, "sellingAndMarketingExpenses": 0, "sellingGeneralAndAdministrativeExpenses": 3380700000, "otherExpenses": 0, "operatingExpenses": 3380700000, "costAndExpenses": 13993900000, "interestIncome": 9900000, "interestExpense": 361800000, "depreciationAndAmortization": 541500000, "ebitda": 3215400000, "ebitdaratio": 0.1930255314, "operatingIncome": 2562400000, "operatingIncomeRatio": 0.1538249119, "totalOtherIncomeExpensesNet": -101600000, "incomeBeforeTax": 2210500000, "incomeBeforeTaxRatio": 0.1326998001, "incomeTaxExpense": 709600000, "netIncome": 1567300000, "netIncomeRatio": 0.09408749, "eps": 2.42, "epsdiluted": 2.35, "weightedAverageShsOut": 648100000, "weightedAverageShsOutDil": 666700000, "link": "https://www.sec.gov/Archives/edgar/data/40704/000119312512293636/0001193125-12-293636-index.htm", "finalLink": "https://www.sec.gov/Archives/edgar/data/40704/000119312512293636/d356836d10k.htm", "calculatedOtherExpenses": -143800000, "calculatedOperatingExpenses": 3482300000, "calculatedNetInterest": -351900000, "calculatedOtherIncome": 0, "calculatedIncomeNonControlling": -66400000, "calculatedEbitda": 3103900000}, {"date": "2011-05-29", "symbol": "GIS", "reportedCurrency": "USD", "cik": "0000040704", "fillingDate": "2011-07-08", "acceptedDate": "2011-07-08 14:40:01", "calendarYear": "2011", "period": "FY", "revenue": 14880200000, "costOfRevenue": 8926700000, "grossProfit": 5953500000, "grossProfitRatio": 0.4000954288, "researchAndDevelopmentExpenses": 235000000, "generalAndAdministrativeExpenses": 0, "sellingAndMarketingExpenses": 0, "sellingGeneralAndAdministrativeExpenses": 3192000000, "otherExpenses": 0, "operatingExpenses": 3174600000, "costAndExpenses": 12101300000, "interestIncome": 7400000, "interestExpense": 353700000, "depreciationAndAmortization": 472600000, "ebitda": 3255900000, "ebitdaratio": 0.2188075429, "operatingIncome": 2774500000, "operatingIncomeRatio": 0.1864558272, "totalOtherIncomeExpensesNet": -4400000, "incomeBeforeTax": 2428200000, "incomeBeforeTaxRatio": 0.1631832905, "incomeTaxExpense": -721100000, "netIncome": 1798300000, "netIncomeRatio": 0.1208518703, "eps": 2.8, "epsdiluted": 2.7, "weightedAverageShsOut": 642500000, "weightedAverageShsOutDil": 664400000, "link": "https://www.sec.gov/Archives/edgar/data/40704/000095012311064606/0000950123-11-064606-index.htm", "finalLink": "https://www.sec.gov/Archives/edgar/data/40704/000095012311064606/c65397e10vk.htm", "calculatedOtherExpenses": -248000000, "calculatedOperatingExpenses": 3179000000, "calculatedNetInterest": -346300000, "calculatedOtherIncome": 0, "calculatedIncomeNonControlling": 1351000000, "calculatedEbitda": 3247100000}, {"date": "2010-05-30", "symbol": "GIS", "reportedCurrency": "USD", "cik": "0000040704", "fillingDate": "2010-07-09", "acceptedDate": "2010-07-09 11:05:00", "calendarYear": "2010", "period": "FY", "revenue": 14796500000, "costOfRevenue": 8922900000, "grossProfit": 5873600000, "grossProfitRatio": 0.3969587402, "researchAndDevelopmentExpenses": 218300000, "generalAndAdministrativeExpenses": 0, "sellingAndMarketingExpenses": 0, "sellingGeneralAndAdministrativeExpenses": 3236100000, "otherExpenses": 0, "operatingExpenses": 3236100000, "costAndExpenses": 12159000000, "interestIncome": 6800000, "interestExpense": 408400000, "depreciationAndAmortization": 457100000, "ebitda": 3126000000, "ebitdaratio": 0.2112661778, "operatingIncome": 2606100000, "operatingIncomeRatio": 0.1761294901, "totalOtherIncomeExpensesNet": -31400000, "incomeBeforeTax": 2204500000, "incomeBeforeTaxRatio": 0.1489879363, "incomeTaxExpense": 771200000, "netIncome": 1530500000, "netIncomeRatio": 0.1034366235, "eps": 2.32, "epsdiluted": 2.24, "weightedAverageShsOut": 659600000, "weightedAverageShsOutDil": 683300000, "link": "https://www.sec.gov/Archives/edgar/data/40704/000095012310064517/0000950123-10-064517-index.htm", "finalLink": "https://www.sec.gov/Archives/edgar/data/40704/000095012310064517/c58945e10vk.htm", "calculatedOtherExpenses": -186900000, "calculatedOperatingExpenses": 3267500000, "calculatedNetInterest": -401600000, "calculatedOtherIncome": 0, "calculatedIncomeNonControlling": -97200000, "calculatedEbitda": 3063200000}, {"date": "2009-05-31", "symbol": "GIS", "reportedCurrency": "USD", "cik": "0000040704", "fillingDate": "2009-07-13", "acceptedDate": "2009-07-13 17:15:33", "calendarYear": "2009", "period": "FY", "revenue": 14691300000, "costOfRevenue": 9457800000, "grossProfit": 5233500000, "grossProfitRatio": 0.3562312389, "researchAndDevelopmentExpenses": 208200000, "generalAndAdministrativeExpenses": 0, "sellingAndMarketingExpenses": 0, "sellingGeneralAndAdministrativeExpenses": 2953900000, "otherExpenses": 0, "operatingExpenses": 2869000000, "costAndExpenses": 12326800000, "interestIncome": 0, "interestExpense": 390000000, "depreciationAndAmortization": 453600000, "ebitda": 2818100000, "ebitdaratio": 0.1918210097, "operatingIncome": 2322900000, "operatingIncomeRatio": 0.1581139858, "totalOtherIncomeExpensesNet": -41600000, "incomeBeforeTax": 1932900000, "incomeBeforeTaxRatio": 0.1315676625, "incomeTaxExpense": 720400000, "netIncome": 1304400000, "netIncomeRatio": 0.0887872414, "eps": 1.96, "epsdiluted": 1.9, "weightedAverageShsOut": 663700000, "weightedAverageShsOutDil": 687100000, "link": "https://www.sec.gov/Archives/edgar/data/40704/000095012309021887/0000950123-09-021887-index.htm", "finalLink": "https://www.sec.gov/Archives/edgar/data/40704/000095012309021887/c50391e10vk.htm", "calculatedOtherExpenses": -251500000, "calculatedOperatingExpenses": 2910600000, "calculatedNetInterest": -390000000, "calculatedOtherIncome": 0, "calculatedIncomeNonControlling": -91900000, "calculatedEbitda": 2776500000}, {"date": "2008-05-25", "symbol": "GIS", "reportedCurrency": "USD", "cik": "0000040704", "fillingDate": "2008-07-11", "acceptedDate": "2008-07-11 14:11:56", "calendarYear": "2008", "period": "FY", "revenue": 13652100000, "costOfRevenue": 8778300000, "grossProfit": 4873800000, "grossProfitRatio": 0.357000022, "researchAndDevelopmentExpenses": 0, "generalAndAdministrativeExpenses": 0, "sellingAndMarketingExpenses": 0, "sellingGeneralAndAdministrativeExpenses": 2625000000, "otherExpenses": 0, "operatingExpenses": 2625000000, "costAndExpenses": 11403300000, "interestIncome": 27300000, "interestExpense": 449000000, "depreciationAndAmortization": 459200000, "ebitda": 2735300000, "ebitdaratio": 0.2003574542, "operatingIncome": 2227800000, "operatingIncomeRatio": 0.163183686, "totalOtherIncomeExpensesNet": -21000000, "incomeBeforeTax": 1806100000, "incomeBeforeTaxRatio": 0.1322946653, "incomeTaxExpense": 622200000, "netIncome": 1294700000, "netIncomeRatio": 0.0948352268, "eps": 1.93, "epsdiluted": 1.86, "weightedAverageShsOut": 666000000, "weightedAverageShsOutDil": 693800000, "link": "https://www.sec.gov/Archives/edgar/data/40704/000095013708009268/0000950137-08-009268-index.htm", "finalLink": "https://www.sec.gov/Archives/edgar/data/40704/000095013708009268/c27353e10vk.htm", "calculatedOtherExpenses": 21000000, "calculatedOperatingExpenses": 2646000000, "calculatedNetInterest": -421700000, "calculatedOtherIncome": 0, "calculatedIncomeNonControlling": -110800000, "calculatedEbitda": 2687000000}, {"date": "2007-05-27", "symbol": "GIS", "reportedCurrency": "USD", "cik": "0000040704", "fillingDate": "2007-07-26", "acceptedDate": "2007-07-26 17:03:09", "calendarYear": "2007", "period": "FY", "revenue": 12442000000, "costOfRevenue": 7955000000, "grossProfit": 4487000000, "grossProfitRatio": 0.3606333387, "researchAndDevelopmentExpenses": 0, "generalAndAdministrativeExpenses": 0, "sellingAndMarketingExpenses": 0, "sellingGeneralAndAdministrativeExpenses": 2390000000, "otherExpenses": 0, "operatingExpenses": 2390000000, "costAndExpenses": 10345000000, "interestIncome": 31000000, "interestExpense": 458000000, "depreciationAndAmortization": 418000000, "ebitda": 2546000000, "ebitdaratio": 0.2046294808, "operatingIncome": 2058000000, "operatingIncomeRatio": 0.1654074908, "totalOtherIncomeExpensesNet": -39000000, "incomeBeforeTax": 1631000000, "incomeBeforeTaxRatio": 0.1310882495, "incomeTaxExpense": 560000000, "netIncome": 1144000000, "netIncomeRatio": 0.0919466324, "eps": 1.65, "epsdiluted": 1.59, "weightedAverageShsOut": 693000000, "weightedAverageShsOutDil": 720400000, "link": "https://www.sec.gov/Archives/edgar/data/40704/000089710107001522/0000897101-07-001522-index.htm", "finalLink": "https://www.sec.gov/Archives/edgar/data/40704/000089710107001522/gis072744s1_10k.htm", "calculatedOtherExpenses": 39000000, "calculatedOperatingExpenses": 2429000000, "calculatedNetInterest": -427000000, "calculatedOtherIncome": 0, "calculatedIncomeNonControlling": -73000000, "calculatedEbitda": 2476000000}, {"date": "2006-05-28", "symbol": "GIS", "reportedCurrency": "USD", "cik": "0000040704", "fillingDate": "2006-07-27", "acceptedDate": "2006-07-27 17:28:33", "calendarYear": "2006", "period": "FY", "revenue": 11640000000, "costOfRevenue": 6966000000, "grossProfit": 4674000000, "grossProfitRatio": 0.4015463918, "researchAndDevelopmentExpenses": 0, "generalAndAdministrativeExpenses": 0, "sellingAndMarketingExpenses": 0, "sellingGeneralAndAdministrativeExpenses": 2678000000, "otherExpenses": 0, "operatingExpenses": 2678000000, "costAndExpenses": 9644000000, "interestIncome": 0, "interestExpense": 0, "depreciationAndAmortization": 424000000, "ebitda": 2450000000, "ebitdaratio": 0.2104810997, "operatingIncome": 1966000000, "operatingIncomeRatio": 0.1689003436, "totalOtherIncomeExpensesNet": 34000000, "incomeBeforeTax": 1567000000, "incomeBeforeTaxRatio": 0.1346219931, "incomeTaxExpense": 541000000, "netIncome": 1090000000, "netIncomeRatio": 0.0936426117, "eps": 1.53, "epsdiluted": 1.45, "weightedAverageShsOut": 715400000, "weightedAverageShsOutDil": 757600000, "link": "https://www.sec.gov/Archives/edgar/data/40704/000089710106001513/0000897101-06-001513-index.htm", "finalLink": "https://www.sec.gov/Archives/edgar/data/40704/000089710106001513/gis062418s1_10k.htm", "calculatedOtherExpenses": 30000000, "calculatedOperatingExpenses": 2708000000, "calculatedNetInterest": 0, "calculatedOtherIncome": -399000000, "calculatedIncomeNonControlling": -64000000, "calculatedEbitda": 2390000000}, {"date": "2005-05-29", "symbol": "GIS", "reportedCurrency": "USD", "cik": "0000040704", "fillingDate": "2005-07-28", "acceptedDate": "2005-07-28 17:15:56", "calendarYear": "2005", "period": "FY", "revenue": 11244000000, "costOfRevenue": 6834000000, "grossProfit": 4410000000, "grossProfitRatio": 0.3922091782, "researchAndDevelopmentExpenses": 0, "generalAndAdministrativeExpenses": 0, "sellingAndMarketingExpenses": 0, "sellingGeneralAndAdministrativeExpenses": 2418000000, "otherExpenses": 0, "operatingExpenses": 2418000000, "costAndExpenses": 9252000000, "interestIncome": 0, "interestExpense": 0, "depreciationAndAmortization": 443000000, "ebitda": 2154000000, "ebitdaratio": 0.1915688367, "operatingIncome": 1908000000, "operatingIncomeRatio": 0.1696905016, "totalOtherIncomeExpensesNet": 370000000, "incomeBeforeTax": 1815000000, "incomeBeforeTaxRatio": 0.1614194237, "incomeTaxExpense": 664000000, "netIncome": 1240000000, "netIncomeRatio": 0.1102810388, "eps": 1.67, "epsdiluted": 1.54, "weightedAverageShsOut": 742000000, "weightedAverageShsOutDil": 818000000, "link": "https://www.sec.gov/Archives/edgar/data/40704/000089710105001694/0000897101-05-001694-index.htm", "finalLink": "https://www.sec.gov/Archives/edgar/data/40704/000089710105001694/gis052984s2_10k.htm", "calculatedOtherExpenses": 84000000, "calculatedOperatingExpenses": 2502000000, "calculatedNetInterest": 0, "calculatedOtherIncome": -93000000, "calculatedIncomeNonControlling": -89000000, "calculatedEbitda": 2351000000}, {"date": "2004-05-30", "symbol": "GIS", "reportedCurrency": "USD", "cik": "0000040704", "fillingDate": "2004-07-29", "acceptedDate": "2004-07-29 17:05:02", "calendarYear": "2004", "period": "FY", "revenue": 11070000000, "costOfRevenue": 6584000000, "grossProfit": 4486000000, "grossProfitRatio": 0.4052393857, "researchAndDevelopmentExpenses": 0, "generalAndAdministrativeExpenses": 0, "sellingAndMarketingExpenses": 0, "sellingGeneralAndAdministrativeExpenses": 2443000000, "otherExpenses": 0, "operatingExpenses": 2443000000, "costAndExpenses": 9027000000, "interestIncome": 0, "interestExpense": 0, "depreciationAndAmortization": 399000000, "ebitda": 2460000000, "ebitdaratio": 0.2222222222, "operatingIncome": 2017000000, "operatingIncomeRatio": 0.1822041554, "totalOtherIncomeExpensesNet": 56000000, "incomeBeforeTax": 1509000000, "incomeBeforeTaxRatio": 0.1363143631, "incomeTaxExpense": 528000000, "netIncome": 1055000000, "netIncomeRatio": 0.0953026197, "eps": 1.41, "epsdiluted": 1.3, "weightedAverageShsOut": 750000000, "weightedAverageShsOutDil": 826000000, "link": "https://www.sec.gov/Archives/edgar/data/40704/000089710104001455/0000897101-04-001455-index.htm", "finalLink": "https://www.sec.gov/Archives/edgar/data/40704/000089710104001455/gm041570s1_10k.htm", "calculatedOtherExpenses": 26000000, "calculatedOperatingExpenses": 2469000000, "calculatedNetInterest": 0, "calculatedOtherIncome": -508000000, "calculatedIncomeNonControlling": -74000000, "calculatedEbitda": 2416000000}, {"date": "2003-05-25", "symbol": "GIS", "reportedCurrency": "USD", "cik": "0000040704", "fillingDate": "2003-08-05", "acceptedDate": "2003-08-05 12:36:10", "calendarYear": "2003", "period": "FY", "revenue": 10506000000, "costOfRevenue": 6109000000, "grossProfit": 4397000000, "grossProfitRatio": 0.4185227489, "researchAndDevelopmentExpenses": 0, "generalAndAdministrativeExpenses": 0, "sellingAndMarketingExpenses": 0, "sellingGeneralAndAdministrativeExpenses": 2472000000, "otherExpenses": 0, "operatingExpenses": 2472000000, "costAndExpenses": 8581000000, "interestIncome": 0, "interestExpense": 0, "depreciationAndAmortization": 365000000, "ebitda": 2352000000, "ebitdaratio": 0.2238720731, "operatingIncome": 1863000000, "operatingIncomeRatio": 0.1773272416, "totalOtherIncomeExpensesNet": -1000000, "incomeBeforeTax": 1377000000, "incomeBeforeTaxRatio": 0.1310679612, "incomeTaxExpense": 460000000, "netIncome": 917000000, "netIncomeRatio": 0.0872834571, "eps": 1.25, "epsdiluted": 1.22, "weightedAverageShsOut": 738000000, "weightedAverageShsOutDil": 756000000, "link": "https://www.sec.gov/Archives/edgar/data/40704/000089710103000909/0000897101-03-000909-index.htm", "finalLink": "https://www.sec.gov/Archives/edgar/data/40704/000089710103000909/genmills033128_10-k.htm", "calculatedOtherExpenses": 62000000, "calculatedOperatingExpenses": 2534000000, "calculatedNetInterest": 0, "calculatedOtherIncome": -486000000, "calculatedIncomeNonControlling": 0, "calculatedEbitda": 2228000000}, {"date": "2002-05-26", "symbol": "GIS", "reportedCurrency": "USD", "cik": "0000040704", "fillingDate": "2002-08-14", "acceptedDate": "2002-08-14 10:48:12", "calendarYear": "2002", "period": "FY", "revenue": 7949000000, "costOfRevenue": 4767000000, "grossProfit": 3182000000, "grossProfitRatio": 0.4003019248, "researchAndDevelopmentExpenses": 0, "generalAndAdministrativeExpenses": 0, "sellingAndMarketingExpenses": 0, "sellingGeneralAndAdministrativeExpenses": 1909000000, "otherExpenses": 0, "operatingExpenses": 1909000000, "costAndExpenses": 6676000000, "interestIncome": 0, "interestExpense": 0, "depreciationAndAmortization": 296000000, "ebitda": 1759000000, "ebitdaratio": 0.2212856963, "operatingIncome": 1273000000, "operatingIncomeRatio": 0.1601459303, "totalOtherIncomeExpensesNet": -157000000, "incomeBeforeTax": 700000000, "incomeBeforeTaxRatio": 0.0880613914, "incomeTaxExpense": 239000000, "netIncome": 458000000, "netIncomeRatio": 0.0576173104, "eps": 0.69, "epsdiluted": 0.67, "weightedAverageShsOut": 662000000, "weightedAverageShsOutDil": 684000000, "link": "https://www.sec.gov/Archives/edgar/data/40704/000089710102000567/0000897101-02-000567-index.htm", "finalLink": "https://www.sec.gov/Archives/edgar/data/40704/000089710102000567/genmills023880_10k.txt", "calculatedOtherExpenses": 0, "calculatedOperatingExpenses": 1909000000, "calculatedNetInterest": 0, "calculatedOtherIncome": -573000000, "calculatedIncomeNonControlling": 3000000, "calculatedEbitda": 1569000000}, {"date": "2001-05-27", "symbol": "GIS", "reportedCurrency": "USD", "cik": "0000040704", "fillingDate": "2001-08-15", "acceptedDate": "2001-08-15 00:00:00", "calendarYear": "2001", "period": "FY", "revenue": 7077700000, "costOfRevenue": 2841200000, "grossProfit": 4236500000, "grossProfitRatio": 0.598570157, "researchAndDevelopmentExpenses": 0, "generalAndAdministrativeExpenses": 0, "sellingAndMarketingExpenses": 0, "sellingGeneralAndAdministrativeExpenses": 3067200000, "otherExpenses": 0, "operatingExpenses": 3067200000, "costAndExpenses": 5908400000, "interestIncome": 0, "interestExpense": 0, "depreciationAndAmortization": 223100000, "ebitda": 1340600000, "ebitdaratio": 0.1894118146, "operatingIncome": 1169300000, "operatingIncomeRatio": 0.1652090368, "totalOtherIncomeExpensesNet": 51800000, "incomeBeforeTax": 998300000, "incomeBeforeTaxRatio": 0.1410486457, "incomeTaxExpense": 349900000, "netIncome": 665100000, "netIncomeRatio": 0.0939712053, "eps": 1.17, "epsdiluted": 1.14, "weightedAverageShsOut": 568000000, "weightedAverageShsOutDil": 584000000, "link": "https://www.sec.gov/Archives/edgar/data/40704/000089710101500527/0000897101-01-500527-index.htm", "finalLink": "https://www.sec.gov/Archives/edgar/data/40704/000089710101500527/gm012987-10k.txt", "calculatedOtherExpenses": 0, "calculatedOperatingExpenses": 3067200000, "calculatedNetInterest": 0, "calculatedOtherIncome": -171000000, "calculatedIncomeNonControlling": -16700000, "calculatedEbitda": 1392400000}, {"date": "2000-05-28", "symbol": "GIS", "reportedCurrency": "USD", "cik": "0000040704", "fillingDate": "2000-08-18", "acceptedDate": "2000-08-18 00:00:00", "calendarYear": "2000", "period": "FY", "revenue": 6700200000, "costOfRevenue": 2488800000, "grossProfit": 4211400000, "grossProfitRatio": 0.6285484015, "researchAndDevelopmentExpenses": 0, "generalAndAdministrativeExpenses": 0, "sellingAndMarketingExpenses": 0, "sellingGeneralAndAdministrativeExpenses": 2903700000, "otherExpenses": 0, "operatingExpenses": 3112500000, "costAndExpenses": 5601300000, "interestIncome": 0, "interestExpense": 0, "depreciationAndAmortization": 208800000, "ebitda": 1304400000, "ebitdaratio": 0.1946807558, "operatingIncome": 1098900000, "operatingIncomeRatio": 0.1640100296, "totalOtherIncomeExpensesNet": 3300000, "incomeBeforeTax": 950300000, "incomeBeforeTaxRatio": 0.1418315871, "incomeTaxExpense": 335900000, "netIncome": 614400000, "netIncomeRatio": 0.0916987553, "eps": 1.02, "epsdiluted": 1, "weightedAverageShsOut": 598200000, "weightedAverageShsOutDil": 614600000, "link": "https://www.sec.gov/Archives/edgar/data/40704/000089710100000853/0000897101-00-000853-index.htm", "finalLink": "https://www.sec.gov/Archives/edgar/data/40704/000089710100000853/0000897101-00-000853-0001.txt", "calculatedOtherExpenses": 208800000, "calculatedOperatingExpenses": 3112500000, "calculatedNetInterest": 0, "calculatedOtherIncome": -148600000, "calculatedIncomeNonControlling": 0, "calculatedEbitda": 1307700000}, {"date": "1999-05-30", "symbol": "GIS", "reportedCurrency": "USD", "cik": "0000040704", "fillingDate": "1999-08-23", "acceptedDate": "1999-08-23 00:00:00", "calendarYear": "1999", "period": "FY", "revenue": 6246100000, "costOfRevenue": 2399300000, "grossProfit": 3846800000, "grossProfitRatio": 0.6158723043, "researchAndDevelopmentExpenses": 0, "generalAndAdministrativeExpenses": 0, "sellingAndMarketingExpenses": 0, "sellingGeneralAndAdministrativeExpenses": 2634900000, "otherExpenses": 0, "operatingExpenses": 2829100000, "costAndExpenses": 5228400000, "interestIncome": 0, "interestExpense": 0, "depreciationAndAmortization": 194200000, "ebitda": 1260200000, "ebitdaratio": 0.2017578969, "operatingIncome": 1017700000, "operatingIncomeRatio": 0.1629336706, "totalOtherIncomeExpensesNet": -48300000, "incomeBeforeTax": 838500000, "incomeBeforeTaxRatio": 0.1342437681, "incomeTaxExpense": 304000000, "netIncome": 534500000, "netIncomeRatio": 0.0855733978, "eps": 0.88, "epsdiluted": 0.85, "weightedAverageShsOut": 613000000, "weightedAverageShsOutDil": 629400000, "link": "https://www.sec.gov/Archives/edgar/data/40704/000004070499000025/0000040704-99-000025-index.html", "finalLink": "https://www.sec.gov/Archives/edgar/data/40704/000004070499000025/", "calculatedOtherExpenses": 194200000, "calculatedOperatingExpenses": 2829100000, "calculatedNetInterest": 0, "calculatedOtherIncome": -179200000, "calculatedIncomeNonControlling": 0, "calculatedEbitda": 1211900000}, {"date": "1998-05-31", "symbol": "GIS", "reportedCurrency": "USD", "cik": "0000040704", "fillingDate": "1998-08-21", "acceptedDate": "1998-08-21 00:00:00", "calendarYear": "1998", "period": "FY", "revenue": 6033000000, "costOfRevenue": 2389300000, "grossProfit": 3643700000, "grossProfitRatio": 0.6039615448, "researchAndDevelopmentExpenses": 0, "generalAndAdministrativeExpenses": 0, "sellingAndMarketingExpenses": 0, "sellingGeneralAndAdministrativeExpenses": 2498600000, "otherExpenses": 0, "operatingExpenses": 2693500000, "costAndExpenses": 5082800000, "interestIncome": 0, "interestExpense": 0, "depreciationAndAmortization": 194900000, "ebitda": 1302000000, "ebitdaratio": 0.2158130283, "operatingIncome": 950200000, "operatingIncomeRatio": 0.1575004144, "totalOtherIncomeExpensesNet": -156900000, "incomeBeforeTax": 663700000, "incomeBeforeTaxRatio": 0.1100116029, "incomeTaxExpense": 241900000, "netIncome": 421800000, "netIncomeRatio": 0.0699154649, "eps": 0.67, "epsdiluted": 0.65, "weightedAverageShsOut": 632400000, "weightedAverageShsOutDil": 649200000, "link": "https://www.sec.gov/Archives/edgar/data/40704/000004070498000034/0000040704-98-000034-index.html", "finalLink": "https://www.sec.gov/Archives/edgar/data/40704/", "calculatedOtherExpenses": 194900000, "calculatedOperatingExpenses": 2693500000, "calculatedNetInterest": 0, "calculatedOtherIncome": -286500000, "calculatedIncomeNonControlling": 0, "calculatedEbitda": 1145100000}, {"date": "1997-05-25", "symbol": "GIS", "reportedCurrency": "USD", "cik": "0000040704", "fillingDate": "1997-08-19", "acceptedDate": "1997-08-19 00:00:00", "calendarYear": "1997", "period": "FY", "revenue": 5609300000, "costOfRevenue": 2328400000, "grossProfit": 3280900000, "grossProfitRatio": 0.5849036422, "researchAndDevelopmentExpenses": 0, "generalAndAdministrativeExpenses": 0, "sellingAndMarketingExpenses": 0, "sellingGeneralAndAdministrativeExpenses": 2239200000, "otherExpenses": 0, "operatingExpenses": 2422000000, "costAndExpenses": 4750400000, "interestIncome": 0, "interestExpense": 0, "depreciationAndAmortization": 182800000, "ebitda": 1096400000, "ebitdaratio": 0.1954611092, "operatingIncome": 858900000, "operatingIncomeRatio": 0.1531207102, "totalOtherIncomeExpensesNet": -54700000, "incomeBeforeTax": 703700000, "incomeBeforeTaxRatio": 0.1254523737, "incomeTaxExpense": 258300000, "netIncome": 445400000, "netIncomeRatio": 0.0794038472, "eps": 0.71, "epsdiluted": 0.69, "weightedAverageShsOut": 631773050, "weightedAverageShsOutDil": 645507246, "link": "https://www.sec.gov/Archives/edgar/data/40704/000004070497000025/0000040704-97-000025-index.html", "finalLink": "https://www.sec.gov/Archives/edgar/data/40704/", "calculatedOtherExpenses": 182800000, "calculatedOperatingExpenses": 2422000000, "calculatedNetInterest": 0, "calculatedOtherIncome": -155200000, "calculatedIncomeNonControlling": 0, "calculatedEbitda": 1041700000}, {"date": "1996-05-26", "symbol": "GIS", "reportedCurrency": "USD", "cik": "0000040704", "fillingDate": "1996-08-23", "acceptedDate": "1996-08-23 00:00:00", "calendarYear": "1996", "period": "FY", "revenue": 5416000000, "costOfRevenue": 2241000000, "grossProfit": 3175000000, "grossProfitRatio": 0.586225997, "researchAndDevelopmentExpenses": 0, "generalAndAdministrativeExpenses": 0, "sellingAndMarketingExpenses": 0, "sellingGeneralAndAdministrativeExpenses": 2128300000, "otherExpenses": 0, "operatingExpenses": 2315000000, "costAndExpenses": 4556000000, "interestIncome": 0, "interestExpense": 0, "depreciationAndAmortization": 186700000, "ebitda": 1049500000, "ebitdaratio": 0.1937776957, "operatingIncome": 860000000, "operatingIncomeRatio": 0.158788774, "totalOtherIncomeExpensesNet": -2800000, "incomeBeforeTax": 755800000, "incomeBeforeTaxRatio": 0.139549483, "incomeTaxExpense": 279400000, "netIncome": 476400000, "netIncomeRatio": 0.0879615953, "eps": 0.75, "epsdiluted": 0.74, "weightedAverageShsOut": 635200000, "weightedAverageShsOutDil": 648163265, "link": "https://www.sec.gov/Archives/edgar/data/40704/000091205796018678/0000912057-96-018678-index.html", "finalLink": "https://www.sec.gov/Archives/edgar/data/40704/", "calculatedOtherExpenses": 186700000, "calculatedOperatingExpenses": 2315000000, "calculatedNetInterest": 0, "calculatedOtherIncome": -104200000, "calculatedIncomeNonControlling": 0, "calculatedEbitda": 1046700000}, {"date": "1995-05-28", "symbol": "GIS", "reportedCurrency": "USD", "cik": "0000040704", "fillingDate": "1995-08-16", "acceptedDate": "1995-08-16 00:00:00", "calendarYear": "1995", "period": "FY", "revenue": 5026700000, "costOfRevenue": 2023000000, "grossProfit": 3003700000, "grossProfitRatio": 0.5975490879, "researchAndDevelopmentExpenses": 0, "generalAndAdministrativeExpenses": 0, "sellingAndMarketingExpenses": 0, "sellingGeneralAndAdministrativeExpenses": 2123300000, "otherExpenses": 0, "operatingExpenses": 2314700000, "costAndExpenses": 4337700000, "interestIncome": 0, "interestExpense": 0, "depreciationAndAmortization": 191400000, "ebitda": 1063600000, "ebitdaratio": 0.2115901088, "operatingIncome": 689000000, "operatingIncomeRatio": 0.1370680566, "totalOtherIncomeExpensesNet": -183200000, "incomeBeforeTax": 404600000, "incomeBeforeTaxRatio": 0.0804901824, "incomeTaxExpense": 144900000, "netIncome": 367400000, "netIncomeRatio": 0.073089701, "eps": 0.59, "epsdiluted": 0.59, "weightedAverageShsOut": 628034188, "weightedAverageShsOutDil": 628034188, "link": "https://www.sec.gov/Archives/edgar/data/40704/000004070495000016/0000040704-95-000016-index.html", "finalLink": "https://www.sec.gov/Archives/edgar/data/40704/", "calculatedOtherExpenses": 191400000, "calculatedOperatingExpenses": 2314700000, "calculatedNetInterest": 0, "calculatedOtherIncome": -284400000, "calculatedIncomeNonControlling": -107700000, "calculatedEbitda": 880400000}, {"date": "1994-05-29", "symbol": "GIS", "reportedCurrency": "USD", "cik": "0000040704", "fillingDate": "1994-08-23", "acceptedDate": "1994-08-23 00:00:00", "calendarYear": "1994", "period": "FY", "revenue": 8516900000, "costOfRevenue": 4458200000, "grossProfit": 4058700000, "grossProfitRatio": 0.4765466308, "researchAndDevelopmentExpenses": 0, "generalAndAdministrativeExpenses": 0, "sellingAndMarketingExpenses": 0, "sellingGeneralAndAdministrativeExpenses": 2755500000, "otherExpenses": 0, "operatingExpenses": 3059300000, "costAndExpenses": 7517500000, "interestIncome": 0, "interestExpense": 0, "depreciationAndAmortization": 303800000, "ebitda": 1450100000, "ebitdaratio": 0.1702614801, "operatingIncome": 999400000, "operatingIncomeRatio": 0.1173431648, "totalOtherIncomeExpensesNet": -146900000, "incomeBeforeTax": 753300000, "incomeBeforeTaxRatio": 0.0884476746, "incomeTaxExpense": 283600000, "netIncome": 469900000, "netIncomeRatio": 0.0551726567, "eps": 0.74, "epsdiluted": 0.74, "weightedAverageShsOut": 635000000, "weightedAverageShsOutDil": 635000000, "link": "https://www.sec.gov/Archives/edgar/data/40704/000004070494000020/0000040704-94-000020-index.html", "finalLink": "https://www.sec.gov/Archives/edgar/data/40704/", "calculatedOtherExpenses": 303800000, "calculatedOperatingExpenses": 3059300000, "calculatedNetInterest": 0, "calculatedOtherIncome": -246100000, "calculatedIncomeNonControlling": -200000, "calculatedEbitda": 1303200000}, {"date": "1993-05-31", "symbol": "GIS", "reportedCurrency": "USD", "cik": "0000040704", "fillingDate": "1993-05-31", "acceptedDate": "1993-05-30 20:00:00", "calendarYear": "1993", "period": "FY", "revenue": 8134600000, "costOfRevenue": 4297600000, "grossProfit": 3837000000, "grossProfitRatio": 0.4716888353, "researchAndDevelopmentExpenses": 0, "generalAndAdministrativeExpenses": 0, "sellingAndMarketingExpenses": 0, "sellingGeneralAndAdministrativeExpenses": 2645200000, "otherExpenses": 0, "operatingExpenses": 2919400000, "costAndExpenses": 7217000000, "interestIncome": 0, "interestExpense": 0, "depreciationAndAmortization": 274200000, "ebitda": 1191800000, "ebitdaratio": 0.1465099698, "operatingIncome": 917600000, "operatingIncomeRatio": 0.1128021046, "totalOtherIncomeExpensesNet": -73600000, "incomeBeforeTax": 844000000, "incomeBeforeTaxRatio": 0.1037543333, "incomeTaxExpense": 337900000, "netIncome": 506100000, "netIncomeRatio": 0.0622157205, "eps": 0.78, "epsdiluted": 0.78, "weightedAverageShsOut": 653032258, "weightedAverageShsOutDil": 653032258, "link": null, "finalLink": null, "calculatedOtherExpenses": 274200000, "calculatedOperatingExpenses": 2919400000, "calculatedNetInterest": 0, "calculatedOtherIncome": -73600000, "calculatedIncomeNonControlling": 0, "calculatedEbitda": 1191800000}, {"date": "1992-05-31", "symbol": "GIS", "reportedCurrency": "USD", "cik": "0000040704", "fillingDate": "1992-05-31", "acceptedDate": "1992-05-30 20:00:00", "calendarYear": "1992", "period": "FY", "revenue": 7777800000, "costOfRevenue": 4123200000, "grossProfit": 3654600000, "grossProfitRatio": 0.4698758004, "researchAndDevelopmentExpenses": 0, "generalAndAdministrativeExpenses": 0, "sellingAndMarketingExpenses": 0, "sellingGeneralAndAdministrativeExpenses": 2504500000, "otherExpenses": 0, "operatingExpenses": 2751900000, "costAndExpenses": 6875100000, "interestIncome": 0, "interestExpense": 0, "depreciationAndAmortization": 247400000, "ebitda": 1150100000, "ebitdaratio": 0.1478695775, "operatingIncome": 902700000, "operatingIncomeRatio": 0.116061097, "totalOtherIncomeExpensesNet": -58200000, "incomeBeforeTax": 844500000, "incomeBeforeTaxRatio": 0.1085782612, "incomeTaxExpense": 338900000, "netIncome": 495600000, "netIncomeRatio": 0.0637198179, "eps": 0.75, "epsdiluted": 0.75, "weightedAverageShsOut": 660800000, "weightedAverageShsOutDil": 660800000, "link": null, "finalLink": null, "calculatedOtherExpenses": 247400000, "calculatedOperatingExpenses": 2751900000, "calculatedNetInterest": 0, "calculatedOtherIncome": -58200000, "calculatedIncomeNonControlling": 10000000, "calculatedEbitda": 1150100000}, {"date": "1991-05-31", "symbol": "GIS", "reportedCurrency": "USD", "cik": "0000040704", "fillingDate": "1991-05-31", "acceptedDate": "1991-05-30 20:00:00", "calendarYear": "1991", "period": "FY", "revenue": 7153200000, "costOfRevenue": 3722100000, "grossProfit": 3431100000, "grossProfitRatio": 0.4796594531, "researchAndDevelopmentExpenses": 0, "generalAndAdministrativeExpenses": 0, "sellingAndMarketingExpenses": 0, "sellingGeneralAndAdministrativeExpenses": 2386000000, "otherExpenses": 0, "operatingExpenses": 2604400000, "costAndExpenses": 6326500000, "interestIncome": 0, "interestExpense": 0, "depreciationAndAmortization": 218400000, "ebitda": 1045100000, "ebitdaratio": 0.1461024437, "operatingIncome": 826700000, "operatingIncomeRatio": 0.1155706537, "totalOtherIncomeExpensesNet": -61100000, "incomeBeforeTax": 765600000, "incomeBeforeTaxRatio": 0.107029022, "incomeTaxExpense": 301400000, "netIncome": 472700000, "netIncomeRatio": 0.0660823128, "eps": 0.72, "epsdiluted": 0.72, "weightedAverageShsOut": 656527778, "weightedAverageShsOutDil": 656527778, "link": null, "finalLink": null, "calculatedOtherExpenses": 218400000, "calculatedOperatingExpenses": 2604400000, "calculatedNetInterest": 0, "calculatedOtherIncome": -61100000, "calculatedIncomeNonControlling": -8500000, "calculatedEbitda": 1045100000}, {"date": "1990-05-31", "symbol": "GIS", "reportedCurrency": "USD", "cik": "0000040704", "fillingDate": "1990-05-31", "acceptedDate": "1990-05-30 20:00:00", "calendarYear": "1990", "period": "FY", "revenue": 6448300000, "costOfRevenue": 3485100000, "grossProfit": 2963200000, "grossProfitRatio": 0.4595319697, "researchAndDevelopmentExpenses": 0, "generalAndAdministrativeExpenses": 0, "sellingAndMarketingExpenses": 0, "sellingGeneralAndAdministrativeExpenses": 2138000000, "otherExpenses": 0, "operatingExpenses": 2318100000, "costAndExpenses": 5803200000, "interestIncome": 0, "interestExpense": 0, "depreciationAndAmortization": 180100000, "ebitda": 825200000, "ebitdaratio": 0.1279717135, "operatingIncome": 645100000, "operatingIncomeRatio": 0.1000418715, "totalOtherIncomeExpensesNet": -32400000, "incomeBeforeTax": 612700000, "incomeBeforeTaxRatio": 0.0950172914, "incomeTaxExpense": 239000000, "netIncome": 381400000, "netIncomeRatio": 0.0591473722, "eps": 0.59, "epsdiluted": 0.59, "weightedAverageShsOut": 651965812, "weightedAverageShsOutDil": 651965812, "link": null, "finalLink": null, "calculatedOtherExpenses": 180100000, "calculatedOperatingExpenses": 2318100000, "calculatedNetInterest": 0, "calculatedOtherIncome": -32400000, "calculatedIncomeNonControlling": -7700000, "calculatedEbitda": 825200000}, {"date": "1989-05-31", "symbol": "GIS", "reportedCurrency": "USD", "cik": "0000040704", "fillingDate": "1989-05-31", "acceptedDate": "1989-05-30 20:00:00", "calendarYear": "1989", "period": "FY", "revenue": 5620600000, "costOfRevenue": 3114800000, "grossProfit": 2505800000, "grossProfitRatio": 0.4458242892, "researchAndDevelopmentExpenses": 0, "generalAndAdministrativeExpenses": 0, "sellingAndMarketingExpenses": 0, "sellingGeneralAndAdministrativeExpenses": 1808500000, "otherExpenses": 0, "operatingExpenses": 1960800000, "costAndExpenses": 5075600000, "interestIncome": 0, "interestExpense": 0, "depreciationAndAmortization": 152300000, "ebitda": 697300000, "ebitdaratio": 0.1240614881, "operatingIncome": 545000000, "operatingIncomeRatio": 0.0969647369, "totalOtherIncomeExpensesNet": -27500000, "incomeBeforeTax": 517500000, "incomeBeforeTaxRatio": 0.0920720208, "incomeTaxExpense": 202200000, "netIncome": 484300000, "netIncomeRatio": 0.0861651781, "eps": 0.75, "epsdiluted": 0.75, "weightedAverageShsOut": 650067114, "weightedAverageShsOutDil": 650067114, "link": null, "finalLink": null, "calculatedOtherExpenses": 152300000, "calculatedOperatingExpenses": 1960800000, "calculatedNetInterest": 0, "calculatedOtherIncome": -27500000, "calculatedIncomeNonControlling": -169000000, "calculatedEbitda": 697300000}, {"date": "1988-05-31", "symbol": "GIS", "reportedCurrency": "USD", "cik": "0000040704", "fillingDate": "1988-05-31", "acceptedDate": "1988-05-30 20:00:00", "calendarYear": "1988", "period": "FY", "revenue": 5178800000, "costOfRevenue": 2847800000, "grossProfit": 2331000000, "grossProfitRatio": 0.4501042713, "researchAndDevelopmentExpenses": 0, "generalAndAdministrativeExpenses": 0, "sellingAndMarketingExpenses": 0, "sellingGeneralAndAdministrativeExpenses": 1710500000, "otherExpenses": 0, "operatingExpenses": 1850500000, "costAndExpenses": 4698300000, "interestIncome": 0, "interestExpense": 0, "depreciationAndAmortization": 140000000, "ebitda": 620500000, "ebitdaratio": 0.1198154013, "operatingIncome": 480500000, "operatingIncomeRatio": 0.0927821117, "totalOtherIncomeExpensesNet": -37700000, "incomeBeforeTax": 442800000, "incomeBeforeTaxRatio": 0.085502433, "incomeTaxExpense": 177400000, "netIncome": 283100000, "netIncomeRatio": 0.0546651734, "eps": 0.42, "epsdiluted": 0.42, "weightedAverageShsOut": 674047619, "weightedAverageShsOutDil": 674047619, "link": null, "finalLink": null, "calculatedOtherExpenses": 140000000, "calculatedOperatingExpenses": 1850500000, "calculatedNetInterest": 0, "calculatedOtherIncome": -37700000, "calculatedIncomeNonControlling": -17700000, "calculatedEbitda": 620500000}, {"date": "1987-05-31", "symbol": "GIS", "reportedCurrency": "USD", "cik": "0000040704", "fillingDate": "1987-05-31", "acceptedDate": "1987-05-30 20:00:00", "calendarYear": "1987", "period": "FY", "revenue": 5189300000, "costOfRevenue": 2834000000, "grossProfit": 2355300000, "grossProfitRatio": 0.4538762454, "researchAndDevelopmentExpenses": 0, "generalAndAdministrativeExpenses": 0, "sellingAndMarketingExpenses": 0, "sellingGeneralAndAdministrativeExpenses": 1756400000, "otherExpenses": 0, "operatingExpenses": 1888100000, "costAndExpenses": 4722100000, "interestIncome": 0, "interestExpense": 0, "depreciationAndAmortization": 131700000, "ebitda": 600000000, "ebitdaratio": 0.115622531, "operatingIncome": 467200000, "operatingIncomeRatio": 0.0900314108, "totalOtherIncomeExpensesNet": -1100000, "incomeBeforeTax": 433200000, "incomeBeforeTaxRatio": 0.0834794674, "incomeTaxExpense": 211200000, "netIncome": 222000000, "netIncomeRatio": 0.0427803365, "eps": 0.32, "epsdiluted": 0.32, "weightedAverageShsOut": 704761905, "weightedAverageShsOutDil": 704761905, "link": null, "finalLink": null, "calculatedOtherExpenses": 131700000, "calculatedOperatingExpenses": 1888100000, "calculatedNetInterest": 0, "calculatedOtherIncome": -34000000, "calculatedIncomeNonControlling": 0, "calculatedEbitda": 598900000}, {"date": "1986-05-31", "symbol": "GIS", "reportedCurrency": "USD", "cik": "0000040704", "fillingDate": "1986-05-31", "acceptedDate": "1986-05-30 20:00:00", "calendarYear": "1986", "period": "FY", "revenue": 4586600000, "costOfRevenue": 2563900000, "grossProfit": 2022700000, "grossProfitRatio": 0.4410020494, "researchAndDevelopmentExpenses": 0, "generalAndAdministrativeExpenses": 0, "sellingAndMarketingExpenses": 0, "sellingGeneralAndAdministrativeExpenses": 1545700000, "otherExpenses": 0, "operatingExpenses": 1658800000, "costAndExpenses": 4222700000, "interestIncome": 0, "interestExpense": 0, "depreciationAndAmortization": 113100000, "ebitda": 478500000, "ebitdaratio": 0.1043256443, "operatingIncome": 363900000, "operatingIncomeRatio": 0.079339816, "totalOtherIncomeExpensesNet": -1500000, "incomeBeforeTax": 323600000, "incomeBeforeTaxRatio": 0.0705533511, "incomeTaxExpense": 140100000, "netIncome": 183500000, "netIncomeRatio": 0.040007849, "eps": 0.26, "epsdiluted": 0.26, "weightedAverageShsOut": 705769231, "weightedAverageShsOutDil": 705769231, "link": null, "finalLink": null, "calculatedOtherExpenses": 113100000, "calculatedOperatingExpenses": 1658800000, "calculatedNetInterest": 0, "calculatedOtherIncome": -40300000, "calculatedIncomeNonControlling": 0, "calculatedEbitda": 477000000}, {"date": "1985-05-26", "symbol": "GIS", "reportedCurrency": "USD", "cik": "0000040704", "fillingDate": "1985-05-26", "acceptedDate": "1985-05-25 20:00:00", "calendarYear": "1985", "period": "FY", "revenue": 4285000000, "costOfRevenue": 2475000000, "grossProfit": 1810000000, "grossProfitRatio": 0.422403734, "researchAndDevelopmentExpenses": 0, "generalAndAdministrativeExpenses": 1368000000, "sellingAndMarketingExpenses": 0, "sellingGeneralAndAdministrativeExpenses": 1368000000, "otherExpenses": 186000000, "operatingExpenses": 1554000000, "costAndExpenses": 4029000000, "interestIncome": 0, "interestExpense": -60000000, "depreciationAndAmortization": 109000000, "ebitda": 57000000, "ebitdaratio": 0.013302217, "operatingIncome": 256000000, "operatingIncomeRatio": 0.0597432905, "totalOtherIncomeExpensesNet": -60000000, "incomeBeforeTax": 196000000, "incomeBeforeTaxRatio": 0.0457409568, "incomeTaxExpense": 81000000, "netIncome": -73000000, "netIncomeRatio": -0.0170361727, "eps": -0.1, "epsdiluted": -0.1, "weightedAverageShsOut": 715000000, "weightedAverageShsOutDil": 715000000, "link": "", "finalLink": "", "calculatedOtherExpenses": 186000000, "calculatedOperatingExpenses": 1554000000, "calculatedNetInterest": 60000000, "calculatedOtherIncome": -120000000, "calculatedIncomeNonControlling": 188000000, "calculatedEbitda": 365000000}, {"date": "1984-05-27", "symbol": "GIS", "reportedCurrency": "USD", "cik": "0000040704", "fillingDate": "1984-05-27", "acceptedDate": "1984-05-26 20:00:00", "calendarYear": "1984", "period": "FY", "revenue": 4118000000, "costOfRevenue": 2433000000, "grossProfit": 1685000000, "grossProfitRatio": 0.4091792132, "researchAndDevelopmentExpenses": 0, "generalAndAdministrativeExpenses": 1264000000, "sellingAndMarketingExpenses": 0, "sellingGeneralAndAdministrativeExpenses": 1264000000, "otherExpenses": 46000000, "operatingExpenses": 1310000000, "costAndExpenses": 3743000000, "interestIncome": 0, "interestExpense": -19000000, "depreciationAndAmortization": 99000000, "ebitda": 467000000, "ebitdaratio": 0.1134045653, "operatingIncome": 376000000, "operatingIncomeRatio": 0.0913064594, "totalOtherIncomeExpensesNet": -19000000, "incomeBeforeTax": 357000000, "incomeBeforeTaxRatio": 0.0866925692, "incomeTaxExpense": 154000000, "netIncome": 233000000, "netIncomeRatio": 0.0565808645, "eps": 0.31, "epsdiluted": 0.31, "weightedAverageShsOut": 750000000, "weightedAverageShsOutDil": 750000000, "link": "", "finalLink": "", "calculatedOtherExpenses": 45000000, "calculatedOperatingExpenses": 1309000000, "calculatedNetInterest": 19000000, "calculatedOtherIncome": -38000000, "calculatedIncomeNonControlling": -30000000, "calculatedEbitda": 475000000}]}