{"originalCurrency": "USD", "convertedCurrency": "USD", "report": [{"date": "2023-12-31", "symbol": "GKOS", "reportedCurrency": "USD", "cik": "0001192448", "fillingDate": "2024-02-23", "acceptedDate": "2024-02-23 17:23:59", "calendarYear": "2023", "period": "FY", "revenue": 314711000, "costOfRevenue": 75575000, "grossProfit": 239136000, "grossProfitRatio": 0.7598590453, "researchAndDevelopmentExpenses": 143768000, "generalAndAdministrativeExpenses": 220668000, "sellingAndMarketingExpenses": 3400000, "sellingGeneralAndAdministrativeExpenses": 224068000, "otherExpenses": -558000, "operatingExpenses": 367836000, "costAndExpenses": 443411000, "interestIncome": 9164000, "interestExpense": 13633000, "depreciationAndAmortization": 37978000, "ebitda": -82116000, "ebitdaratio": -0.2609251027, "operatingIncome": -128700000, "operatingIncomeRatio": -0.4089466209, "totalOtherIncomeExpensesNet": -558000, "incomeBeforeTax": -133727000, "incomeBeforeTaxRatio": -0.424920006, "incomeTaxExpense": 934000, "netIncome": -134661000, "netIncomeRatio": -0.4278878082, "eps": -2.78, "epsdiluted": -2.78, "weightedAverageShsOut": 48433000, "weightedAverageShsOutDil": 48433000, "link": "https://www.sec.gov/Archives/edgar/data/1192448/000155837024001630/0001558370-24-001630-index.htm", "finalLink": "https://www.sec.gov/Archives/edgar/data/1192448/000155837024001630/gkos-20231231x10k.htm", "calculatedOtherExpenses": 0, "calculatedOperatingExpenses": 367836000, "calculatedNetInterest": -4469000, "calculatedOtherIncome": -558000, "calculatedIncomeNonControlling": 0, "calculatedEbitda": -90722000}, {"date": "2022-12-31", "symbol": "GKOS", "reportedCurrency": "USD", "cik": "0001192448", "fillingDate": "2023-02-24", "acceptedDate": "2023-02-24 17:27:48", "calendarYear": "2022", "period": "FY", "revenue": 282862000, "costOfRevenue": 68979000, "grossProfit": 213883000, "grossProfitRatio": 0.756139036, "researchAndDevelopmentExpenses": 123271000, "generalAndAdministrativeExpenses": 190425000, "sellingAndMarketingExpenses": 2500000, "sellingGeneralAndAdministrativeExpenses": 192925000, "otherExpenses": -4771000, "operatingExpenses": 316196000, "costAndExpenses": 385175000, "interestIncome": 2375000, "interestExpense": 13720000, "depreciationAndAmortization": -2396000, "ebitda": -104709000, "ebitdaratio": -0.3701769768, "operatingIncome": -102313000, "operatingIncomeRatio": -0.3617064151, "totalOtherIncomeExpensesNet": 3884000, "incomeBeforeTax": -98429000, "incomeBeforeTaxRatio": -0.3479753378, "incomeTaxExpense": 766000, "netIncome": -99195000, "netIncomeRatio": -0.3506833721, "eps": -2.09, "epsdiluted": -2.09, "weightedAverageShsOut": 47444000, "weightedAverageShsOutDil": 47444000, "link": "https://www.sec.gov/Archives/edgar/data/1192448/000155837023002070/0001558370-23-002070-index.htm", "finalLink": "https://www.sec.gov/Archives/edgar/data/1192448/000155837023002070/gkos-20221231x10k.htm", "calculatedOtherExpenses": 0, "calculatedOperatingExpenses": 316196000, "calculatedNetInterest": -11345000, "calculatedOtherIncome": 15229000, "calculatedIncomeNonControlling": 0, "calculatedEbitda": -104709000}, {"date": "2021-12-31", "symbol": "GKOS", "reportedCurrency": "USD", "cik": "0001192448", "fillingDate": "2022-02-28", "acceptedDate": "2022-02-28 16:35:09", "calendarYear": "2021", "period": "FY", "revenue": 294011000, "costOfRevenue": 66627000, "grossProfit": 227384000, "grossProfitRatio": 0.7733860298, "researchAndDevelopmentExpenses": 110999000, "generalAndAdministrativeExpenses": 178057000, "sellingAndMarketingExpenses": 1200000, "sellingGeneralAndAdministrativeExpenses": 179257000, "otherExpenses": -4311000, "operatingExpenses": 290256000, "costAndExpenses": 356883000, "interestIncome": 1288000, "interestExpense": 13372000, "depreciationAndAmortization": -3023000, "ebitda": -65895000, "ebitdaratio": -0.2241242675, "operatingIncome": -62872000, "operatingIncomeRatio": -0.2138423392, "totalOtherIncomeExpensesNet": 13605000, "incomeBeforeTax": -49267000, "incomeBeforeTaxRatio": -0.1675685604, "incomeTaxExpense": 326000, "netIncome": -49593000, "netIncomeRatio": -0.1686773624, "eps": -1.07, "epsdiluted": -1.07, "weightedAverageShsOut": 46423000, "weightedAverageShsOutDil": 46423000, "link": "https://www.sec.gov/Archives/edgar/data/1192448/000155837022002371/0001558370-22-002371-index.htm", "finalLink": "https://www.sec.gov/Archives/edgar/data/1192448/000155837022002371/gkos-20211231x10k.htm", "calculatedOtherExpenses": 0, "calculatedOperatingExpenses": 290256000, "calculatedNetInterest": -12084000, "calculatedOtherIncome": 25689000, "calculatedIncomeNonControlling": 0, "calculatedEbitda": -65895000}, {"date": "2020-12-31", "symbol": "GKOS", "reportedCurrency": "USD", "cik": "0001192448", "fillingDate": "2021-03-01", "acceptedDate": "2021-03-01 06:14:50", "calendarYear": "2020", "period": "FY", "revenue": 224959000, "costOfRevenue": 91719000, "grossProfit": 133240000, "grossProfitRatio": 0.5922857054, "researchAndDevelopmentExpenses": 85392000, "generalAndAdministrativeExpenses": 169801000, "sellingAndMarketingExpenses": 1600000, "sellingGeneralAndAdministrativeExpenses": 171401000, "otherExpenses": 2975000, "operatingExpenses": 256793000, "costAndExpenses": 348512000, "interestIncome": 2379000, "interestExpense": 14115000, "depreciationAndAmortization": 5354000, "ebitda": -118199000, "ebitdaratio": -0.5254246329, "operatingIncome": -123553000, "operatingIncomeRatio": -0.5492245254, "totalOtherIncomeExpensesNet": -8761000, "incomeBeforeTax": -132314000, "incomeBeforeTaxRatio": -0.5881693998, "incomeTaxExpense": -11966000, "netIncome": -120348000, "netIncomeRatio": -0.5349774848, "eps": -2.7, "epsdiluted": -2.7, "weightedAverageShsOut": 44497000, "weightedAverageShsOutDil": 44497000, "link": "https://www.sec.gov/Archives/edgar/data/1192448/000155837021002061/0001558370-21-002061-index.htm", "finalLink": "https://www.sec.gov/Archives/edgar/data/1192448/000155837021002061/gkos-20201231x10k.htm", "calculatedOtherExpenses": 0, "calculatedOperatingExpenses": 256793000, "calculatedNetInterest": -11736000, "calculatedOtherIncome": 2975000, "calculatedIncomeNonControlling": 0, "calculatedEbitda": -118199000}, {"date": "2019-12-31", "symbol": "GKOS", "reportedCurrency": "USD", "cik": "0001192448", "fillingDate": "2020-03-02", "acceptedDate": "2020-03-02 14:18:58", "calendarYear": "2019", "period": "FY", "revenue": 236984000, "costOfRevenue": 38588000, "grossProfit": 198396000, "grossProfitRatio": 0.8371704419, "researchAndDevelopmentExpenses": 72053000, "generalAndAdministrativeExpenses": 174135000, "sellingAndMarketingExpenses": 2500000, "sellingGeneralAndAdministrativeExpenses": 176635000, "otherExpenses": -348000, "operatingExpenses": 248688000, "costAndExpenses": 287276000, "interestIncome": 3169000, "interestExpense": 2565000, "depreciationAndAmortization": 2821000, "ebitda": -47471000, "ebitdaratio": -0.2003131013, "operatingIncome": -50292000, "operatingIncomeRatio": -0.2122168585, "totalOtherIncomeExpensesNet": 256000, "incomeBeforeTax": -50036000, "incomeBeforeTaxRatio": -0.2111366168, "incomeTaxExpense": -65460000, "netIncome": 15424000, "netIncomeRatio": 0.0650845627, "eps": 0.41, "epsdiluted": 0.37, "weightedAverageShsOut": 37355000, "weightedAverageShsOutDil": 41145000, "link": "https://www.sec.gov/Archives/edgar/data/1192448/000155837020001862/0001558370-20-001862-index.htm", "finalLink": "https://www.sec.gov/Archives/edgar/data/1192448/000155837020001862/gkos-20191231x10k48f45f.htm", "calculatedOtherExpenses": 0, "calculatedOperatingExpenses": 248688000, "calculatedNetInterest": 604000, "calculatedOtherIncome": -348000, "calculatedIncomeNonControlling": 0, "calculatedEbitda": -47471000}, {"date": "2018-12-31", "symbol": "GKOS", "reportedCurrency": "USD", "cik": "0001192448", "fillingDate": "2019-02-28", "acceptedDate": "2019-02-27 19:44:11", "calendarYear": "2018", "period": "FY", "revenue": 181278000, "costOfRevenue": 25075000, "grossProfit": 156203000, "grossProfitRatio": 0.861676541, "researchAndDevelopmentExpenses": 49676000, "generalAndAdministrativeExpenses": 119529000, "sellingAndMarketingExpenses": 0, "sellingGeneralAndAdministrativeExpenses": 119529000, "otherExpenses": -1618000, "operatingExpenses": 169205000, "costAndExpenses": 194280000, "interestIncome": 2252000, "interestExpense": 0, "depreciationAndAmortization": 6264000, "ebitda": -13002000, "ebitdaratio": -0.0717240923, "operatingIncome": -13002000, "operatingIncomeRatio": -0.0717240923, "totalOtherIncomeExpensesNet": -1618000, "incomeBeforeTax": -12368000, "incomeBeforeTaxRatio": -0.0682267015, "incomeTaxExpense": 583000, "netIncome": -12951000, "netIncomeRatio": -0.0714427564, "eps": -0.37, "epsdiluted": -0.37, "weightedAverageShsOut": 35002702, "weightedAverageShsOutDil": 35317000, "link": "https://www.sec.gov/Archives/edgar/data/1192448/000155837019001235/0001558370-19-001235-index.htm", "finalLink": "https://www.sec.gov/Archives/edgar/data/1192448/000155837019001235/gkos-20181231x10k.htm", "calculatedOtherExpenses": 0, "calculatedOperatingExpenses": 169205000, "calculatedNetInterest": 2252000, "calculatedOtherIncome": -1618000, "calculatedIncomeNonControlling": 0, "calculatedEbitda": -6738000}, {"date": "2017-12-31", "symbol": "GKOS", "reportedCurrency": "USD", "cik": "0001192448", "fillingDate": "2018-02-28", "acceptedDate": "2018-02-28 17:14:16", "calendarYear": "2017", "period": "FY", "revenue": 159254000, "costOfRevenue": 21050000, "grossProfit": 138204000, "grossProfitRatio": 0.8678212164, "researchAndDevelopmentExpenses": 44225000, "generalAndAdministrativeExpenses": 96260000, "sellingAndMarketingExpenses": 0, "sellingGeneralAndAdministrativeExpenses": 96260000, "otherExpenses": 0, "operatingExpenses": 140485000, "costAndExpenses": 161535000, "interestIncome": 2326000, "interestExpense": 44000, "depreciationAndAmortization": 5482000, "ebitda": 45000, "ebitdaratio": 0.0002825675, "operatingIncome": -2281000, "operatingIncomeRatio": -0.0143230311, "totalOtherIncomeExpensesNet": -5320000, "incomeBeforeTax": 1000, "incomeBeforeTaxRatio": 6.2793e-06, "incomeTaxExpense": 93000, "netIncome": -92000, "netIncomeRatio": -0.0005776935, "eps": -0.0027, "epsdiluted": -0.0027, "weightedAverageShsOut": 34381000, "weightedAverageShsOutDil": 34381000, "link": "https://www.sec.gov/Archives/edgar/data/1192448/000155837018001301/0001558370-18-001301-index.htm", "finalLink": "https://www.sec.gov/Archives/edgar/data/1192448/000155837018001301/gkos-20171231x10k.htm", "calculatedOtherExpenses": 0, "calculatedOperatingExpenses": 140485000, "calculatedNetInterest": 2282000, "calculatedOtherIncome": 0, "calculatedIncomeNonControlling": 0, "calculatedEbitda": 3201000}, {"date": "2016-12-31", "symbol": "GKOS", "reportedCurrency": "USD", "cik": "0001192448", "fillingDate": "2017-03-15", "acceptedDate": "2017-03-15 16:06:33", "calendarYear": "2016", "period": "FY", "revenue": 114397000, "costOfRevenue": 16177000, "grossProfit": 98220000, "grossProfitRatio": 0.858588949, "researchAndDevelopmentExpenses": 29223000, "generalAndAdministrativeExpenses": 64756000, "sellingAndMarketingExpenses": 0, "sellingGeneralAndAdministrativeExpenses": 64756000, "otherExpenses": 0, "operatingExpenses": 93979000, "costAndExpenses": 110156000, "interestIncome": 889000, "interestExpense": 608000, "depreciationAndAmortization": 4722000, "ebitda": 5130000, "ebitdaratio": 0.0448438333, "operatingIncome": 4241000, "operatingIncomeRatio": 0.0370726505, "totalOtherIncomeExpensesNet": 43000, "incomeBeforeTax": 4565000, "incomeBeforeTaxRatio": 0.0399048926, "incomeTaxExpense": 43000, "netIncome": 4522000, "netIncomeRatio": 0.0395290086, "eps": 0.14, "epsdiluted": 0.12, "weightedAverageShsOut": 32928000, "weightedAverageShsOutDil": 36459000, "link": "https://www.sec.gov/Archives/edgar/data/1192448/000155837017001833/0001558370-17-001833-index.htm", "finalLink": "https://www.sec.gov/Archives/edgar/data/1192448/000155837017001833/gkos-20161231x10k.htm", "calculatedOtherExpenses": 0, "calculatedOperatingExpenses": 93979000, "calculatedNetInterest": 281000, "calculatedOtherIncome": 43000, "calculatedIncomeNonControlling": 0, "calculatedEbitda": 8963000}, {"date": "2015-12-31", "symbol": "GKOS", "reportedCurrency": "USD", "cik": "0001192448", "fillingDate": "2016-03-15", "acceptedDate": "2016-03-14 18:17:49", "calendarYear": "2015", "period": "FY", "revenue": 71700000, "costOfRevenue": 12988000, "grossProfit": 58712000, "grossProfitRatio": 0.8188563459, "researchAndDevelopmentExpenses": 25047000, "generalAndAdministrativeExpenses": 43961000, "sellingAndMarketingExpenses": 0, "sellingGeneralAndAdministrativeExpenses": 43961000, "otherExpenses": 0, "operatingExpenses": 69008000, "costAndExpenses": 81996000, "interestIncome": 82000, "interestExpense": 1062000, "depreciationAndAmortization": 4267000, "ebitda": -10214000, "ebitdaratio": -0.1424546722, "operatingIncome": -10296000, "operatingIncomeRatio": -0.1435983264, "totalOtherIncomeExpensesNet": -27012000, "incomeBeforeTax": -38288000, "incomeBeforeTaxRatio": -0.5340027894, "incomeTaxExpense": 33000, "netIncome": -37241000, "netIncomeRatio": -0.5194002789, "eps": -2.13, "epsdiluted": -2.13, "weightedAverageShsOut": 17474000, "weightedAverageShsOutDil": 17474000, "link": "https://www.sec.gov/Archives/edgar/data/1192448/000155837016004119/0001558370-16-004119-index.htm", "finalLink": "https://www.sec.gov/Archives/edgar/data/1192448/000155837016004119/gkos-20151231x10k.htm", "calculatedOtherExpenses": 0, "calculatedOperatingExpenses": 69008000, "calculatedNetInterest": -980000, "calculatedOtherIncome": -27012000, "calculatedIncomeNonControlling": -1080000, "calculatedEbitda": -6029000}, {"date": "2014-12-31", "symbol": "GKOS", "reportedCurrency": "USD", "cik": "0001192448", "fillingDate": "2014-12-31", "acceptedDate": "2014-12-30 19:00:00", "calendarYear": "2014", "period": "FY", "revenue": 45587000, "costOfRevenue": 11418000, "grossProfit": 34169000, "grossProfitRatio": 0.7495338583, "researchAndDevelopmentExpenses": 19205000, "generalAndAdministrativeExpenses": 0, "sellingAndMarketingExpenses": 0, "sellingGeneralAndAdministrativeExpenses": 28135000, "otherExpenses": 28135000, "operatingExpenses": 47340000, "costAndExpenses": 58758000, "interestIncome": 3000, "interestExpense": 876000, "depreciationAndAmortization": 4231000, "ebitda": -8937000, "ebitdaratio": -0.1960427315, "operatingIncome": -13171000, "operatingIncomeRatio": -0.2889200869, "totalOtherIncomeExpensesNet": 5000, "incomeBeforeTax": -14039000, "incomeBeforeTaxRatio": -0.3079606028, "incomeTaxExpense": 18000, "netIncome": -12126000, "netIncomeRatio": -0.2659968851, "eps": -0.49, "epsdiluted": -0.49, "weightedAverageShsOut": 24885000, "weightedAverageShsOutDil": 24885000, "link": "", "finalLink": "", "calculatedOtherExpenses": 0, "calculatedOperatingExpenses": 47340000, "calculatedNetInterest": -873000, "calculatedOtherIncome": 5000, "calculatedIncomeNonControlling": -1931000, "calculatedEbitda": -8940000}, {"date": "2013-12-31", "symbol": "GKOS", "reportedCurrency": "USD", "cik": "0001192448", "fillingDate": "2013-12-31", "acceptedDate": "2013-12-30 19:00:00", "calendarYear": "2013", "period": "FY", "revenue": 20946000, "costOfRevenue": 2535000, "grossProfit": 18411000, "grossProfitRatio": 0.8789745059, "researchAndDevelopmentExpenses": 15511000, "generalAndAdministrativeExpenses": 0, "sellingAndMarketingExpenses": 0, "sellingGeneralAndAdministrativeExpenses": 17098000, "otherExpenses": 17098000, "operatingExpenses": 32609000, "costAndExpenses": 35144000, "interestIncome": 13000, "interestExpense": 307000, "depreciationAndAmortization": 1157000, "ebitda": -13028000, "ebitdaratio": -0.6219803304, "operatingIncome": -14198000, "operatingIncomeRatio": -0.6778382507, "totalOtherIncomeExpensesNet": 271000, "incomeBeforeTax": -14221000, "incomeBeforeTaxRatio": -0.6789363124, "incomeTaxExpense": 6000, "netIncome": -12639000, "netIncomeRatio": -0.6034087654, "eps": -0.51, "epsdiluted": -0.51, "weightedAverageShsOut": 24885000, "weightedAverageShsOutDil": 24885000, "link": "", "finalLink": "", "calculatedOtherExpenses": 0, "calculatedOperatingExpenses": 32609000, "calculatedNetInterest": -294000, "calculatedOtherIncome": 271000, "calculatedIncomeNonControlling": -1588000, "calculatedEbitda": -13041000}]}