{"originalCurrency": "USD", "convertedCurrency": "USD", "report": [{"date": "2023-12-31", "symbol": "GL", "reportedCurrency": "USD", "cik": "0000320335", "fillingDate": "2024-02-28", "acceptedDate": "2024-02-28 17:17:26", "calendarYear": "2023", "period": "FY", "revenue": 5447533000, "costOfRevenue": 347833000, "grossProfit": 5099700000, "grossProfitRatio": 0.9361485282, "researchAndDevelopmentExpenses": 0, "generalAndAdministrativeExpenses": 331897000, "sellingAndMarketingExpenses": 19200000, "sellingGeneralAndAdministrativeExpenses": 331897000, "otherExpenses": -707128000, "operatingExpenses": 707128000, "costAndExpenses": -4130546000, "interestIncome": 0, "interestExpense": 102316000, "depreciationAndAmortization": 21000000, "ebitda": -103216000, "ebitdaratio": -0.0189472923, "operatingIncome": 1297482000, "operatingIncomeRatio": 0.2381779055, "totalOtherIncomeExpensesNet": 1194266000, "incomeBeforeTax": 1194266000, "incomeBeforeTaxRatio": 0.2192306132, "incomeTaxExpense": 223511000, "netIncome": 970755000, "netIncomeRatio": 0.178200848, "eps": 10.21, "epsdiluted": 10.07, "weightedAverageShsOut": 95098474, "weightedAverageShsOutDil": 96363841, "link": "https://www.sec.gov/Archives/edgar/data/320335/000032033524000006/0000320335-24-000006-index.htm", "finalLink": "https://www.sec.gov/Archives/edgar/data/320335/000032033524000006/gl-20231231.htm", "calculatedOtherExpenses": 3470321000, "calculatedOperatingExpenses": 3802218000, "calculatedNetInterest": -102316000, "calculatedOtherIncome": -900000, "calculatedIncomeNonControlling": 0, "calculatedEbitda": 1318482000}, {"date": "2022-12-31", "symbol": "GL", "reportedCurrency": "USD", "cik": "0000320335", "fillingDate": "2023-02-23", "acceptedDate": "2023-02-23 16:57:58", "calendarYear": "2022", "period": "FY", "revenue": 5214906000, "costOfRevenue": 353954000, "grossProfit": 4860952000, "grossProfitRatio": 0.9321264851, "researchAndDevelopmentExpenses": 0, "generalAndAdministrativeExpenses": 334991000, "sellingAndMarketingExpenses": 9400000, "sellingGeneralAndAdministrativeExpenses": 334991000, "otherExpenses": -4199237000, "operatingExpenses": -3864246000, "costAndExpenses": 4308595000, "interestIncome": 90395000, "interestExpense": 90395000, "depreciationAndAmortization": 21000000, "ebitda": 996706000, "ebitdaratio": 0.1911263597, "operatingIncome": 996706000, "operatingIncomeRatio": 0.1911263597, "totalOtherIncomeExpensesNet": -90395000, "incomeBeforeTax": 906311000, "incomeBeforeTaxRatio": 0.1737923943, "incomeTaxExpense": 166607000, "netIncome": 894386000, "netIncomeRatio": 0.1715056801, "eps": 7.55, "epsdiluted": 7.47, "weightedAverageShsOut": 97927770, "weightedAverageShsOutDil": 98984644, "link": "https://www.sec.gov/Archives/edgar/data/320335/000032033523000008/0000320335-23-000008-index.htm", "finalLink": "https://www.sec.gov/Archives/edgar/data/320335/000032033523000008/gl-20221231.htm", "calculatedOtherExpenses": 3529255000, "calculatedOperatingExpenses": 3864246000, "calculatedNetInterest": 0, "calculatedOtherIncome": -90395000, "calculatedIncomeNonControlling": -154682000, "calculatedEbitda": 1017706000}, {"date": "2021-12-31", "symbol": "GL", "reportedCurrency": "USD", "cik": "0000320335", "fillingDate": "2022-02-24", "acceptedDate": "2022-02-24 15:56:49", "calendarYear": "2021", "period": "FY", "revenue": 5112869000, "costOfRevenue": 322029000, "grossProfit": 4790840000, "grossProfitRatio": 0.9370159885, "researchAndDevelopmentExpenses": 0, "generalAndAdministrativeExpenses": 301903000, "sellingAndMarketingExpenses": 10000000, "sellingGeneralAndAdministrativeExpenses": 301903000, "otherExpenses": -4503598000, "operatingExpenses": -4201695000, "costAndExpenses": 4200479000, "interestIncome": 83486000, "interestExpense": 83486000, "depreciationAndAmortization": 20000000, "ebitda": 911174000, "ebitdaratio": 0.1782118806, "operatingIncome": 911174000, "operatingIncomeRatio": 0.1782118806, "totalOtherIncomeExpensesNet": 1216000, "incomeBeforeTax": 912390000, "incomeBeforeTaxRatio": 0.1784497119, "incomeTaxExpense": 167431000, "netIncome": 744959000, "netIncomeRatio": 0.1457027356, "eps": 7.3, "epsdiluted": 7.22, "weightedAverageShsOut": 102069781, "weightedAverageShsOutDil": 103170132, "link": "https://www.sec.gov/Archives/edgar/data/320335/000032033522000006/0000320335-22-000006-index.htm", "finalLink": "https://www.sec.gov/Archives/edgar/data/320335/000032033522000006/gl-20211231.htm", "calculatedOtherExpenses": 3577763000, "calculatedOperatingExpenses": 3879666000, "calculatedNetInterest": 0, "calculatedOtherIncome": 1216000, "calculatedIncomeNonControlling": 0, "calculatedEbitda": 931174000}, {"date": "2020-12-31", "symbol": "GL", "reportedCurrency": "USD", "cik": "0000320335", "fillingDate": "2021-02-25", "acceptedDate": "2021-02-25 16:45:08", "calendarYear": "2020", "period": "FY", "revenue": 4737921000, "costOfRevenue": 301038000, "grossProfit": 4436883000, "grossProfitRatio": 0.9364620052, "researchAndDevelopmentExpenses": 0, "generalAndAdministrativeExpenses": 286839000, "sellingAndMarketingExpenses": 9800000, "sellingGeneralAndAdministrativeExpenses": 286839000, "otherExpenses": -4129401000, "operatingExpenses": -3842562000, "costAndExpenses": 3841237000, "interestIncome": 86704000, "interestExpense": 86704000, "depreciationAndAmortization": 17000000, "ebitda": 895359000, "ebitdaratio": 0.1889771906, "operatingIncome": 895359000, "operatingIncomeRatio": 0.1889771906, "totalOtherIncomeExpensesNet": 1325000, "incomeBeforeTax": 896684000, "incomeBeforeTaxRatio": 0.1892568492, "incomeTaxExpense": 164911000, "netIncome": 731773000, "netIncomeRatio": 0.1544502325, "eps": 6.9, "epsdiluted": 6.82, "weightedAverageShsOut": 106075267, "weightedAverageShsOutDil": 107224594, "link": "https://www.sec.gov/Archives/edgar/data/320335/000032033521000010/0000320335-21-000010-index.htm", "finalLink": "https://www.sec.gov/Archives/edgar/data/320335/000032033521000010/gl-20201231.htm", "calculatedOtherExpenses": 3254685000, "calculatedOperatingExpenses": 3541524000, "calculatedNetInterest": 0, "calculatedOtherIncome": 1325000, "calculatedIncomeNonControlling": 0, "calculatedEbitda": 912359000}, {"date": "2019-12-31", "symbol": "GL", "reportedCurrency": "USD", "cik": "0000320335", "fillingDate": "2020-02-27", "acceptedDate": "2020-02-27 16:12:53", "calendarYear": "2019", "period": "FY", "revenue": 4527532000, "costOfRevenue": 304825000, "grossProfit": 4222707000, "grossProfitRatio": 0.9326730325, "researchAndDevelopmentExpenses": 0, "generalAndAdministrativeExpenses": 304825000, "sellingAndMarketingExpenses": 9500000, "sellingGeneralAndAdministrativeExpenses": 304825000, "otherExpenses": -3902488000, "operatingExpenses": -3597663000, "costAndExpenses": 3596253000, "interestIncome": 84306000, "interestExpense": 84306000, "depreciationAndAmortization": 16000000, "ebitda": 929869000, "ebitdaratio": 0.205380989, "operatingIncome": 929869000, "operatingIncomeRatio": 0.205380989, "totalOtherIncomeExpensesNet": 1410000, "incomeBeforeTax": 931279000, "incomeBeforeTaxRatio": 0.205692417, "incomeTaxExpense": 170397000, "netIncome": 760790000, "netIncomeRatio": 0.1680363606, "eps": 6.97, "epsdiluted": 6.83, "weightedAverageShsOut": 109152080, "weightedAverageShsOutDil": 111381000, "link": "https://www.sec.gov/Archives/edgar/data/320335/000032033520000008/0000320335-20-000008-index.htm", "finalLink": "https://www.sec.gov/Archives/edgar/data/320335/000032033520000008/gl-20191231.htm", "calculatedOtherExpenses": 2988013000, "calculatedOperatingExpenses": 3292838000, "calculatedNetInterest": 0, "calculatedOtherIncome": 1410000, "calculatedIncomeNonControlling": 92000, "calculatedEbitda": 945869000}, {"date": "2018-12-31", "symbol": "GL", "reportedCurrency": "USD", "cik": "0000320335", "fillingDate": "2019-03-01", "acceptedDate": "2019-02-28 18:04:51", "calendarYear": "2018", "period": "FY", "revenue": 4304000000, "costOfRevenue": 279585000, "grossProfit": 4024415000, "grossProfitRatio": 0.9350406599, "researchAndDevelopmentExpenses": 0, "generalAndAdministrativeExpenses": 280000000, "sellingAndMarketingExpenses": 29286000, "sellingGeneralAndAdministrativeExpenses": 280000000, "otherExpenses": 3082677000, "operatingExpenses": 3350000000, "costAndExpenses": 3440000000, "interestIncome": 0, "interestExpense": 90000000, "depreciationAndAmortization": 13000000, "ebitda": 953703000, "ebitdaratio": 0.2215852695, "operatingIncome": 953703000, "operatingIncomeRatio": 0.2215852695, "totalOtherIncomeExpensesNet": 1000000, "incomeBeforeTax": 864000000, "incomeBeforeTaxRatio": 0.2007434944, "incomeTaxExpense": 162000000, "netIncome": 701000000, "netIncomeRatio": 0.1628717472, "eps": 6.22, "epsdiluted": 6.08, "weightedAverageShsOut": 112700965, "weightedAverageShsOutDil": 115249000, "link": "https://www.sec.gov/Archives/edgar/data/320335/000032033519000006/0000320335-19-000006-index.htm", "finalLink": "https://www.sec.gov/Archives/edgar/data/320335/000032033519000006/tmk201810-kdocumentxq42018.htm", "calculatedOtherExpenses": 2790712000, "calculatedOperatingExpenses": 3070712000, "calculatedNetInterest": -90000000, "calculatedOtherIncome": 297000, "calculatedIncomeNonControlling": 1000000, "calculatedEbitda": 966703000}, {"date": "2017-12-31", "symbol": "GL", "reportedCurrency": "USD", "cik": "0000320335", "fillingDate": "2018-02-27", "acceptedDate": "2018-02-27 17:01:35", "calendarYear": "2017", "period": "FY", "revenue": 4156000000, "costOfRevenue": 257255000, "grossProfit": 3898745000, "grossProfitRatio": 0.9381003369, "researchAndDevelopmentExpenses": 0, "generalAndAdministrativeExpenses": 257000000, "sellingAndMarketingExpenses": 9300000, "sellingGeneralAndAdministrativeExpenses": 257000000, "otherExpenses": 2992376000, "operatingExpenses": 3240000000, "costAndExpenses": 3325000000, "interestIncome": 0, "interestExpense": 85000000, "depreciationAndAmortization": -546852000, "ebitda": 911411000, "ebitdaratio": 0.2193000481, "operatingIncome": 1458263000, "operatingIncomeRatio": 0.3508813763, "totalOtherIncomeExpensesNet": 1000000, "incomeBeforeTax": 831000000, "incomeBeforeTaxRatio": 0.1999518768, "incomeTaxExpense": -628000000, "netIncome": 1454000000, "netIncomeRatio": 0.3498556304, "eps": 12.5, "epsdiluted": 12.22, "weightedAverageShsOut": 116320000, "weightedAverageShsOutDil": 118983000, "link": "https://www.sec.gov/Archives/edgar/data/320335/000032033518000006/0000320335-18-000006-index.htm", "finalLink": "https://www.sec.gov/Archives/edgar/data/320335/000032033518000006/tmk201710-kdocument.htm", "calculatedOtherExpenses": 2183482000, "calculatedOperatingExpenses": 2440482000, "calculatedNetInterest": -85000000, "calculatedOtherIncome": -542263000, "calculatedIncomeNonControlling": 5000000, "calculatedEbitda": 911411000}, {"date": "2016-12-31", "symbol": "GL", "reportedCurrency": "USD", "cik": "0000320335", "fillingDate": "2017-02-27", "acceptedDate": "2017-02-27 16:27:05", "calendarYear": "2016", "period": "FY", "revenue": 3934000000, "costOfRevenue": 232064000, "grossProfit": 3701936000, "grossProfitRatio": 0.9410106762, "researchAndDevelopmentExpenses": 0, "generalAndAdministrativeExpenses": 232000000, "sellingAndMarketingExpenses": 9300000, "sellingGeneralAndAdministrativeExpenses": 232000000, "otherExpenses": 2856076000, "operatingExpenses": 3079000000, "costAndExpenses": 3162000000, "interestIncome": 0, "interestExpense": 83000000, "depreciationAndAmortization": 326179000, "ebitda": 865769000, "ebitdaratio": 0.2200734621, "operatingIncome": 539590000, "operatingIncomeRatio": 0.1371606507, "totalOtherIncomeExpensesNet": 1000000, "incomeBeforeTax": 772000000, "incomeBeforeTaxRatio": 0.1962379258, "incomeTaxExpense": 233000000, "netIncome": 550000000, "netIncomeRatio": 0.1398068124, "eps": 4.58, "epsdiluted": 4.49, "weightedAverageShsOut": 120087336, "weightedAverageShsOutDil": 122368000, "link": "https://www.sec.gov/Archives/edgar/data/320335/000032033517000010/0000320335-17-000010-index.htm", "finalLink": "https://www.sec.gov/Archives/edgar/data/320335/000032033517000010/tmk201610-kdocumentq4.htm", "calculatedOtherExpenses": 2930346000, "calculatedOperatingExpenses": 3162346000, "calculatedNetInterest": -83000000, "calculatedOtherIncome": 315410000, "calculatedIncomeNonControlling": -11000000, "calculatedEbitda": 865769000}, {"date": "2015-12-31", "symbol": "GL", "reportedCurrency": "USD", "cik": "0000320335", "fillingDate": "2016-02-26", "acceptedDate": "2016-02-26 16:43:01", "calendarYear": "2015", "period": "FY", "revenue": 3766065000, "costOfRevenue": 223858000, "grossProfit": 3542207000, "grossProfitRatio": 0.9405591778, "researchAndDevelopmentExpenses": 0, "generalAndAdministrativeExpenses": 214855000, "sellingAndMarketingExpenses": 9700000, "sellingGeneralAndAdministrativeExpenses": 214855000, "otherExpenses": 2708145000, "operatingExpenses": 2923000000, "costAndExpenses": 2999878000, "interestIncome": 0, "interestExpense": 76642000, "depreciationAndAmortization": 337343000, "ebitda": 853636000, "ebitdaratio": 0.2266652328, "operatingIncome": 516293000, "operatingIncomeRatio": 0.1370908362, "totalOtherIncomeExpensesNet": 2185000, "incomeBeforeTax": 766187000, "incomeBeforeTaxRatio": 0.2034449751, "incomeTaxExpense": 249894000, "netIncome": 527100000, "netIncomeRatio": 0.1399604096, "eps": 4.21, "epsdiluted": 4.16, "weightedAverageShsOut": 125094628, "weightedAverageShsOutDil": 126757235, "link": "https://www.sec.gov/Archives/edgar/data/320335/000032033516000059/0000320335-16-000059-index.htm", "finalLink": "https://www.sec.gov/Archives/edgar/data/320335/000032033516000059/tmk201510-k.htm", "calculatedOtherExpenses": 2811059000, "calculatedOperatingExpenses": 3025914000, "calculatedNetInterest": -76642000, "calculatedOtherIncome": 326536000, "calculatedIncomeNonControlling": -10807000, "calculatedEbitda": 853636000}, {"date": "2014-12-31", "symbol": "GL", "reportedCurrency": "USD", "cik": "0000320335", "fillingDate": "2015-02-27", "acceptedDate": "2015-02-27 15:32:32", "calendarYear": "2014", "period": "FY", "revenue": 3964554000, "costOfRevenue": 222654000, "grossProfit": 3741900000, "grossProfitRatio": 0.9438388278, "researchAndDevelopmentExpenses": 0, "generalAndAdministrativeExpenses": 212158000, "sellingAndMarketingExpenses": 8000000, "sellingGeneralAndAdministrativeExpenses": 212158000, "otherExpenses": 2546842000, "operatingExpenses": 2759000000, "costAndExpenses": 3186086000, "interestIncome": 0, "interestExpense": 76126000, "depreciationAndAmortization": -863140000, "ebitda": 854594000, "ebitdaratio": 0.2155586732, "operatingIncome": 854594000, "operatingIncomeRatio": 0.2155586732, "totalOtherIncomeExpensesNet": 2121000, "incomeBeforeTax": 778468000, "incomeBeforeTaxRatio": 0.1963570177, "incomeTaxExpense": 235529000, "netIncome": 542939000, "netIncomeRatio": 0.1369483175, "eps": 4.15, "epsdiluted": 4.09, "weightedAverageShsOut": 130721738, "weightedAverageShsOutDil": 132640244, "link": "https://www.sec.gov/Archives/edgar/data/320335/000119312515069449/0001193125-15-069449-index.htm", "finalLink": "https://www.sec.gov/Archives/edgar/data/320335/000119312515069449/d820030d10k.htm", "calculatedOtherExpenses": 2675148000, "calculatedOperatingExpenses": 2887306000, "calculatedNetInterest": -76126000, "calculatedOtherIncome": 0, "calculatedIncomeNonControlling": 0, "calculatedEbitda": -8546000}, {"date": "2013-12-31", "symbol": "GL", "reportedCurrency": "USD", "cik": "0000320335", "fillingDate": "2014-02-28", "acceptedDate": "2014-02-28 15:01:35", "calendarYear": "2013", "period": "FY", "revenue": 3771938000, "costOfRevenue": 214690000, "grossProfit": 3557248000, "grossProfitRatio": 0.9430823094, "researchAndDevelopmentExpenses": 0, "generalAndAdministrativeExpenses": 204540000, "sellingAndMarketingExpenses": 6000000, "sellingGeneralAndAdministrativeExpenses": 204540000, "otherExpenses": 2453460000, "operatingExpenses": 2658000000, "costAndExpenses": 3008812000, "interestIncome": 0, "interestExpense": 80461000, "depreciationAndAmortization": 315115000, "ebitda": 843587000, "ebitdaratio": 0.2236481618, "operatingIncome": 528472000, "operatingIncomeRatio": 0.1401062266, "totalOtherIncomeExpensesNet": 1931000, "incomeBeforeTax": 763126000, "incomeBeforeTaxRatio": 0.2023166871, "incomeTaxExpense": 234654000, "netIncome": 528472000, "netIncomeRatio": 0.1401062266, "eps": 3.84, "epsdiluted": 3.79, "weightedAverageShsOut": 137646885, "weightedAverageShsOutDil": 139563785, "link": "https://www.sec.gov/Archives/edgar/data/320335/000119312514076801/0001193125-14-076801-index.htm", "finalLink": "https://www.sec.gov/Archives/edgar/data/320335/000119312514076801/d622095d10k.htm", "calculatedOtherExpenses": 2824236000, "calculatedOperatingExpenses": 3028776000, "calculatedNetInterest": -80461000, "calculatedOtherIncome": 315115000, "calculatedIncomeNonControlling": 0, "calculatedEbitda": 843587000}, {"date": "2012-12-31", "symbol": "GL", "reportedCurrency": "USD", "cik": "0000320335", "fillingDate": "2013-02-28", "acceptedDate": "2013-02-28 16:22:20", "calendarYear": "2012", "period": "FY", "revenue": 3589516000, "costOfRevenue": 198176000, "grossProfit": 3391340000, "grossProfitRatio": 0.9447903283, "researchAndDevelopmentExpenses": 0, "generalAndAdministrativeExpenses": 187010000, "sellingAndMarketingExpenses": 16000000, "sellingGeneralAndAdministrativeExpenses": 187010000, "otherExpenses": 2555990000, "operatingExpenses": 2743000000, "costAndExpenses": 2823523000, "interestIncome": 0, "interestExpense": 80512000, "depreciationAndAmortization": 317181000, "ebitda": 846505000, "ebitdaratio": 0.2358270586, "operatingIncome": 529324000, "operatingIncomeRatio": 0.1474638921, "totalOtherIncomeExpensesNet": 1577000, "incomeBeforeTax": 765993000, "incomeBeforeTaxRatio": 0.2133972937, "incomeTaxExpense": 236669000, "netIncome": 529324000, "netIncomeRatio": 0.1474638921, "eps": 3.65, "epsdiluted": 3.6, "weightedAverageShsOut": 144921299, "weightedAverageShsOutDil": 146847582, "link": "https://www.sec.gov/Archives/edgar/data/320335/000119312513084290/0001193125-13-084290-index.htm", "finalLink": "https://www.sec.gov/Archives/edgar/data/320335/000119312513084290/d424244d10k.htm", "calculatedOtherExpenses": 2675006000, "calculatedOperatingExpenses": 2862016000, "calculatedNetInterest": -80512000, "calculatedOtherIncome": 317181000, "calculatedIncomeNonControlling": 0, "calculatedEbitda": 846505000}, {"date": "2011-12-31", "symbol": "GL", "reportedCurrency": "USD", "cik": "0000320335", "fillingDate": "2012-02-28", "acceptedDate": "2012-02-28 15:43:56", "calendarYear": "2011", "period": "FY", "revenue": 3377401000, "costOfRevenue": 201636000, "grossProfit": 3175765000, "grossProfitRatio": 0.9402984721, "researchAndDevelopmentExpenses": 0, "generalAndAdministrativeExpenses": 0, "sellingAndMarketingExpenses": 124134000, "sellingGeneralAndAdministrativeExpenses": 124134000, "otherExpenses": 2451866000, "operatingExpenses": 2576000000, "costAndExpenses": 2621735000, "interestIncome": 0, "interestExpense": 77908000, "depreciationAndAmortization": 314779000, "ebitda": 833119000, "ebitdaratio": 0.2466745879, "operatingIncome": 518340000, "operatingIncomeRatio": 0.1534730404, "totalOtherIncomeExpensesNet": 2151000, "incomeBeforeTax": 755666000, "incomeBeforeTaxRatio": 0.2237418654, "incomeTaxExpense": 237326000, "netIncome": 517885000, "netIncomeRatio": 0.1533383214, "eps": 3.19, "epsdiluted": 3.14, "weightedAverageShsOut": 162417169, "weightedAverageShsOutDil": 164723085, "link": "https://www.sec.gov/Archives/edgar/data/320335/000119312512085031/0001193125-12-085031-index.htm", "finalLink": "https://www.sec.gov/Archives/edgar/data/320335/000119312512085031/d245246d10k.htm", "calculatedOtherExpenses": 2533291000, "calculatedOperatingExpenses": 2657425000, "calculatedNetInterest": -77908000, "calculatedOtherIncome": 315234000, "calculatedIncomeNonControlling": 455000, "calculatedEbitda": 833119000}, {"date": "2010-12-31", "symbol": "GL", "reportedCurrency": "USD", "cik": "0000320335", "fillingDate": "2011-02-28", "acceptedDate": "2011-02-28 15:32:30", "calendarYear": "2010", "period": "FY", "revenue": 3367632000, "costOfRevenue": 176272000, "grossProfit": 3191360000, "grossProfitRatio": 0.9476569886, "researchAndDevelopmentExpenses": 0, "generalAndAdministrativeExpenses": 0, "sellingAndMarketingExpenses": 125330000, "sellingGeneralAndAdministrativeExpenses": 125330000, "otherExpenses": 2416670000, "operatingExpenses": 2542000000, "costAndExpenses": 2589065000, "interestIncome": 0, "interestExpense": 75529000, "depreciationAndAmortization": 326574000, "ebitda": 848867000, "ebitdaratio": 0.2520664372, "operatingIncome": 522293000, "operatingIncomeRatio": 0.1550920647, "totalOtherIncomeExpensesNet": 2170000, "incomeBeforeTax": 778567000, "incomeBeforeTaxRatio": 0.2311912347, "incomeTaxExpense": 256274000, "netIncome": 517064000, "netIncomeRatio": 0.1535393416, "eps": 2.83, "epsdiluted": 2.8, "weightedAverageShsOut": 183013842, "weightedAverageShsOutDil": 184685007, "link": "https://www.sec.gov/Archives/edgar/data/320335/000119312511049737/0001193125-11-049737-index.htm", "finalLink": "https://www.sec.gov/Archives/edgar/data/320335/000119312511049737/d10k.htm", "calculatedOtherExpenses": 2543737000, "calculatedOperatingExpenses": 2669067000, "calculatedNetInterest": -75529000, "calculatedOtherIncome": 331803000, "calculatedIncomeNonControlling": 5229000, "calculatedEbitda": 848867000}, {"date": "2009-12-31", "symbol": "GL", "reportedCurrency": "USD", "cik": "0000320335", "fillingDate": "2010-02-26", "acceptedDate": "2010-02-26 15:47:11", "calendarYear": "2009", "period": "FY", "revenue": 3222397000, "costOfRevenue": 174089000, "grossProfit": 3048308000, "grossProfitRatio": 0.9459753097, "researchAndDevelopmentExpenses": 0, "generalAndAdministrativeExpenses": 0, "sellingAndMarketingExpenses": 131130000, "sellingGeneralAndAdministrativeExpenses": 131130000, "otherExpenses": 2336870000, "operatingExpenses": 2468000000, "costAndExpenses": 2617204000, "interestIncome": 0, "interestExpense": 69932000, "depreciationAndAmortization": 0, "ebitda": 675125000, "ebitdaratio": 0.2095101876, "operatingIncome": 675125000, "operatingIncomeRatio": 0.2095101876, "totalOtherIncomeExpensesNet": -158505000, "incomeBeforeTax": 605193000, "incomeBeforeTaxRatio": 0.1878083303, "incomeTaxExpense": 200240000, "netIncome": 404953000, "netIncomeRatio": 0.1256682525, "eps": 2.17, "epsdiluted": 2.17, "weightedAverageShsOut": 186825576, "weightedAverageShsOutDil": 186825576, "link": "https://www.sec.gov/Archives/edgar/data/320335/000119312510042810/0001193125-10-042810-index.htm", "finalLink": "https://www.sec.gov/Archives/edgar/data/320335/000119312510042810/d10k.htm", "calculatedOtherExpenses": 2242053000, "calculatedOperatingExpenses": 2373183000, "calculatedNetInterest": -69932000, "calculatedOtherIncome": 0, "calculatedIncomeNonControlling": 0, "calculatedEbitda": 675125000}, {"date": "2008-12-31", "symbol": "GL", "reportedCurrency": "USD", "cik": "0000320335", "fillingDate": "2009-02-27", "acceptedDate": "2009-02-27 15:00:31", "calendarYear": "2008", "period": "FY", "revenue": 3326918000, "costOfRevenue": 185212000, "grossProfit": 3141706000, "grossProfitRatio": 0.9443292561, "researchAndDevelopmentExpenses": 0, "generalAndAdministrativeExpenses": 0, "sellingAndMarketingExpenses": 145981000, "sellingGeneralAndAdministrativeExpenses": 145981000, "otherExpenses": 2359019000, "operatingExpenses": 2505000000, "costAndExpenses": 2665661000, "interestIncome": 0, "interestExpense": 63229000, "depreciationAndAmortization": 0, "ebitda": 724486000, "ebitdaratio": 0.2177649103, "operatingIncome": 724486000, "operatingIncomeRatio": 0.2177649103, "totalOtherIncomeExpensesNet": 4671000, "incomeBeforeTax": 661257000, "incomeBeforeTaxRatio": 0.1987596328, "incomeTaxExpense": 208998000, "netIncome": 452259000, "netIncomeRatio": 0.1359393288, "eps": 2.28, "epsdiluted": 2.27, "weightedAverageShsOut": 198118462, "weightedAverageShsOutDil": 199161213, "link": "https://www.sec.gov/Archives/edgar/data/320335/000119312509040782/0001193125-09-040782-index.htm", "finalLink": "https://www.sec.gov/Archives/edgar/data/320335/000119312509040782/d10k.htm", "calculatedOtherExpenses": 2271239000, "calculatedOperatingExpenses": 2417220000, "calculatedNetInterest": -63229000, "calculatedOtherIncome": 0, "calculatedIncomeNonControlling": 0, "calculatedEbitda": 724486000}, {"date": "2007-12-31", "symbol": "GL", "reportedCurrency": "USD", "cik": "0000320335", "fillingDate": "2008-02-29", "acceptedDate": "2008-02-29 14:29:10", "calendarYear": "2007", "period": "FY", "revenue": 3486697000, "costOfRevenue": 173406000, "grossProfit": 3313291000, "grossProfitRatio": 0.9502663983, "researchAndDevelopmentExpenses": 0, "generalAndAdministrativeExpenses": 0, "sellingAndMarketingExpenses": 0, "sellingGeneralAndAdministrativeExpenses": 0, "otherExpenses": 2622000000, "operatingExpenses": 2622000000, "costAndExpenses": 2689892000, "interestIncome": 0, "interestExpense": 67564000, "depreciationAndAmortization": 391011000, "ebitda": 1255380000, "ebitdaratio": 0.3600484929, "operatingIncome": 864369000, "operatingIncomeRatio": 0.2479048222, "totalOtherIncomeExpensesNet": 7906000, "incomeBeforeTax": 796805000, "incomeBeforeTaxRatio": 0.2285271706, "incomeTaxExpense": 269270000, "netIncome": 527535000, "netIncomeRatio": 0.1512993529, "eps": 2.49, "epsdiluted": 2.45, "weightedAverageShsOut": 212213569, "weightedAverageShsOutDil": 215653493, "link": "https://www.sec.gov/Archives/edgar/data/320335/000119312508043419/0001193125-08-043419-index.htm", "finalLink": "https://www.sec.gov/Archives/edgar/data/320335/000119312508043419/d10k.htm", "calculatedOtherExpenses": 2448922000, "calculatedOperatingExpenses": 2448922000, "calculatedNetInterest": -67564000, "calculatedOtherIncome": 0, "calculatedIncomeNonControlling": 0, "calculatedEbitda": 1255380000}, {"date": "2006-12-31", "symbol": "GL", "reportedCurrency": "USD", "cik": "0000320335", "fillingDate": "2007-03-01", "acceptedDate": "2007-03-01 12:39:58", "calendarYear": "2006", "period": "FY", "revenue": 3421178000, "costOfRevenue": 169768000, "grossProfit": 3251410000, "grossProfitRatio": 0.9503773262, "researchAndDevelopmentExpenses": 0, "generalAndAdministrativeExpenses": 0, "sellingAndMarketingExpenses": 0, "sellingGeneralAndAdministrativeExpenses": 0, "otherExpenses": 2574000000, "operatingExpenses": 2574000000, "costAndExpenses": 2647608000, "interestIncome": 0, "interestExpense": 73136000, "depreciationAndAmortization": 377490000, "ebitda": 1224196000, "ebitdaratio": 0.3578287946, "operatingIncome": 846706000, "operatingIncomeRatio": 0.2474896074, "totalOtherIncomeExpensesNet": 18486000, "incomeBeforeTax": 773570000, "incomeBeforeTaxRatio": 0.2261121754, "incomeTaxExpense": 254939000, "netIncome": 518631000, "netIncomeRatio": 0.1515942754, "eps": 2.31, "epsdiluted": 2.28, "weightedAverageShsOut": 224407644, "weightedAverageShsOutDil": 227469737, "link": "https://www.sec.gov/Archives/edgar/data/320335/000119312507043904/0001193125-07-043904-index.htm", "finalLink": "https://www.sec.gov/Archives/edgar/data/320335/000119312507043904/d10k.htm", "calculatedOtherExpenses": 2404704000, "calculatedOperatingExpenses": 2404704000, "calculatedNetInterest": -73136000, "calculatedOtherIncome": 0, "calculatedIncomeNonControlling": 0, "calculatedEbitda": 1224196000}, {"date": "2005-12-31", "symbol": "GL", "reportedCurrency": "USD", "cik": "0000320335", "fillingDate": "2006-03-06", "acceptedDate": "2006-03-06 17:29:33", "calendarYear": "2005", "period": "FY", "revenue": 3125910000, "costOfRevenue": 172859000, "grossProfit": 2953051000, "grossProfitRatio": 0.944701223, "researchAndDevelopmentExpenses": 0, "generalAndAdministrativeExpenses": 0, "sellingAndMarketingExpenses": 0, "sellingGeneralAndAdministrativeExpenses": 0, "otherExpenses": 2333000000, "operatingExpenses": 2333000000, "costAndExpenses": 2394389000, "interestIncome": 0, "interestExpense": 60934000, "depreciationAndAmortization": 349959000, "ebitda": 1142414000, "ebitdaratio": 0.3654660563, "operatingIncome": 792455000, "operatingIncomeRatio": 0.2535117774, "totalOtherIncomeExpensesNet": 14488000, "incomeBeforeTax": 731521000, "incomeBeforeTaxRatio": 0.2340185738, "incomeTaxExpense": 236131000, "netIncome": 495390000, "netIncomeRatio": 0.158478651, "eps": 2.1, "epsdiluted": 2.08, "weightedAverageShsOut": 235650634, "weightedAverageShsOutDil": 238168269, "link": "https://www.sec.gov/Archives/edgar/data/320335/000119312506046266/0001193125-06-046266-index.htm", "finalLink": "https://www.sec.gov/Archives/edgar/data/320335/000119312506046266/d10k.htm", "calculatedOtherExpenses": 2160596000, "calculatedOperatingExpenses": 2160596000, "calculatedNetInterest": -60934000, "calculatedOtherIncome": 0, "calculatedIncomeNonControlling": 0, "calculatedEbitda": 1142414000}, {"date": "2004-12-31", "symbol": "GL", "reportedCurrency": "USD", "cik": "0000320335", "fillingDate": "2005-03-15", "acceptedDate": "2005-03-15 17:04:16", "calendarYear": "2004", "period": "FY", "revenue": 3071500000, "costOfRevenue": 151200000, "grossProfit": 2920300000, "grossProfitRatio": 0.9507732378, "researchAndDevelopmentExpenses": 0, "generalAndAdministrativeExpenses": 0, "sellingAndMarketingExpenses": 0, "sellingGeneralAndAdministrativeExpenses": 0, "otherExpenses": -2150100000, "operatingExpenses": -2150100000, "costAndExpenses": 2350700000, "interestIncome": 0, "interestExpense": 56500000, "depreciationAndAmortization": 4800000, "ebitda": 775000000, "ebitdaratio": 0.2523197135, "operatingIncome": 770200000, "operatingIncomeRatio": 0.2507569591, "totalOtherIncomeExpensesNet": 400000, "incomeBeforeTax": 720800000, "incomeBeforeTaxRatio": 0.2346736122, "incomeTaxExpense": 245100000, "netIncome": 468600000, "netIncomeRatio": 0.1525638939, "eps": 1.89, "epsdiluted": 1.86, "weightedAverageShsOut": 247476232, "weightedAverageShsOutDil": 251610680, "link": "https://www.sec.gov/Archives/edgar/data/320335/000119312505051197/0001193125-05-051197-index.htm", "finalLink": "https://www.sec.gov/Archives/edgar/data/320335/000119312505051197/d10k.htm", "calculatedOtherExpenses": 2150100000, "calculatedOperatingExpenses": 2150100000, "calculatedNetInterest": -56500000, "calculatedOtherIncome": 7100000, "calculatedIncomeNonControlling": 7100000, "calculatedEbitda": 775000000}, {"date": "2003-12-31", "symbol": "GL", "reportedCurrency": "USD", "cik": "0000320335", "fillingDate": "2004-03-15", "acceptedDate": "2004-03-15 15:46:13", "calendarYear": "2003", "period": "FY", "revenue": 2930638000, "costOfRevenue": 142355000, "grossProfit": 2788283000, "grossProfitRatio": 0.9514252528, "researchAndDevelopmentExpenses": 0, "generalAndAdministrativeExpenses": 0, "sellingAndMarketingExpenses": 0, "sellingGeneralAndAdministrativeExpenses": 0, "otherExpenses": 0, "operatingExpenses": 2358142000, "costAndExpenses": 2271703000, "interestIncome": 0, "interestExpense": 49952000, "depreciationAndAmortization": 4814000, "ebitda": 709916000, "ebitdaratio": 0.2422394032, "operatingIncome": 430141000, "operatingIncomeRatio": 0.1467738424, "totalOtherIncomeExpensesNet": 819000, "incomeBeforeTax": 658935000, "incomeBeforeTaxRatio": 0.2248435324, "incomeTaxExpense": 225009000, "netIncome": 430141000, "netIncomeRatio": 0.1467738424, "eps": 1.67, "epsdiluted": 1.66, "weightedAverageShsOut": 258060000, "weightedAverageShsOutDil": 259443700, "link": "https://www.sec.gov/Archives/edgar/data/320335/000119312504042167/0001193125-04-042167-index.htm", "finalLink": "https://www.sec.gov/Archives/edgar/data/320335/000119312504042167/d10k.htm", "calculatedOtherExpenses": 2358142000, "calculatedOperatingExpenses": 2358142000, "calculatedNetInterest": -49952000, "calculatedOtherIncome": 278746000, "calculatedIncomeNonControlling": 3785000, "calculatedEbitda": 434955000}, {"date": "2002-12-31", "symbol": "GL", "reportedCurrency": "USD", "cik": "0000320335", "fillingDate": "2003-03-24", "acceptedDate": "2003-03-24 08:20:31", "calendarYear": "2002", "period": "FY", "revenue": 2737966000, "costOfRevenue": 0, "grossProfit": 2737966000, "grossProfitRatio": 1, "researchAndDevelopmentExpenses": 0, "generalAndAdministrativeExpenses": 0, "sellingAndMarketingExpenses": 0, "sellingGeneralAndAdministrativeExpenses": 0, "otherExpenses": 10215000, "operatingExpenses": 10215000, "costAndExpenses": 2153646000, "interestIncome": 0, "interestExpense": 28593000, "depreciationAndAmortization": 302728000, "ebitda": 911791000, "ebitdaratio": 0.3330176489, "operatingIncome": 383435000, "operatingIncomeRatio": 0.1400437405, "totalOtherIncomeExpensesNet": 2120000, "incomeBeforeTax": 584320000, "incomeBeforeTaxRatio": 0.2134138992, "incomeTaxExpense": 197037000, "netIncome": 383433000, "netIncomeRatio": 0.14004301, "eps": 1.42, "epsdiluted": 1.41, "weightedAverageShsOut": 270446473, "weightedAverageShsOutDil": 271296934, "link": "https://www.sec.gov/Archives/edgar/data/320335/000093176303000621/0000931763-03-000621-index.htm", "finalLink": "https://www.sec.gov/Archives/edgar/data/320335/000093176303000621/d10k.htm", "calculatedOtherExpenses": 2354531000, "calculatedOperatingExpenses": 2354531000, "calculatedNetInterest": -28593000, "calculatedOtherIncome": 229478000, "calculatedIncomeNonControlling": 3850000, "calculatedEbitda": 686163000}, {"date": "2001-12-31", "symbol": "GL", "reportedCurrency": "USD", "cik": "0000320335", "fillingDate": "2002-03-22", "acceptedDate": "2002-03-22 00:00:00", "calendarYear": "2001", "period": "FY", "revenue": 2707042000, "costOfRevenue": 0, "grossProfit": 2707042000, "grossProfitRatio": 1, "researchAndDevelopmentExpenses": 0, "generalAndAdministrativeExpenses": 0, "sellingAndMarketingExpenses": 0, "sellingGeneralAndAdministrativeExpenses": 0, "otherExpenses": -2100056000, "operatingExpenses": -2100056000, "costAndExpenses": 2105613000, "interestIncome": 0, "interestExpense": 44506000, "depreciationAndAmortization": 5822000, "ebitda": 612808000, "ebitdaratio": 0.2263755051, "operatingIncome": 606986000, "operatingIncomeRatio": 0.2242248181, "totalOtherIncomeExpensesNet": 2475000, "incomeBeforeTax": 601429000, "incomeBeforeTaxRatio": 0.2221720239, "incomeTaxExpense": 205967000, "netIncome": 356513000, "netIncomeRatio": 0.131698363, "eps": 1.28, "epsdiluted": 1.27, "weightedAverageShsOut": 277879737, "weightedAverageShsOutDil": 279843551, "link": "https://www.sec.gov/Archives/edgar/data/320335/000093176302000748/0000931763-02-000748-index.htm", "finalLink": "https://www.sec.gov/Archives/edgar/data/320335/000093176302000748/d10k.txt", "calculatedOtherExpenses": 2100056000, "calculatedOperatingExpenses": 2100056000, "calculatedNetInterest": -44506000, "calculatedOtherIncome": 38949000, "calculatedIncomeNonControlling": 38949000, "calculatedEbitda": 612808000}, {"date": "2000-12-31", "symbol": "GL", "reportedCurrency": "USD", "cik": "0000320335", "fillingDate": "2001-03-26", "acceptedDate": "2001-03-26 00:00:00", "calendarYear": "2000", "period": "FY", "revenue": 2515894000, "costOfRevenue": 0, "grossProfit": 2515894000, "grossProfitRatio": 1, "researchAndDevelopmentExpenses": 0, "generalAndAdministrativeExpenses": 0, "sellingAndMarketingExpenses": 0, "sellingGeneralAndAdministrativeExpenses": 0, "otherExpenses": -1908531000, "operatingExpenses": -1908531000, "costAndExpenses": 1952936000, "interestIncome": 0, "interestExpense": 54487000, "depreciationAndAmortization": 6859000, "ebitda": 614222000, "ebitdaratio": 0.2441366767, "operatingIncome": 607363000, "operatingIncomeRatio": 0.2414104092, "totalOtherIncomeExpensesNet": 2580000, "incomeBeforeTax": 562958000, "incomeBeforeTaxRatio": 0.2237606195, "incomeTaxExpense": 190841000, "netIncome": 362035000, "netIncomeRatio": 0.1438991468, "eps": 1.26, "epsdiluted": 1.25, "weightedAverageShsOut": 287809187, "weightedAverageShsOutDil": 288829787, "link": "https://www.sec.gov/Archives/edgar/data/320335/000093176301000503/0000931763-01-000503-index.htm", "finalLink": "https://www.sec.gov/Archives/edgar/data/320335/000093176301000503/0000931763-01-000503-0001.txt", "calculatedOtherExpenses": 1908531000, "calculatedOperatingExpenses": 1908531000, "calculatedNetInterest": -54487000, "calculatedOtherIncome": 10082000, "calculatedIncomeNonControlling": 10082000, "calculatedEbitda": 614222000}, {"date": "1999-12-31", "symbol": "GL", "reportedCurrency": "USD", "cik": "0000320335", "fillingDate": "2000-03-23", "acceptedDate": "2000-03-23 00:00:00", "calendarYear": "1999", "period": "FY", "revenue": 2226895000, "costOfRevenue": 0, "grossProfit": 2226895000, "grossProfitRatio": 1, "researchAndDevelopmentExpenses": 0, "generalAndAdministrativeExpenses": 0, "sellingAndMarketingExpenses": 0, "sellingGeneralAndAdministrativeExpenses": 0, "otherExpenses": -1766278000, "operatingExpenses": -1766278000, "costAndExpenses": 1824487000, "interestIncome": 0, "interestExpense": 52341000, "depreciationAndAmortization": 8840000, "ebitda": 469457000, "ebitdaratio": 0.2108123643, "operatingIncome": 460617000, "operatingIncomeRatio": 0.2068427115, "totalOtherIncomeExpensesNet": 6443000, "incomeBeforeTax": 402408000, "incomeBeforeTaxRatio": 0.1807036255, "incomeTaxExpense": 134320000, "netIncome": 273956000, "netIncomeRatio": 0.1230215165, "eps": 0.95, "epsdiluted": 0.94, "weightedAverageShsOut": 289221117, "weightedAverageShsOutDil": 292056618, "link": "https://www.sec.gov/Archives/edgar/data/320335/000093176300000595/0000931763-00-000595-index.htm", "finalLink": "https://www.sec.gov/Archives/edgar/data/320335/000093176300000595/0000931763-00-000595.txt", "calculatedOtherExpenses": 1766278000, "calculatedOperatingExpenses": 1766278000, "calculatedNetInterest": -52341000, "calculatedOtherIncome": -5868000, "calculatedIncomeNonControlling": -5868000, "calculatedEbitda": 469457000}, {"date": "1998-12-31", "symbol": "GL", "reportedCurrency": "USD", "cik": "0000320335", "fillingDate": "1999-03-12", "acceptedDate": "1999-03-12 00:00:00", "calendarYear": "1998", "period": "FY", "revenue": 2157876000, "costOfRevenue": 0, "grossProfit": 2157876000, "grossProfitRatio": 1, "researchAndDevelopmentExpenses": 0, "generalAndAdministrativeExpenses": 0, "sellingAndMarketingExpenses": 0, "sellingGeneralAndAdministrativeExpenses": 0, "otherExpenses": -1702772000, "operatingExpenses": -1702772000, "costAndExpenses": 1710885000, "interestIncome": 0, "interestExpense": 56325000, "depreciationAndAmortization": 7934000, "ebitda": 463038000, "ebitdaratio": 0.2145804486, "operatingIncome": 455104000, "operatingIncomeRatio": 0.2109036849, "totalOtherIncomeExpensesNet": 2325000, "incomeBeforeTax": 446991000, "incomeBeforeTaxRatio": 0.2071439693, "incomeTaxExpense": 154338000, "netIncome": 244441000, "netIncomeRatio": 0.1132785202, "eps": 0.81, "epsdiluted": 0.8, "weightedAverageShsOut": 301710857, "weightedAverageShsOutDil": 305198844, "link": "https://www.sec.gov/Archives/edgar/data/320335/000093176399000710/0000931763-99-000710-index.htm", "finalLink": "https://www.sec.gov/Archives/edgar/data/320335/0000931763-99-000710.txt", "calculatedOtherExpenses": 1702772000, "calculatedOperatingExpenses": 1702772000, "calculatedNetInterest": -56325000, "calculatedOtherIncome": 48212000, "calculatedIncomeNonControlling": 48212000, "calculatedEbitda": 463038000}, {"date": "1997-12-31", "symbol": "GL", "reportedCurrency": "USD", "cik": "0000320335", "fillingDate": "1998-03-27", "acceptedDate": "1998-03-27 00:00:00", "calendarYear": "1997", "period": "FY", "revenue": 2282450000, "costOfRevenue": 0, "grossProfit": 2282450000, "grossProfitRatio": 1, "researchAndDevelopmentExpenses": 0, "generalAndAdministrativeExpenses": 0, "sellingAndMarketingExpenses": 0, "sellingGeneralAndAdministrativeExpenses": 0, "otherExpenses": -1694354000, "operatingExpenses": -1694354000, "costAndExpenses": 1773056000, "interestIncome": 0, "interestExpense": 71863000, "depreciationAndAmortization": 9329000, "ebitda": 597425000, "ebitdaratio": 0.2617472453, "operatingIncome": 588096000, "operatingIncomeRatio": 0.2576599706, "totalOtherIncomeExpensesNet": 207808000, "incomeBeforeTax": 509394000, "incomeBeforeTaxRatio": 0.2231786019, "incomeTaxExpense": 178490000, "netIncome": 337743000, "netIncomeRatio": 0.1479738877, "eps": 1.08, "epsdiluted": 1.08, "weightedAverageShsOut": 312685185, "weightedAverageShsOutDil": 312685185, "link": "https://www.sec.gov/Archives/edgar/data/320335/000093176398000750/0000931763-98-000750-index.htm", "finalLink": "https://www.sec.gov/Archives/edgar/data/320335/0000931763-98-000750.txt", "calculatedOtherExpenses": 1694354000, "calculatedOperatingExpenses": 1694354000, "calculatedNetInterest": -71863000, "calculatedOtherIncome": -6839000, "calculatedIncomeNonControlling": -6839000, "calculatedEbitda": 597425000}, {"date": "1996-12-31", "symbol": "GL", "reportedCurrency": "USD", "cik": "0000320335", "fillingDate": "1997-03-25", "acceptedDate": "1997-03-25 00:00:00", "calendarYear": "1996", "period": "FY", "revenue": 2205810000, "costOfRevenue": 0, "grossProfit": 2205810000, "grossProfitRatio": 1, "researchAndDevelopmentExpenses": 0, "generalAndAdministrativeExpenses": 0, "sellingAndMarketingExpenses": 0, "sellingGeneralAndAdministrativeExpenses": 0, "otherExpenses": -1640205000, "operatingExpenses": -1640205000, "costAndExpenses": 1710678000, "interestIncome": 0, "interestExpense": 73611000, "depreciationAndAmortization": 9056000, "ebitda": 574661000, "ebitdaratio": 0.2605215318, "operatingIncome": 565605000, "operatingIncomeRatio": 0.2564160104, "totalOtherIncomeExpensesNet": 185454000, "incomeBeforeTax": 495132000, "incomeBeforeTaxRatio": 0.2244672025, "incomeTaxExpense": 180622000, "netIncome": 311372000, "netIncomeRatio": 0.1411599367, "eps": 0.97, "epsdiluted": 0.97, "weightedAverageShsOut": 320634783, "weightedAverageShsOutDil": 322163563, "link": "https://www.sec.gov/Archives/edgar/data/320335/000095010997002410/0000950109-97-002410-index.htm", "finalLink": "https://www.sec.gov/Archives/edgar/data/320335/0000950109-97-002410.txt", "calculatedOtherExpenses": 1640205000, "calculatedOperatingExpenses": 1640205000, "calculatedNetInterest": -73611000, "calculatedOtherIncome": 3138000, "calculatedIncomeNonControlling": 3138000, "calculatedEbitda": 574661000}, {"date": "1995-12-31", "symbol": "GL", "reportedCurrency": "USD", "cik": "0000320335", "fillingDate": "1996-03-26", "acceptedDate": "1996-03-26 00:00:00", "calendarYear": "1995", "period": "FY", "revenue": 2067482000, "costOfRevenue": 0, "grossProfit": 2067482000, "grossProfitRatio": 1, "researchAndDevelopmentExpenses": 0, "generalAndAdministrativeExpenses": 0, "sellingAndMarketingExpenses": 0, "sellingGeneralAndAdministrativeExpenses": 0, "otherExpenses": -1685714000, "operatingExpenses": -1685714000, "costAndExpenses": 1639307000, "interestIncome": 0, "interestExpense": 80994000, "depreciationAndAmortization": 9603000, "ebitda": 391371000, "ebitdaratio": 0.1892983833, "operatingIncome": 381768000, "operatingIncomeRatio": 0.1846536028, "totalOtherIncomeExpensesNet": 153657000, "incomeBeforeTax": 428175000, "incomeBeforeTaxRatio": 0.2070997474, "incomeTaxExpense": 157539000, "netIncome": 143235000, "netIncomeRatio": 0.069279926, "eps": 0.44, "epsdiluted": 0.44, "weightedAverageShsOut": 322278750, "weightedAverageShsOutDil": 322278750, "link": "https://www.sec.gov/Archives/edgar/data/320335/000093176396000091/0000931763-96-000091-index.htm", "finalLink": "https://www.sec.gov/Archives/edgar/data/320335/0000931763-96-000091.txt", "calculatedOtherExpenses": 1685714000, "calculatedOperatingExpenses": 1685714000, "calculatedNetInterest": -80994000, "calculatedOtherIncome": 127401000, "calculatedIncomeNonControlling": 127401000, "calculatedEbitda": 391371000}, {"date": "1994-12-31", "symbol": "GL", "reportedCurrency": "USD", "cik": "0000320335", "fillingDate": "1995-03-24", "acceptedDate": "1995-03-24 00:00:00", "calendarYear": "1994", "period": "FY", "revenue": 1922557000, "costOfRevenue": 0, "grossProfit": 1922557000, "grossProfitRatio": 1, "researchAndDevelopmentExpenses": 0, "generalAndAdministrativeExpenses": 0, "sellingAndMarketingExpenses": 0, "sellingGeneralAndAdministrativeExpenses": 0, "otherExpenses": -1452939000, "operatingExpenses": -1452939000, "costAndExpenses": 1535633000, "interestIncome": 0, "interestExpense": 76355000, "depreciationAndAmortization": 25300000, "ebitda": 494918000, "ebitdaratio": 0.257426958, "operatingIncome": 469618000, "operatingIncomeRatio": 0.2442674001, "totalOtherIncomeExpensesNet": 205742000, "incomeBeforeTax": 386924000, "incomeBeforeTaxRatio": 0.2012548913, "incomeTaxExpense": 124317000, "netIncome": 268946000, "netIncomeRatio": 0.1398897406, "eps": 0.0835, "epsdiluted": 0.0835, "weightedAverageShsOut": 3221071983, "weightedAverageShsOutDil": 3221071983, "link": "https://www.sec.gov/Archives/edgar/data/320335/000095010995000857/0000950109-95-000857-index.html", "finalLink": "https://www.sec.gov/Archives/edgar/data/320335/", "calculatedOtherExpenses": 1452939000, "calculatedOperatingExpenses": 1452939000, "calculatedNetInterest": -76355000, "calculatedOtherIncome": -6339000, "calculatedIncomeNonControlling": -6339000, "calculatedEbitda": 494918000}, {"date": "1993-12-31", "symbol": "GL", "reportedCurrency": "USD", "cik": "0000320335", "fillingDate": "1994-03-25", "acceptedDate": "1994-03-25 00:00:00", "calendarYear": "1993", "period": "FY", "revenue": 2178800000, "costOfRevenue": 0, "grossProfit": 2178800000, "grossProfitRatio": 1, "researchAndDevelopmentExpenses": 0, "generalAndAdministrativeExpenses": 0, "sellingAndMarketingExpenses": 0, "sellingGeneralAndAdministrativeExpenses": 0, "otherExpenses": -1660500000, "operatingExpenses": -1660500000, "costAndExpenses": 240100000, "interestIncome": 0, "interestExpense": 67300000, "depreciationAndAmortization": 35600000, "ebitda": 553900000, "ebitdaratio": 0.2542225078, "operatingIncome": 518300000, "operatingIncomeRatio": 0.2378832385, "totalOtherIncomeExpensesNet": 685900000, "incomeBeforeTax": 1204200000, "incomeBeforeTaxRatio": 0.5526895539, "incomeTaxExpense": 153100000, "netIncome": 297900000, "netIncomeRatio": 0.1367266385, "eps": 0.9, "epsdiluted": 0.9, "weightedAverageShsOut": 330757443, "weightedAverageShsOutDil": 330757443, "link": "https://www.sec.gov/Archives/edgar/data/320335/000095010994000538/0000950109-94-000538-index.htm", "finalLink": "https://www.sec.gov/Archives/edgar/data/320335/0000950109-94-000538.txt", "calculatedOtherExpenses": 1660500000, "calculatedOperatingExpenses": 1660500000, "calculatedNetInterest": -67300000, "calculatedOtherIncome": 753200000, "calculatedIncomeNonControlling": 753200000, "calculatedEbitda": 553900000}, {"date": "1992-12-31", "symbol": "GL", "reportedCurrency": "USD", "cik": "0000320335", "fillingDate": "1992-12-31", "acceptedDate": "1992-12-30 19:00:00", "calendarYear": "1992", "period": "FY", "revenue": 2046600000, "costOfRevenue": 0, "grossProfit": 2046600000, "grossProfitRatio": 1, "researchAndDevelopmentExpenses": 0, "generalAndAdministrativeExpenses": 0, "sellingAndMarketingExpenses": 0, "sellingGeneralAndAdministrativeExpenses": 0, "otherExpenses": -1584600000, "operatingExpenses": -1584600000, "costAndExpenses": 1351300000, "interestIncome": 0, "interestExpense": 55700000, "depreciationAndAmortization": 33500000, "ebitda": 495500000, "ebitdaratio": 0.2421088635, "operatingIncome": 462000000, "operatingIncomeRatio": 0.2257402521, "totalOtherIncomeExpensesNet": 592600000, "incomeBeforeTax": 1054600000, "incomeBeforeTaxRatio": 0.5152936578, "incomeTaxExpense": 140800000, "netIncome": 265500000, "netIncomeRatio": 0.1297273527, "eps": 0.81, "epsdiluted": 0.81, "weightedAverageShsOut": 329329609, "weightedAverageShsOutDil": 329329609, "link": "", "finalLink": "", "calculatedOtherExpenses": 1584600000, "calculatedOperatingExpenses": 1584600000, "calculatedNetInterest": -55700000, "calculatedOtherIncome": 648300000, "calculatedIncomeNonControlling": 648300000, "calculatedEbitda": 495500000}, {"date": "1991-12-31", "symbol": "GL", "reportedCurrency": "USD", "cik": "0000320335", "fillingDate": "1991-12-31", "acceptedDate": "1991-12-30 19:00:00", "calendarYear": "1991", "period": "FY", "revenue": 1933100000, "costOfRevenue": 0, "grossProfit": 1933100000, "grossProfitRatio": 1, "researchAndDevelopmentExpenses": 0, "generalAndAdministrativeExpenses": 0, "sellingAndMarketingExpenses": 0, "sellingGeneralAndAdministrativeExpenses": 0, "otherExpenses": -1511000000, "operatingExpenses": -1511000000, "costAndExpenses": 1256400000, "interestIncome": 0, "interestExpense": 50200000, "depreciationAndAmortization": 25600000, "ebitda": 447700000, "ebitdaratio": 0.2315969169, "operatingIncome": 422100000, "operatingIncomeRatio": 0.2183539393, "totalOtherIncomeExpensesNet": 567300000, "incomeBeforeTax": 989400000, "incomeBeforeTaxRatio": 0.5118203921, "incomeTaxExpense": 125400000, "netIncome": 246500000, "netIncomeRatio": 0.1275153898, "eps": 0.72, "epsdiluted": 0.72, "weightedAverageShsOut": 344522293, "weightedAverageShsOutDil": 344522293, "link": "", "finalLink": "", "calculatedOtherExpenses": 1511000000, "calculatedOperatingExpenses": 1511000000, "calculatedNetInterest": -50200000, "calculatedOtherIncome": 617500000, "calculatedIncomeNonControlling": 617500000, "calculatedEbitda": 447700000}, {"date": "1990-12-31", "symbol": "GL", "reportedCurrency": "USD", "cik": "0000320335", "fillingDate": "1990-12-31", "acceptedDate": "1990-12-30 19:00:00", "calendarYear": "1990", "period": "FY", "revenue": 1796500000, "costOfRevenue": 0, "grossProfit": 1796500000, "grossProfitRatio": 1, "researchAndDevelopmentExpenses": 0, "generalAndAdministrativeExpenses": 0, "sellingAndMarketingExpenses": 0, "sellingGeneralAndAdministrativeExpenses": 0, "otherExpenses": -1406700000, "operatingExpenses": -1406700000, "costAndExpenses": 1175000000, "interestIncome": 0, "interestExpense": 46200000, "depreciationAndAmortization": 16600000, "ebitda": 406400000, "ebitdaratio": 0.2262176454, "operatingIncome": 389800000, "operatingIncomeRatio": 0.2169774562, "totalOtherIncomeExpensesNet": 505200000, "incomeBeforeTax": 895000000, "incomeBeforeTaxRatio": 0.4981909268, "incomeTaxExpense": 114400000, "netIncome": 229200000, "netIncomeRatio": 0.1275814083, "eps": 0.66, "epsdiluted": 0.66, "weightedAverageShsOut": 349772727, "weightedAverageShsOutDil": 349772727, "link": "", "finalLink": "", "calculatedOtherExpenses": 1406700000, "calculatedOperatingExpenses": 1406700000, "calculatedNetInterest": -46200000, "calculatedOtherIncome": 551400000, "calculatedIncomeNonControlling": 551400000, "calculatedEbitda": 406400000}, {"date": "1989-12-31", "symbol": "GL", "reportedCurrency": "USD", "cik": "0000320335", "fillingDate": "1989-12-31", "acceptedDate": "1989-12-30 19:00:00", "calendarYear": "1989", "period": "FY", "revenue": 1633600000, "costOfRevenue": 0, "grossProfit": 1633600000, "grossProfitRatio": 1, "researchAndDevelopmentExpenses": 0, "generalAndAdministrativeExpenses": 0, "sellingAndMarketingExpenses": 0, "sellingGeneralAndAdministrativeExpenses": 0, "otherExpenses": -1269000000, "operatingExpenses": -1269000000, "costAndExpenses": 1067000000, "interestIncome": 0, "interestExpense": 48100000, "depreciationAndAmortization": 14500000, "ebitda": 379100000, "ebitdaratio": 0.2320641528, "operatingIncome": 364600000, "operatingIncomeRatio": 0.2231880509, "totalOtherIncomeExpensesNet": 449200000, "incomeBeforeTax": 813800000, "incomeBeforeTaxRatio": 0.4981635651, "incomeTaxExpense": 105200000, "netIncome": 211300000, "netIncomeRatio": 0.1293462292, "eps": 0.6, "epsdiluted": 0.6, "weightedAverageShsOut": 352384615, "weightedAverageShsOutDil": 352384615, "link": "", "finalLink": "", "calculatedOtherExpenses": 1269000000, "calculatedOperatingExpenses": 1269000000, "calculatedNetInterest": -48100000, "calculatedOtherIncome": 497300000, "calculatedIncomeNonControlling": 497300000, "calculatedEbitda": 379100000}, {"date": "1988-12-31", "symbol": "GL", "reportedCurrency": "USD", "cik": "0000320335", "fillingDate": "1988-12-31", "acceptedDate": "1988-12-30 19:00:00", "calendarYear": "1988", "period": "FY", "revenue": 1664700000, "costOfRevenue": 0, "grossProfit": 1664700000, "grossProfitRatio": 1, "researchAndDevelopmentExpenses": 0, "generalAndAdministrativeExpenses": 0, "sellingAndMarketingExpenses": 0, "sellingGeneralAndAdministrativeExpenses": 0, "otherExpenses": -1350300000, "operatingExpenses": -1350300000, "costAndExpenses": 40800000, "interestIncome": 0, "interestExpense": 40800000, "depreciationAndAmortization": 0, "ebitda": 314400000, "ebitdaratio": 0.1888628582, "operatingIncome": 314400000, "operatingIncomeRatio": 0.1888628582, "totalOtherIncomeExpensesNet": 0, "incomeBeforeTax": 0, "incomeBeforeTaxRatio": 0, "incomeTaxExpense": 93500000, "netIncome": 180100000, "netIncomeRatio": 0.1081876614, "eps": 0.46, "epsdiluted": 0.46, "weightedAverageShsOut": 391388889, "weightedAverageShsOutDil": 391388889, "link": "", "finalLink": "", "calculatedOtherExpenses": 1350300000, "calculatedOperatingExpenses": 1350300000, "calculatedNetInterest": -40800000, "calculatedOtherIncome": -273600000, "calculatedIncomeNonControlling": -273600000, "calculatedEbitda": 314400000}, {"date": "1987-12-31", "symbol": "GL", "reportedCurrency": "USD", "cik": "0000320335", "fillingDate": "1987-12-31", "acceptedDate": "1987-12-30 19:00:00", "calendarYear": "1987", "period": "FY", "revenue": 1590500000, "costOfRevenue": 0, "grossProfit": 1590500000, "grossProfitRatio": 1, "researchAndDevelopmentExpenses": 0, "generalAndAdministrativeExpenses": 0, "sellingAndMarketingExpenses": 0, "sellingGeneralAndAdministrativeExpenses": 0, "otherExpenses": -1250400000, "operatingExpenses": -1250400000, "costAndExpenses": 32300000, "interestIncome": 0, "interestExpense": 32300000, "depreciationAndAmortization": 0, "ebitda": 340100000, "ebitdaratio": 0.2138321283, "operatingIncome": 340100000, "operatingIncomeRatio": 0.2138321283, "totalOtherIncomeExpensesNet": 0, "incomeBeforeTax": 0, "incomeBeforeTaxRatio": 0, "incomeTaxExpense": 107300000, "netIncome": 200500000, "netIncomeRatio": 0.1260609871, "eps": 0.44, "epsdiluted": 0.44, "weightedAverageShsOut": 457397260, "weightedAverageShsOutDil": 457397260, "link": "", "finalLink": "", "calculatedOtherExpenses": 1250400000, "calculatedOperatingExpenses": 1250400000, "calculatedNetInterest": -32300000, "calculatedOtherIncome": -307800000, "calculatedIncomeNonControlling": -307800000, "calculatedEbitda": 340100000}, {"date": "1986-12-31", "symbol": "GL", "reportedCurrency": "USD", "cik": "0000320335", "fillingDate": "1986-12-31", "acceptedDate": "1986-12-30 19:00:00", "calendarYear": "1986", "period": "FY", "revenue": 1555400000, "costOfRevenue": 0, "grossProfit": 1555400000, "grossProfitRatio": 1, "researchAndDevelopmentExpenses": 0, "generalAndAdministrativeExpenses": 0, "sellingAndMarketingExpenses": 0, "sellingGeneralAndAdministrativeExpenses": 0, "otherExpenses": -1306800000, "operatingExpenses": -1306800000, "costAndExpenses": 17700000, "interestIncome": 0, "interestExpense": 17700000, "depreciationAndAmortization": 0, "ebitda": 248600000, "ebitdaratio": 0.1598302687, "operatingIncome": 248600000, "operatingIncomeRatio": 0.1598302687, "totalOtherIncomeExpensesNet": 0, "incomeBeforeTax": 0, "incomeBeforeTaxRatio": 0, "incomeTaxExpense": 25900000, "netIncome": 205000000, "netIncomeRatio": 0.1317988942, "eps": 0.42, "epsdiluted": 0.42, "weightedAverageShsOut": 487829670, "weightedAverageShsOutDil": 487829670, "link": "", "finalLink": "", "calculatedOtherExpenses": 1306800000, "calculatedOperatingExpenses": 1306800000, "calculatedNetInterest": -17700000, "calculatedOtherIncome": -230900000, "calculatedIncomeNonControlling": -230900000, "calculatedEbitda": 248600000}, {"date": "1985-12-31", "symbol": "GL", "reportedCurrency": "USD", "cik": "0000320335", "fillingDate": "1985-12-31", "acceptedDate": "1985-12-30 19:00:00", "calendarYear": "1985", "period": "FY", "revenue": 1368000000, "costOfRevenue": 0, "grossProfit": 1368000000, "grossProfitRatio": 1, "researchAndDevelopmentExpenses": 0, "generalAndAdministrativeExpenses": 0, "sellingAndMarketingExpenses": 0, "sellingGeneralAndAdministrativeExpenses": 0, "otherExpenses": -1120700000, "operatingExpenses": -1120700000, "costAndExpenses": 16000000, "interestIncome": 0, "interestExpense": 16000000, "depreciationAndAmortization": 0, "ebitda": 247300000, "ebitdaratio": 0.1807748538, "operatingIncome": 247300000, "operatingIncomeRatio": 0.1807748538, "totalOtherIncomeExpensesNet": 0, "incomeBeforeTax": 0, "incomeBeforeTaxRatio": 0, "incomeTaxExpense": 66200000, "netIncome": 165100000, "netIncomeRatio": 0.1206871345, "eps": 0.35, "epsdiluted": 0.35, "weightedAverageShsOut": 477739726, "weightedAverageShsOutDil": 477739726, "link": "", "finalLink": "", "calculatedOtherExpenses": 1120700000, "calculatedOperatingExpenses": 1120700000, "calculatedNetInterest": -16000000, "calculatedOtherIncome": -231300000, "calculatedIncomeNonControlling": -231300000, "calculatedEbitda": 247300000}]}