{"originalCurrency": "USD", "convertedCurrency": "USD", "report": [{"date": "2023-12-31", "symbol": "GLOB", "reportedCurrency": "USD", "cik": "0001557860", "fillingDate": "2024-02-29", "acceptedDate": "2024-02-29 16:58:07", "calendarYear": "2023", "period": "FY", "revenue": 2095938999, "costOfRevenue": 1451442000, "grossProfit": 644496999, "grossProfitRatio": 0.3074979755, "researchAndDevelopmentExpenses": 0, "generalAndAdministrativeExpenses": 379465000, "sellingAndMarketingExpenses": 26323000, "sellingGeneralAndAdministrativeExpenses": 404719000, "otherExpenses": 233000, "operatingExpenses": 404719000, "costAndExpenses": 1856161000, "interestIncome": 4777000, "interestExpense": 23753000, "depreciationAndAmortization": 139861000, "ebitda": 379639000, "ebitdaratio": 0.1811307486, "operatingIncome": 239778000, "operatingIncomeRatio": 0.1144012302, "totalOtherIncomeExpensesNet": -41848000, "incomeBeforeTax": 197930000, "incomeBeforeTaxRatio": 0.0944350003, "incomeTaxExpense": 39511000, "netIncome": 158538000, "netIncomeRatio": 0.0756405602, "eps": 3.72, "epsdiluted": 3.64, "weightedAverageShsOut": 42601000, "weightedAverageShsOutDil": 43594000, "link": "https://www.sec.gov/Archives/edgar/data/1557860/000162828024008037/0001628280-24-008037-index.htm", "finalLink": "https://www.sec.gov/Archives/edgar/data/1557860/000162828024008037/glob-20231231.htm", "calculatedOtherExpenses": -1, "calculatedOperatingExpenses": 404718999, "calculatedNetInterest": -18976000, "calculatedOtherIncome": -22872000, "calculatedIncomeNonControlling": -119000, "calculatedEbitda": 379639000}, {"date": "2022-12-31", "symbol": "GLOB", "reportedCurrency": "USD", "cik": "0001557860", "fillingDate": "2022-12-31", "acceptedDate": "2022-12-30 19:00:00", "calendarYear": "2022", "period": "FY", "revenue": 1780243000, "costOfRevenue": 1110848000, "grossProfit": 669395000, "grossProfitRatio": 0.3760132746, "researchAndDevelopmentExpenses": 0, "generalAndAdministrativeExpenses": 327118000, "sellingAndMarketingExpenses": 26976000, "sellingGeneralAndAdministrativeExpenses": 456324000, "otherExpenses": -395000, "operatingExpenses": 456324000, "costAndExpenses": 1567172000, "interestIncome": 2832000, "interestExpense": 16552000, "depreciationAndAmortization": 107933000, "ebitda": 215800000, "ebitdaratio": 0.1212194066, "operatingIncome": 107867000, "operatingIncomeRatio": 0.0605911665, "totalOtherIncomeExpensesNet": 85017000, "incomeBeforeTax": 192884000, "incomeBeforeTaxRatio": 0.1083470066, "incomeTaxExpense": 43405000, "netIncome": 148891000, "netIncomeRatio": 0.0836352116, "eps": 3.55, "epsdiluted": 3.47, "weightedAverageShsOut": 41929000, "weightedAverageShsOutDil": 42855000, "link": "", "finalLink": "", "calculatedOtherExpenses": 105204000, "calculatedOperatingExpenses": 561528000, "calculatedNetInterest": -13720000, "calculatedOtherIncome": 98737000, "calculatedIncomeNonControlling": 588000, "calculatedEbitda": 215800000}, {"date": "2021-12-31", "symbol": "GLOB", "reportedCurrency": "USD", "cik": "0001557860", "fillingDate": "2022-02-28", "acceptedDate": "2022-02-28 17:12:08", "calendarYear": "2021", "period": "FY", "revenue": 1297078000, "costOfRevenue": 802090000, "grossProfit": 494988000, "grossProfitRatio": 0.3816177593, "researchAndDevelopmentExpenses": 0, "generalAndAdministrativeExpenses": 253281000, "sellingAndMarketingExpenses": 10299000, "sellingGeneralAndAdministrativeExpenses": 343004000, "otherExpenses": -3369000, "operatingExpenses": 343004000, "costAndExpenses": 1145094000, "interestIncome": 652000, "interestExpense": 12708000, "depreciationAndAmortization": 80286000, "ebitda": 145111000, "ebitdaratio": 0.1118753074, "operatingIncome": 64825000, "operatingIncomeRatio": 0.0499777192, "totalOtherIncomeExpensesNet": 60027000, "incomeBeforeTax": 124852000, "incomeBeforeTaxRatio": 0.0962563547, "incomeTaxExpense": 28497000, "netIncome": 96065000, "netIncomeRatio": 0.0740626238, "eps": 2.35, "epsdiluted": 2.28, "weightedAverageShsOut": 40940000, "weightedAverageShsOutDil": 42076000, "link": "https://www.sec.gov/Archives/edgar/data/1557860/000162828022004280/0001628280-22-004280-index.htm", "finalLink": "https://www.sec.gov/Archives/edgar/data/1557860/000162828022004280/glob-20211231.htm", "calculatedOtherExpenses": 87159000, "calculatedOperatingExpenses": 430163000, "calculatedNetInterest": -12056000, "calculatedOtherIncome": 72083000, "calculatedIncomeNonControlling": 290000, "calculatedEbitda": 145111000}, {"date": "2020-12-31", "symbol": "GLOB", "reportedCurrency": "USD", "cik": "0001557860", "fillingDate": "2021-02-26", "acceptedDate": "2021-02-26 16:46:07", "calendarYear": "2020", "period": "FY", "revenue": 814139000, "costOfRevenue": 509812000, "grossProfit": 304327000, "grossProfitRatio": 0.3738022623, "researchAndDevelopmentExpenses": 0, "generalAndAdministrativeExpenses": 158319000, "sellingAndMarketingExpenses": 3517000, "sellingGeneralAndAdministrativeExpenses": 217222000, "otherExpenses": 83000, "operatingExpenses": 217305000, "costAndExpenses": 727117000, "interestIncome": 1920000, "interestExpense": 10430000, "depreciationAndAmortization": 48480000, "ebitda": 90034000, "ebitdaratio": 0.1105879954, "operatingIncome": 41554000, "operatingIncomeRatio": 0.0510404243, "totalOtherIncomeExpensesNet": 34970000, "incomeBeforeTax": 76524000, "incomeBeforeTaxRatio": 0.0939937775, "incomeTaxExpense": 22307000, "netIncome": 54217000, "netIncomeRatio": 0.0665942794, "eps": 1.41, "epsdiluted": 1.37, "weightedAverageShsOut": 38515000, "weightedAverageShsOutDil": 39717000, "link": "https://www.sec.gov/Archives/edgar/data/1557860/000110465921029294/0001104659-21-029294-index.htm", "finalLink": "https://www.sec.gov/Archives/edgar/data/1557860/000110465921029294/glob-20201231.htm", "calculatedOtherExpenses": 45551000, "calculatedOperatingExpenses": 262773000, "calculatedNetInterest": -8510000, "calculatedOtherIncome": 43480000, "calculatedIncomeNonControlling": 0, "calculatedEbitda": 90034000}, {"date": "2019-12-31", "symbol": "GLOB", "reportedCurrency": "USD", "cik": "0001557860", "fillingDate": "2020-02-28", "acceptedDate": "2020-02-28 17:11:00", "calendarYear": "2019", "period": "FY", "revenue": 659325000, "costOfRevenue": 405164000, "grossProfit": 254161000, "grossProfitRatio": 0.385486672, "researchAndDevelopmentExpenses": 0, "generalAndAdministrativeExpenses": 122686000, "sellingAndMarketingExpenses": 2102000, "sellingGeneralAndAdministrativeExpenses": 172478000, "otherExpenses": 720000, "operatingExpenses": 173198000, "costAndExpenses": 578362000, "interestIncome": 13643000, "interestExpense": 26801000, "depreciationAndAmortization": 38839000, "ebitda": 96061000, "ebitdaratio": 0.1456959769, "operatingIncome": 57222000, "operatingIncomeRatio": 0.0867887612, "totalOtherIncomeExpensesNet": 11810000, "incomeBeforeTax": 69032000, "incomeBeforeTaxRatio": 0.10470102, "incomeTaxExpense": 15017000, "netIncome": 54015000, "netIncomeRatio": 0.0819246957, "eps": 1.48, "epsdiluted": 1.43, "weightedAverageShsOut": 36586000, "weightedAverageShsOutDil": 37674000, "link": "https://www.sec.gov/Archives/edgar/data/1557860/000110465920027221/0001104659-20-027221-index.htm", "finalLink": "https://www.sec.gov/Archives/edgar/data/1557860/000110465920027221/tm209501-1_20f.htm", "calculatedOtherExpenses": 24461000, "calculatedOperatingExpenses": 196939000, "calculatedNetInterest": -13158000, "calculatedOtherIncome": 24968000, "calculatedIncomeNonControlling": 0, "calculatedEbitda": 96061000}, {"date": "2018-12-31", "symbol": "GLOB", "reportedCurrency": "USD", "cik": "0001557860", "fillingDate": "2019-03-29", "acceptedDate": "2019-03-29 16:18:50", "calendarYear": "2018", "period": "FY", "revenue": 522310000, "costOfRevenue": 318554000, "grossProfit": 203756000, "grossProfitRatio": 0.3901054929, "researchAndDevelopmentExpenses": 0, "generalAndAdministrativeExpenses": 106777000, "sellingAndMarketingExpenses": 3763000, "sellingGeneralAndAdministrativeExpenses": 133186000, "otherExpenses": 6220000, "operatingExpenses": 133492000, "costAndExpenses": 452046000, "interestIncome": 11418000, "interestExpense": 16969000, "depreciationAndAmortization": 20543000, "ebitda": 87902000, "ebitdaratio": 0.1682946909, "operatingIncome": 66795000, "operatingIncomeRatio": 0.1278838238, "totalOtherIncomeExpensesNet": 2751000, "incomeBeforeTax": 67464000, "incomeBeforeTaxRatio": 0.1291646723, "incomeTaxExpense": 15868000, "netIncome": 51596000, "netIncomeRatio": 0.0987842469, "eps": 1.44, "epsdiluted": 1.41, "weightedAverageShsOut": 35746000, "weightedAverageShsOutDil": 36685000, "link": "https://www.sec.gov/Archives/edgar/data/1557860/000114420419016991/0001144204-19-016991-index.htm", "finalLink": "https://www.sec.gov/Archives/edgar/data/1557860/000114420419016991/tv516975_20f.htm", "calculatedOtherExpenses": 3775000, "calculatedOperatingExpenses": 136961000, "calculatedNetInterest": -5551000, "calculatedOtherIncome": 6220000, "calculatedIncomeNonControlling": 0, "calculatedEbitda": 87338000}, {"date": "2017-12-31", "symbol": "GLOB", "reportedCurrency": "USD", "cik": "0001557860", "fillingDate": "2018-04-13", "acceptedDate": "2018-04-13 16:17:33", "calendarYear": "2017", "period": "FY", "revenue": 413439000, "costOfRevenue": 262584000, "grossProfit": 150855000, "grossProfitRatio": 0.3648784948, "researchAndDevelopmentExpenses": 0, "generalAndAdministrativeExpenses": 91579000, "sellingAndMarketingExpenses": 1305000, "sellingGeneralAndAdministrativeExpenses": 110895000, "otherExpenses": 3989000, "operatingExpenses": 110895000, "costAndExpenses": 373479000, "interestIncome": 7956000, "interestExpense": 11064000, "depreciationAndAmortization": 16128000, "ebitda": 51905000, "ebitdaratio": 0.1255445181, "operatingIncome": 38374000, "operatingIncomeRatio": 0.0928165945, "totalOtherIncomeExpensesNet": 2403000, "incomeBeforeTax": 39255000, "incomeBeforeTaxRatio": 0.0949475013, "incomeTaxExpense": 8081000, "netIncome": 31174000, "netIncomeRatio": 0.0754016917, "eps": 0.89, "epsdiluted": 0.86, "weightedAverageShsOut": 34919000, "weightedAverageShsOutDil": 36096000, "link": "https://www.sec.gov/Archives/edgar/data/1557860/000114420418020505/0001144204-18-020505-index.htm", "finalLink": "https://www.sec.gov/Archives/edgar/data/1557860/000114420418020505/tv490757_20f.htm", "calculatedOtherExpenses": 1586000, "calculatedOperatingExpenses": 112481000, "calculatedNetInterest": -3108000, "calculatedOtherIncome": 3989000, "calculatedIncomeNonControlling": 0, "calculatedEbitda": 54502000}, {"date": "2016-12-31", "symbol": "GLOB", "reportedCurrency": "USD", "cik": "0001557860", "fillingDate": "2017-04-07", "acceptedDate": "2017-04-07 06:01:19", "calendarYear": "2016", "period": "FY", "revenue": 322856000, "costOfRevenue": 190935000, "grossProfit": 131921000, "grossProfitRatio": 0.4086063137, "researchAndDevelopmentExpenses": 0, "generalAndAdministrativeExpenses": 68191000, "sellingAndMarketingExpenses": 1123000, "sellingGeneralAndAdministrativeExpenses": 81346000, "otherExpenses": 3629000, "operatingExpenses": 81346000, "costAndExpenses": 272281000, "interestIncome": 16215000, "interestExpense": 19227000, "depreciationAndAmortization": 10918000, "ebitda": 70419000, "ebitdaratio": 0.218112719, "operatingIncome": 50575000, "operatingIncomeRatio": 0.1566487846, "totalOtherIncomeExpensesNet": 3629000, "incomeBeforeTax": 51192000, "incomeBeforeTaxRatio": 0.1585598533, "incomeTaxExpense": 14485000, "netIncome": 36707000, "netIncomeRatio": 0.1136946502, "eps": 1.07, "epsdiluted": 1.04, "weightedAverageShsOut": 34402000, "weightedAverageShsOutDil": 35413000, "link": "https://www.sec.gov/Archives/edgar/data/1557860/000114420417019512/0001144204-17-019512-index.htm", "finalLink": "https://www.sec.gov/Archives/edgar/data/1557860/000114420417019512/v463666_20f.htm", "calculatedOtherExpenses": 0, "calculatedOperatingExpenses": 81346000, "calculatedNetInterest": -3012000, "calculatedOtherIncome": 3629000, "calculatedIncomeNonControlling": 0, "calculatedEbitda": 61493000}, {"date": "2015-12-31", "symbol": "GLOB", "reportedCurrency": "USD", "cik": "0001557860", "fillingDate": "2016-04-29", "acceptedDate": "2016-04-29 09:10:20", "calendarYear": "2015", "period": "FY", "revenue": 253796000, "costOfRevenue": 160292000, "grossProfit": 93504000, "grossProfitRatio": 0.3684218821, "researchAndDevelopmentExpenses": 0, "generalAndAdministrativeExpenses": 59967000, "sellingAndMarketingExpenses": 1654000, "sellingGeneralAndAdministrativeExpenses": 71594000, "otherExpenses": 19707000, "operatingExpenses": 71594000, "costAndExpenses": 231886000, "interestIncome": 27555000, "interestExpense": 20952000, "depreciationAndAmortization": 9301000, "ebitda": 69172000, "ebitdaratio": 0.2725496068, "operatingIncome": 23730000, "operatingIncomeRatio": 0.0935002916, "totalOtherIncomeExpensesNet": 21527000, "incomeBeforeTax": 50040000, "incomeBeforeTaxRatio": 0.197166228, "incomeTaxExpense": 18420000, "netIncome": 31620000, "netIncomeRatio": 0.124588252, "eps": 0.93, "epsdiluted": 0.9, "weightedAverageShsOut": 33960000, "weightedAverageShsOutDil": 35013000, "link": "https://www.sec.gov/Archives/edgar/data/1557860/000114420416097409/0001144204-16-097409-index.htm", "finalLink": "https://www.sec.gov/Archives/edgar/data/1557860/000114420416097409/v437453_20f.htm", "calculatedOtherExpenses": -1820000, "calculatedOperatingExpenses": 69774000, "calculatedNetInterest": 6603000, "calculatedOtherIncome": 19707000, "calculatedIncomeNonControlling": 0, "calculatedEbitda": 33031000}, {"date": "2014-12-31", "symbol": "GLOB", "reportedCurrency": "USD", "cik": "0001557860", "fillingDate": "2015-04-27", "acceptedDate": "2015-04-27 15:03:27", "calendarYear": "2014", "period": "FY", "revenue": 199605000, "costOfRevenue": 121693000, "grossProfit": 77912000, "grossProfitRatio": 0.3903309035, "researchAndDevelopmentExpenses": 0, "generalAndAdministrativeExpenses": 47082000, "sellingAndMarketingExpenses": 1640000, "sellingGeneralAndAdministrativeExpenses": 48722000, "otherExpenses": 13009000, "operatingExpenses": 57288000, "costAndExpenses": 178981000, "interestIncome": 99000, "interestExpense": 1428000, "depreciationAndAmortization": 8034000, "ebitda": 41284000, "ebitdaratio": 0.2068284863, "operatingIncome": 22129000, "operatingIncomeRatio": 0.1108639563, "totalOtherIncomeExpensesNet": 15381000, "incomeBeforeTax": 34194000, "incomeBeforeTaxRatio": 0.171308334, "incomeTaxExpense": 8931000, "netIncome": 25263000, "netIncomeRatio": 0.1265649658, "eps": 0.81, "epsdiluted": 0.79, "weightedAverageShsOut": 30926000, "weightedAverageShsOutDil": 31867000, "link": "https://www.sec.gov/Archives/edgar/data/1557860/000114420415025184/0001144204-15-025184-index.htm", "finalLink": "https://www.sec.gov/Archives/edgar/data/1557860/000114420415025184/v408086_20f.htm", "calculatedOtherExpenses": 7061000, "calculatedOperatingExpenses": 55783000, "calculatedNetInterest": -1329000, "calculatedOtherIncome": 13394000, "calculatedIncomeNonControlling": 0, "calculatedEbitda": 30163000}, {"date": "2013-12-31", "symbol": "GLOB", "reportedCurrency": "USD", "cik": "0001557860", "fillingDate": "2013-12-31", "acceptedDate": "2013-12-30 19:00:00", "calendarYear": "2013", "period": "FY", "revenue": 158324000, "costOfRevenue": 99603000, "grossProfit": 58721000, "grossProfitRatio": 0.3708913368, "researchAndDevelopmentExpenses": 0, "generalAndAdministrativeExpenses": 44190000, "sellingAndMarketingExpenses": 1251000, "sellingGeneralAndAdministrativeExpenses": 45441000, "otherExpenses": 31082000, "operatingExpenses": 54841000, "costAndExpenses": 154444000, "interestIncome": 38000, "interestExpense": 1819000, "depreciationAndAmortization": 7156000, "ebitda": 41720000, "ebitdaratio": 0.2635102701, "operatingIncome": -5699000, "operatingIncomeRatio": -0.0359958061, "totalOtherIncomeExpensesNet": 18115000, "incomeBeforeTax": 19778000, "incomeBeforeTaxRatio": 0.124921048, "incomeTaxExpense": 6009000, "netIncome": 13769000, "netIncomeRatio": 0.0869672318, "eps": 0.41, "epsdiluted": 0.41, "weightedAverageShsOut": 33345158, "weightedAverageShsOutDil": 33345158, "link": "", "finalLink": "", "calculatedOtherExpenses": 18979000, "calculatedOperatingExpenses": 64420000, "calculatedNetInterest": -1781000, "calculatedOtherIncome": 27258000, "calculatedIncomeNonControlling": 0, "calculatedEbitda": 1457000}, {"date": "2012-12-31", "symbol": "GLOB", "reportedCurrency": "USD", "cik": "0001557860", "fillingDate": "2012-12-31", "acceptedDate": "2012-12-30 19:00:00", "calendarYear": "2012", "period": "FY", "revenue": 128849000, "costOfRevenue": 80612000, "grossProfit": 48237000, "grossProfitRatio": 0.3743684468, "researchAndDevelopmentExpenses": 0, "generalAndAdministrativeExpenses": 40716000, "sellingAndMarketingExpenses": 1074000, "sellingGeneralAndAdministrativeExpenses": 41790000, "otherExpenses": 291000, "operatingExpenses": 47680000, "costAndExpenses": 128292000, "interestIncome": 68000, "interestExpense": 1297000, "depreciationAndAmortization": 4770000, "ebitda": 5394000, "ebitdaratio": 0.0418629559, "operatingIncome": 557000, "operatingIncomeRatio": 0.0043228896, "totalOtherIncomeExpensesNet": -497000, "incomeBeforeTax": -1461000, "incomeBeforeTaxRatio": -0.011338854, "incomeTaxExpense": -160000, "netIncome": -1301000, "netIncomeRatio": -0.0100970904, "eps": -0.039, "epsdiluted": -0.039, "weightedAverageShsOut": 33345158, "weightedAverageShsOutDil": 33345158, "link": "", "finalLink": "", "calculatedOtherExpenses": 5890000, "calculatedOperatingExpenses": 47680000, "calculatedNetInterest": -1229000, "calculatedOtherIncome": -789000, "calculatedIncomeNonControlling": 0, "calculatedEbitda": 5327000}, {"date": "2011-12-31", "symbol": "GLOB", "reportedCurrency": "USD", "cik": "0001557860", "fillingDate": "2011-12-31", "acceptedDate": "2011-12-30 19:00:00", "calendarYear": "2011", "period": "FY", "revenue": 90073000, "costOfRevenue": 53604000, "grossProfit": 36469000, "grossProfitRatio": 0.4048827062, "researchAndDevelopmentExpenses": 0, "generalAndAdministrativeExpenses": 23269000, "sellingAndMarketingExpenses": 710000, "sellingGeneralAndAdministrativeExpenses": 23979000, "otherExpenses": -3000, "operatingExpenses": 26538000, "costAndExpenses": 80142000, "interestIncome": 0, "interestExpense": 371000, "depreciationAndAmortization": 2499000, "ebitda": 12195000, "ebitdaratio": 0.1353901835, "operatingIncome": 9931000, "operatingIncomeRatio": 0.1102550154, "totalOtherIncomeExpensesNet": -551000, "incomeBeforeTax": 8777000, "incomeBeforeTaxRatio": 0.097443185, "incomeTaxExpense": 1689000, "netIncome": 7088000, "netIncomeRatio": 0.0786917278, "eps": 0.21, "epsdiluted": 0.21, "weightedAverageShsOut": 33345158, "weightedAverageShsOutDil": 33345158, "link": "", "finalLink": "", "calculatedOtherExpenses": 2559000, "calculatedOperatingExpenses": 26538000, "calculatedNetInterest": -371000, "calculatedOtherIncome": -783000, "calculatedIncomeNonControlling": 0, "calculatedEbitda": 12430000}]}