{"originalCurrency": "USD", "convertedCurrency": "USD", "report": [{"date": "2023-12-31", "symbol": "GLPI", "reportedCurrency": "USD", "cik": "0001575965", "fillingDate": "2024-02-27", "acceptedDate": "2024-02-27 16:41:33", "calendarYear": "2023", "period": "FY", "revenue": 1440392000, "costOfRevenue": 297432000, "grossProfit": 1142960000, "grossProfitRatio": 0.7935062122, "researchAndDevelopmentExpenses": 0, "generalAndAdministrativeExpenses": 56450000, "sellingAndMarketingExpenses": 0, "sellingGeneralAndAdministrativeExpenses": 56450000, "otherExpenses": -62911000, "operatingExpenses": 62911000, "costAndExpenses": 373897000, "interestIncome": 12607000, "interestExpense": 323388000, "depreciationAndAmortization": 276424000, "ebitda": 1356473000, "ebitdaratio": 0.9417387767, "operatingIncome": 1080049000, "operatingIncomeRatio": 0.7498299074, "totalOtherIncomeExpensesNet": -322682000, "incomeBeforeTax": 757367000, "incomeBeforeTaxRatio": 0.5258061694, "incomeTaxExpense": 1997000, "netIncome": 734283000, "netIncomeRatio": 0.5097799766, "eps": 2.78, "epsdiluted": 2.77, "weightedAverageShsOut": 264053000, "weightedAverageShsOutDil": 264993000, "link": "https://www.sec.gov/Archives/edgar/data/1575965/000157596524000005/0001575965-24-000005-index.htm", "finalLink": "https://www.sec.gov/Archives/edgar/data/1575965/000157596524000005/glpi-20231231.htm", "calculatedOtherExpenses": 6461000, "calculatedOperatingExpenses": 62911000, "calculatedNetInterest": -310781000, "calculatedOtherIncome": -11901000, "calculatedIncomeNonControlling": 21087000, "calculatedEbitda": 1356473000}, {"date": "2022-12-31", "symbol": "GLPI", "reportedCurrency": "USD", "cik": "0001575965", "fillingDate": "2023-02-23", "acceptedDate": "2023-02-23 16:23:47", "calendarYear": "2022", "period": "FY", "revenue": 1311685000, "costOfRevenue": 49048000, "grossProfit": 1262637000, "grossProfitRatio": 0.9626068759, "researchAndDevelopmentExpenses": 0, "generalAndAdministrativeExpenses": 51319000, "sellingAndMarketingExpenses": 0, "sellingGeneralAndAdministrativeExpenses": 51319000, "otherExpenses": 245586000, "operatingExpenses": 296905000, "costAndExpenses": 345953000, "interestIncome": 1905000, "interestExpense": 309291000, "depreciationAndAmortization": 192269000, "ebitda": 1222184000, "ebitdaratio": 0.9317663921, "operatingIncome": 1029915000, "operatingIncomeRatio": 0.7851847052, "totalOtherIncomeExpensesNet": -309575000, "incomeBeforeTax": 720340000, "incomeBeforeTaxRatio": 0.5491714855, "incomeTaxExpense": 17055000, "netIncome": 684653000, "netIncomeRatio": 0.521964496, "eps": 2.71, "epsdiluted": 2.7, "weightedAverageShsOut": 252716000, "weightedAverageShsOutDil": 253846000, "link": "https://www.sec.gov/Archives/edgar/data/1575965/000157596523000007/0001575965-23-000007-index.htm", "finalLink": "https://www.sec.gov/Archives/edgar/data/1575965/000157596523000007/glpi-20221231.htm", "calculatedOtherExpenses": 181403000, "calculatedOperatingExpenses": 232722000, "calculatedNetInterest": -307386000, "calculatedOtherIncome": -2189000, "calculatedIncomeNonControlling": 18632000, "calculatedEbitda": 1222184000}, {"date": "2021-12-31", "symbol": "GLPI", "reportedCurrency": "USD", "cik": "0001575965", "fillingDate": "2022-02-24", "acceptedDate": "2022-02-24 16:32:03", "calendarYear": "2021", "period": "FY", "revenue": 1216351000, "costOfRevenue": 90429000, "grossProfit": 1125922000, "grossProfitRatio": 0.9256555057, "researchAndDevelopmentExpenses": 0, "generalAndAdministrativeExpenses": 61245000, "sellingAndMarketingExpenses": 0, "sellingGeneralAndAdministrativeExpenses": 61245000, "otherExpenses": 244660000, "operatingExpenses": 305905000, "costAndExpenses": 396334000, "interestIncome": 197000, "interestExpense": 283037000, "depreciationAndAmortization": 214880000, "ebitda": 1056648000, "ebitdaratio": 0.868703195, "operatingIncome": 841768000, "operatingIncomeRatio": 0.6920436617, "totalOtherIncomeExpensesNet": -279340000, "incomeBeforeTax": 562428000, "incomeBeforeTaxRatio": 0.462389557, "incomeTaxExpense": 28342000, "netIncome": 534047000, "netIncomeRatio": 0.4390566539, "eps": 2.27, "epsdiluted": 2.26, "weightedAverageShsOut": 235472000, "weightedAverageShsOutDil": 236231000, "link": "https://www.sec.gov/Archives/edgar/data/1575965/000157596522000005/0001575965-22-000005-index.htm", "finalLink": "https://www.sec.gov/Archives/edgar/data/1575965/000157596522000005/glpi-20211231.htm", "calculatedOtherExpenses": 222909000, "calculatedOperatingExpenses": 284154000, "calculatedNetInterest": -282840000, "calculatedOtherIncome": 3500000, "calculatedIncomeNonControlling": 39000, "calculatedEbitda": 1056648000}, {"date": "2020-12-31", "symbol": "GLPI", "reportedCurrency": "USD", "cik": "0001575965", "fillingDate": "2021-02-19", "acceptedDate": "2021-02-18 18:21:16", "calendarYear": "2020", "period": "FY", "revenue": 1153165000, "costOfRevenue": 85739000, "grossProfit": 1067426000, "grossProfitRatio": 0.9256489748, "researchAndDevelopmentExpenses": 0, "generalAndAdministrativeExpenses": 68572000, "sellingAndMarketingExpenses": 0, "sellingGeneralAndAdministrativeExpenses": 68572000, "otherExpenses": 230973000, "operatingExpenses": 299545000, "costAndExpenses": 385284000, "interestIncome": 569000, "interestExpense": 282142000, "depreciationAndAmortization": 190149000, "ebitda": 999423000, "ebitdaratio": 0.866678229, "operatingIncome": 809274000, "operatingIncomeRatio": 0.7017850871, "totalOtherIncomeExpensesNet": -299686000, "incomeBeforeTax": 509588000, "incomeBeforeTaxRatio": 0.4419038039, "incomeTaxExpense": 3877000, "netIncome": 505711000, "netIncomeRatio": 0.4385417525, "eps": 2.31, "epsdiluted": 2.3, "weightedAverageShsOut": 218817000, "weightedAverageShsOutDil": 219773000, "link": "https://www.sec.gov/Archives/edgar/data/1575965/000157596521000008/0001575965-21-000008-index.htm", "finalLink": "https://www.sec.gov/Archives/edgar/data/1575965/000157596521000008/glpi-20201231.htm", "calculatedOtherExpenses": 189580000, "calculatedOperatingExpenses": 258152000, "calculatedNetInterest": -281573000, "calculatedOtherIncome": -18113000, "calculatedIncomeNonControlling": 0, "calculatedEbitda": 999423000}, {"date": "2019-12-31", "symbol": "GLPI", "reportedCurrency": "USD", "cik": "0001575965", "fillingDate": "2020-02-21", "acceptedDate": "2020-02-20 17:43:21", "calendarYear": "2019", "period": "FY", "revenue": 1153473000, "costOfRevenue": 117138000, "grossProfit": 1036335000, "grossProfitRatio": 0.8984475579, "researchAndDevelopmentExpenses": 0, "generalAndAdministrativeExpenses": 65477000, "sellingAndMarketingExpenses": 0, "sellingGeneralAndAdministrativeExpenses": 65477000, "otherExpenses": 240435000, "operatingExpenses": 305912000, "costAndExpenses": 423050000, "interestIncome": 756000, "interestExpense": 301520000, "depreciationAndAmortization": 254191000, "ebitda": 971614000, "ebitdaratio": 0.8423378787, "operatingIncome": 717423000, "operatingIncomeRatio": 0.6219677444, "totalOtherIncomeExpensesNet": -321778000, "incomeBeforeTax": 395645000, "incomeBeforeTaxRatio": 0.3430032606, "incomeTaxExpense": 4764000, "netIncome": 390881000, "netIncomeRatio": 0.3388731249, "eps": 1.82, "epsdiluted": 1.81, "weightedAverageShsOut": 214667000, "weightedAverageShsOutDil": 215786000, "link": "https://www.sec.gov/Archives/edgar/data/1575965/000157596520000012/0001575965-20-000012-index.htm", "finalLink": "https://www.sec.gov/Archives/edgar/data/1575965/000157596520000012/glpi-2019123110xk.htm", "calculatedOtherExpenses": 253435000, "calculatedOperatingExpenses": 318912000, "calculatedNetInterest": -300764000, "calculatedOtherIncome": -21014000, "calculatedIncomeNonControlling": 0, "calculatedEbitda": 971614000}, {"date": "2018-12-31", "symbol": "GLPI", "reportedCurrency": "USD", "cik": "0001575965", "fillingDate": "2019-02-13", "acceptedDate": "2019-02-13 07:35:27", "calendarYear": "2018", "period": "FY", "revenue": 1055727000, "costOfRevenue": 194242000, "grossProfit": 861485000, "grossProfitRatio": 0.8160111468, "researchAndDevelopmentExpenses": 0, "generalAndAdministrativeExpenses": 71128000, "sellingAndMarketingExpenses": 0, "sellingGeneralAndAdministrativeExpenses": 71128000, "otherExpenses": 137093000, "operatingExpenses": 208221000, "costAndExpenses": 402463000, "interestIncome": 1827000, "interestExpense": 247684000, "depreciationAndAmortization": 137093000, "ebitda": 792184000, "ebitdaratio": 0.7503682297, "operatingIncome": 593810000, "operatingIncomeRatio": 0.5624654859, "totalOtherIncomeExpensesNet": -62927000, "incomeBeforeTax": 344480000, "incomeBeforeTaxRatio": 0.3262964763, "incomeTaxExpense": 4964000, "netIncome": 339516000, "netIncomeRatio": 0.3215945031, "eps": 1.59, "epsdiluted": 1.58, "weightedAverageShsOut": 213532075, "weightedAverageShsOutDil": 214779296, "link": "https://www.sec.gov/Archives/edgar/data/1575965/000157596519000005/0001575965-19-000005-index.htm", "finalLink": "https://www.sec.gov/Archives/edgar/data/1575965/000157596519000005/glpi-2018123110xk.htm", "calculatedOtherExpenses": 196547000, "calculatedOperatingExpenses": 267675000, "calculatedNetInterest": -245857000, "calculatedOtherIncome": -3473000, "calculatedIncomeNonControlling": 0, "calculatedEbitda": 730903000}, {"date": "2017-12-31", "symbol": "GLPI", "reportedCurrency": "USD", "cik": "0001575965", "fillingDate": "2018-02-16", "acceptedDate": "2018-02-16 10:25:01", "calendarYear": "2017", "period": "FY", "revenue": 971307000, "costOfRevenue": 189158000, "grossProfit": 782149000, "grossProfitRatio": 0.8052541575, "researchAndDevelopmentExpenses": 0, "generalAndAdministrativeExpenses": 63151000, "sellingAndMarketingExpenses": 0, "sellingGeneralAndAdministrativeExpenses": 63151000, "otherExpenses": 113480000, "operatingExpenses": 176631000, "costAndExpenses": 365789000, "interestIncome": 1935000, "interestExpense": 217068000, "depreciationAndAmortization": 113480000, "ebitda": 720933000, "ebitdaratio": 0.7422297996, "operatingIncome": 605518000, "operatingIncomeRatio": 0.6234053703, "totalOtherIncomeExpensesNet": -215133000, "incomeBeforeTax": 390385000, "incomeBeforeTaxRatio": 0.4019172105, "incomeTaxExpense": 9787000, "netIncome": 380598000, "netIncomeRatio": 0.3918410966, "eps": 1.8, "epsdiluted": 1.79, "weightedAverageShsOut": 211443333, "weightedAverageShsOutDil": 212751346, "link": "https://www.sec.gov/Archives/edgar/data/1575965/000157596518000004/0001575965-18-000004-index.htm", "finalLink": "https://www.sec.gov/Archives/edgar/data/1575965/000157596518000004/glpi-20171231x10k.htm", "calculatedOtherExpenses": 113480000, "calculatedOperatingExpenses": 176631000, "calculatedNetInterest": -215133000, "calculatedOtherIncome": 0, "calculatedIncomeNonControlling": 0, "calculatedEbitda": 718998000}, {"date": "2016-12-31", "symbol": "GLPI", "reportedCurrency": "USD", "cik": "0001575965", "fillingDate": "2017-02-22", "acceptedDate": "2017-02-22 11:33:08", "calendarYear": "2016", "period": "FY", "revenue": 828255000, "costOfRevenue": 151911000, "grossProfit": 676344000, "grossProfitRatio": 0.8165890939, "researchAndDevelopmentExpenses": 0, "generalAndAdministrativeExpenses": 86167000, "sellingAndMarketingExpenses": 0, "sellingGeneralAndAdministrativeExpenses": 86167000, "otherExpenses": 109554000, "operatingExpenses": 195721000, "costAndExpenses": 347632000, "interestIncome": 2123000, "interestExpense": 185896000, "depreciationAndAmortization": 109554000, "ebitda": 592300000, "ebitdaratio": 0.7151179287, "operatingIncome": 480623000, "operatingIncomeRatio": 0.5802838498, "totalOtherIncomeExpensesNet": -183773000, "incomeBeforeTax": 296850000, "incomeBeforeTaxRatio": 0.3584041147, "incomeTaxExpense": 7545000, "netIncome": 289305000, "netIncomeRatio": 0.3492946013, "eps": 1.62, "epsdiluted": 1.6, "weightedAverageShsOut": 178583333, "weightedAverageShsOutDil": 180815625, "link": "https://www.sec.gov/Archives/edgar/data/1575965/000157596517000006/0001575965-17-000006-index.htm", "finalLink": "https://www.sec.gov/Archives/edgar/data/1575965/000157596517000006/glpi-20161231x10k.htm", "calculatedOtherExpenses": 109554000, "calculatedOperatingExpenses": 195721000, "calculatedNetInterest": -183773000, "calculatedOtherIncome": 0, "calculatedIncomeNonControlling": 0, "calculatedEbitda": 590177000}, {"date": "2015-12-31", "symbol": "GLPI", "reportedCurrency": "USD", "cik": "0001575965", "fillingDate": "2016-02-22", "acceptedDate": "2016-02-22 13:58:32", "calendarYear": "2015", "period": "FY", "revenue": 575053000, "costOfRevenue": 122186000, "grossProfit": 452867000, "grossProfitRatio": 0.7875221936, "researchAndDevelopmentExpenses": 0, "generalAndAdministrativeExpenses": 85669000, "sellingAndMarketingExpenses": 0, "sellingGeneralAndAdministrativeExpenses": 85669000, "otherExpenses": 109783000, "operatingExpenses": 195452000, "costAndExpenses": 317638000, "interestIncome": 2332000, "interestExpense": 124183000, "depreciationAndAmortization": 109783000, "ebitda": 369530000, "ebitdaratio": 0.6426016385, "operatingIncome": 257415000, "operatingIncomeRatio": 0.4476370004, "totalOtherIncomeExpensesNet": -121851000, "incomeBeforeTax": 135564000, "incomeBeforeTaxRatio": 0.235741749, "incomeTaxExpense": 7442000, "netIncome": 128122000, "netIncomeRatio": 0.2228003332, "eps": 1.12, "epsdiluted": 1.08, "weightedAverageShsOut": 114394643, "weightedAverageShsOutDil": 118631481, "link": "https://www.sec.gov/Archives/edgar/data/1575965/000157596516000091/0001575965-16-000091-index.htm", "finalLink": "https://www.sec.gov/Archives/edgar/data/1575965/000157596516000091/glpi-20151231x10k.htm", "calculatedOtherExpenses": 109783000, "calculatedOperatingExpenses": 195452000, "calculatedNetInterest": -121851000, "calculatedOtherIncome": 0, "calculatedIncomeNonControlling": 0, "calculatedEbitda": 367198000}, {"date": "2014-12-31", "symbol": "GLPI", "reportedCurrency": "USD", "cik": "0001575965", "fillingDate": "2015-02-27", "acceptedDate": "2015-02-27 14:00:59", "calendarYear": "2014", "period": "FY", "revenue": 635945000, "costOfRevenue": 144883000, "grossProfit": 491062000, "grossProfitRatio": 0.7721768392, "researchAndDevelopmentExpenses": 0, "generalAndAdministrativeExpenses": 80836000, "sellingAndMarketingExpenses": 0, "sellingGeneralAndAdministrativeExpenses": 80836000, "otherExpenses": 106843000, "operatingExpenses": 187679000, "costAndExpenses": 332562000, "interestIncome": 2444000, "interestExpense": 117030000, "depreciationAndAmortization": 106843000, "ebitda": 412670000, "ebitdaratio": 0.6489083175, "operatingIncome": 303383000, "operatingIncomeRatio": 0.4770585507, "totalOtherIncomeExpensesNet": -114586000, "incomeBeforeTax": 188797000, "incomeBeforeTaxRatio": 0.2968763022, "incomeTaxExpense": 3413000, "netIncome": 185384000, "netIncomeRatio": 0.2915094859, "eps": 1.65, "epsdiluted": 1.58, "weightedAverageShsOut": 112353939, "weightedAverageShsOutDil": 117331646, "link": "https://www.sec.gov/Archives/edgar/data/1575965/000157596515000004/0001575965-15-000004-index.htm", "finalLink": "https://www.sec.gov/Archives/edgar/data/1575965/000157596515000004/glpi-20141231x10k.htm", "calculatedOtherExpenses": 106843000, "calculatedOperatingExpenses": 187679000, "calculatedNetInterest": -114586000, "calculatedOtherIncome": 0, "calculatedIncomeNonControlling": 0, "calculatedEbitda": 410226000}, {"date": "2013-12-31", "symbol": "GLPI", "reportedCurrency": "USD", "cik": "0001575965", "fillingDate": "2014-03-25", "acceptedDate": "2014-03-25 12:23:19", "calendarYear": "2013", "period": "FY", "revenue": 242129000, "costOfRevenue": 100142000, "grossProfit": 141987000, "grossProfitRatio": 0.5864105497, "researchAndDevelopmentExpenses": 0, "generalAndAdministrativeExpenses": 56685000, "sellingAndMarketingExpenses": 0, "sellingGeneralAndAdministrativeExpenses": 56685000, "otherExpenses": 28923000, "operatingExpenses": 85608000, "costAndExpenses": 185750000, "interestIncome": 1000, "interestExpense": 19254000, "depreciationAndAmortization": 28923000, "ebitda": 85303000, "ebitdaratio": 0.3523039372, "operatingIncome": 60582000, "operatingIncomeRatio": 0.250205469, "totalOtherIncomeExpensesNet": -23456000, "incomeBeforeTax": 37126000, "incomeBeforeTaxRatio": 0.1533314886, "incomeTaxExpense": 17296000, "netIncome": 19830000, "netIncomeRatio": 0.0818984921, "eps": 0.18, "epsdiluted": 0.17, "weightedAverageShsOut": 110166667, "weightedAverageShsOutDil": 110166667, "link": "https://www.sec.gov/Archives/edgar/data/1575965/000104746914002922/0001047469-14-002922-index.htm", "finalLink": "https://www.sec.gov/Archives/edgar/data/1575965/000104746914002922/a2219172z10-k.htm", "calculatedOtherExpenses": 24720000, "calculatedOperatingExpenses": 81405000, "calculatedNetInterest": -19253000, "calculatedOtherIncome": -4203000, "calculatedIncomeNonControlling": 0, "calculatedEbitda": 89505000}, {"date": "2012-12-31", "symbol": "GLPI", "reportedCurrency": "USD", "cik": "0001575965", "fillingDate": "2012-12-31", "acceptedDate": "2012-12-30 19:00:00", "calendarYear": "2012", "period": "FY", "revenue": 210643000, "costOfRevenue": 127817000, "grossProfit": 82826000, "grossProfitRatio": 0.3932055658, "researchAndDevelopmentExpenses": 0, "generalAndAdministrativeExpenses": 31388000, "sellingAndMarketingExpenses": 0, "sellingGeneralAndAdministrativeExpenses": 31388000, "otherExpenses": 14090000, "operatingExpenses": 45478000, "costAndExpenses": 173295000, "interestIncome": 2000, "interestExpense": 0, "depreciationAndAmortization": 14090000, "ebitda": 51440000, "ebitdaratio": 0.2442046496, "operatingIncome": 43668000, "operatingIncomeRatio": 0.2073080995, "totalOtherIncomeExpensesNet": -6318000, "incomeBeforeTax": 37350000, "incomeBeforeTaxRatio": 0.1773142236, "incomeTaxExpense": 14431000, "netIncome": 22919000, "netIncomeRatio": 0.1088049449, "eps": 0.26, "epsdiluted": 0.26, "weightedAverageShsOut": 89020704, "weightedAverageShsOutDil": 89020704, "link": "", "finalLink": "", "calculatedOtherExpenses": 7770000, "calculatedOperatingExpenses": 39158000, "calculatedNetInterest": 2000, "calculatedOtherIncome": -6320000, "calculatedIncomeNonControlling": 0, "calculatedEbitda": 57758000}, {"date": "2011-12-31", "symbol": "GLPI", "reportedCurrency": "USD", "cik": "0001575965", "fillingDate": "2011-12-31", "acceptedDate": "2011-12-30 19:00:00", "calendarYear": "2011", "period": "FY", "revenue": 231884000, "costOfRevenue": 139997000, "grossProfit": 91887000, "grossProfitRatio": 0.3962627866, "researchAndDevelopmentExpenses": 0, "generalAndAdministrativeExpenses": 31764000, "sellingAndMarketingExpenses": 0, "sellingGeneralAndAdministrativeExpenses": 31764000, "otherExpenses": 14568000, "operatingExpenses": 46332000, "costAndExpenses": 186329000, "interestIncome": 4000, "interestExpense": 0, "depreciationAndAmortization": 14568000, "ebitda": 60127000, "ebitdaratio": 0.2592977523, "operatingIncome": 52513000, "operatingIncomeRatio": 0.2264623691, "totalOtherIncomeExpensesNet": -6954000, "incomeBeforeTax": 45559000, "incomeBeforeTaxRatio": 0.1964732366, "incomeTaxExpense": 18875000, "netIncome": 26684000, "netIncomeRatio": 0.1150747788, "eps": 0.3, "epsdiluted": 0.3, "weightedAverageShsOut": 89020704, "weightedAverageShsOutDil": 89020704, "link": "", "finalLink": "", "calculatedOtherExpenses": 7610000, "calculatedOperatingExpenses": 39374000, "calculatedNetInterest": 4000, "calculatedOtherIncome": -6958000, "calculatedIncomeNonControlling": 0, "calculatedEbitda": 67081000}]}