{"originalCurrency": "USD", "convertedCurrency": "USD", "report": [{"date": "2023-12-31", "symbol": "GLW", "reportedCurrency": "USD", "cik": "0000024741", "fillingDate": "2024-02-12", "acceptedDate": "2024-02-12 13:58:00", "calendarYear": "2023", "period": "FY", "revenue": 12588000000, "costOfRevenue": 8657000000, "grossProfit": 3931000000, "grossProfitRatio": 0.312281538, "researchAndDevelopmentExpenses": 1076000000, "generalAndAdministrativeExpenses": 0, "sellingAndMarketingExpenses": 0, "sellingGeneralAndAdministrativeExpenses": 1843000000, "otherExpenses": 56000000, "operatingExpenses": 2919000000, "costAndExpenses": 11576000000, "interestIncome": 38000000, "interestExpense": -329000000, "depreciationAndAmortization": 1369000000, "ebitda": 890000000, "ebitdaratio": 0.0707022561, "operatingIncome": 890000000, "operatingIncomeRatio": 0.0707022561, "totalOtherIncomeExpensesNet": -74000000, "incomeBeforeTax": 816000000, "incomeBeforeTaxRatio": 0.0648236416, "incomeTaxExpense": -168000000, "netIncome": 581000000, "netIncomeRatio": 0.0461550683, "eps": 0.69, "epsdiluted": 0.68, "weightedAverageShsOut": 848000000, "weightedAverageShsOutDil": 859000000, "link": "https://www.sec.gov/Archives/edgar/data/24741/000143774924003735/0001437749-24-003735-index.htm", "finalLink": "https://www.sec.gov/Archives/edgar/data/24741/000143774924003735/glw20231231_10k.htm", "calculatedOtherExpenses": 122000000, "calculatedOperatingExpenses": 3041000000, "calculatedNetInterest": 367000000, "calculatedOtherIncome": -441000000, "calculatedIncomeNonControlling": 403000000, "calculatedEbitda": 2259000000}, {"date": "2022-12-31", "symbol": "GLW", "reportedCurrency": "USD", "cik": "0000024741", "fillingDate": "2023-02-13", "acceptedDate": "2023-02-13 15:17:42", "calendarYear": "2022", "period": "FY", "revenue": 14189000000, "costOfRevenue": 9683000000, "grossProfit": 4506000000, "grossProfitRatio": 0.3175699486, "researchAndDevelopmentExpenses": 1047000000, "generalAndAdministrativeExpenses": 0, "sellingAndMarketingExpenses": 0, "sellingGeneralAndAdministrativeExpenses": 1898000000, "otherExpenses": 123000000, "operatingExpenses": 3068000000, "costAndExpenses": 12751000000, "interestIncome": 15000000, "interestExpense": 292000000, "depreciationAndAmortization": 1752000000, "ebitda": 3190000000, "ebitdaratio": 0.2248220452, "operatingIncome": 1438000000, "operatingIncomeRatio": 0.1013461132, "totalOtherIncomeExpensesNet": 359000000, "incomeBeforeTax": 1797000000, "incomeBeforeTaxRatio": 0.1266474029, "incomeTaxExpense": 411000000, "netIncome": 1316000000, "netIncomeRatio": 0.0927479033, "eps": 1.56, "epsdiluted": 1.54, "weightedAverageShsOut": 843000000, "weightedAverageShsOutDil": 857000000, "link": "https://www.sec.gov/Archives/edgar/data/24741/000143774923003123/0001437749-23-003123-index.htm", "finalLink": "https://www.sec.gov/Archives/edgar/data/24741/000143774923003123/glw20221231_10k.htm", "calculatedOtherExpenses": 123000000, "calculatedOperatingExpenses": 3068000000, "calculatedNetInterest": -277000000, "calculatedOtherIncome": 636000000, "calculatedIncomeNonControlling": 70000000, "calculatedEbitda": 3190000000}, {"date": "2021-12-31", "symbol": "GLW", "reportedCurrency": "USD", "cik": "0000024741", "fillingDate": "2022-02-14", "acceptedDate": "2022-02-14 15:33:51", "calendarYear": "2021", "period": "FY", "revenue": 14082000000, "costOfRevenue": 9019000000, "grossProfit": 5063000000, "grossProfitRatio": 0.3595369976, "researchAndDevelopmentExpenses": 995000000, "generalAndAdministrativeExpenses": 0, "sellingAndMarketingExpenses": 0, "sellingGeneralAndAdministrativeExpenses": 1827000000, "otherExpenses": 129000000, "operatingExpenses": 2951000000, "costAndExpenses": 11970000000, "interestIncome": 11000000, "interestExpense": 300000000, "depreciationAndAmortization": 1712000000, "ebitda": 3824000000, "ebitdaratio": 0.2715523363, "operatingIncome": 2112000000, "operatingIncomeRatio": 0.1499786962, "totalOtherIncomeExpensesNet": 285000000, "incomeBeforeTax": 2397000000, "incomeBeforeTaxRatio": 0.1702172987, "incomeTaxExpense": 491000000, "netIncome": 1906000000, "netIncomeRatio": 0.1353500923, "eps": 1.3, "epsdiluted": 1.28, "weightedAverageShsOut": 828000000, "weightedAverageShsOutDil": 844000000, "link": "https://www.sec.gov/Archives/edgar/data/24741/000143774922003247/0001437749-22-003247-index.htm", "finalLink": "https://www.sec.gov/Archives/edgar/data/24741/000143774922003247/glw20211231_10k.htm", "calculatedOtherExpenses": 129000000, "calculatedOperatingExpenses": 2951000000, "calculatedNetInterest": -289000000, "calculatedOtherIncome": 574000000, "calculatedIncomeNonControlling": 0, "calculatedEbitda": 3824000000}, {"date": "2020-12-31", "symbol": "GLW", "reportedCurrency": "USD", "cik": "0000024741", "fillingDate": "2021-02-12", "acceptedDate": "2021-02-12 17:24:24", "calendarYear": "2020", "period": "FY", "revenue": 11303000000, "costOfRevenue": 7772000000, "grossProfit": 3531000000, "grossProfitRatio": 0.3123949394, "researchAndDevelopmentExpenses": 1154000000, "generalAndAdministrativeExpenses": 0, "sellingAndMarketingExpenses": 0, "sellingGeneralAndAdministrativeExpenses": 1747000000, "otherExpenses": 121000000, "operatingExpenses": 3022000000, "costAndExpenses": 10794000000, "interestIncome": 15000000, "interestExpense": 276000000, "depreciationAndAmortization": 1450000000, "ebitda": 1959000000, "ebitdaratio": 0.1733168185, "operatingIncome": 509000000, "operatingIncomeRatio": 0.0450322923, "totalOtherIncomeExpensesNet": 114000000, "incomeBeforeTax": 623000000, "incomeBeforeTaxRatio": 0.0551181102, "incomeTaxExpense": 111000000, "netIncome": 512000000, "netIncomeRatio": 0.0452977086, "eps": 0.54, "epsdiluted": 0.54, "weightedAverageShsOut": 761000000, "weightedAverageShsOutDil": 772000000, "link": "https://www.sec.gov/Archives/edgar/data/24741/000156276221000023/0001562762-21-000023-index.htm", "finalLink": "https://www.sec.gov/Archives/edgar/data/24741/000156276221000023/glw-20201231x10k.htm", "calculatedOtherExpenses": 121000000, "calculatedOperatingExpenses": 3022000000, "calculatedNetInterest": -261000000, "calculatedOtherIncome": 375000000, "calculatedIncomeNonControlling": 0, "calculatedEbitda": 1959000000}, {"date": "2019-12-31", "symbol": "GLW", "reportedCurrency": "USD", "cik": "0000024741", "fillingDate": "2020-02-18", "acceptedDate": "2020-02-14 17:54:02", "calendarYear": "2019", "period": "FY", "revenue": 11503000000, "costOfRevenue": 7468000000, "grossProfit": 4035000000, "grossProfitRatio": 0.3507780579, "researchAndDevelopmentExpenses": 1031000000, "generalAndAdministrativeExpenses": 0, "sellingAndMarketingExpenses": 0, "sellingGeneralAndAdministrativeExpenses": 1585000000, "otherExpenses": 113000000, "operatingExpenses": 2729000000, "costAndExpenses": 10197000000, "interestIncome": 21000000, "interestExpense": 221000000, "depreciationAndAmortization": 1386000000, "ebitda": 2692000000, "ebitdaratio": 0.2340259063, "operatingIncome": 1306000000, "operatingIncomeRatio": 0.1135355994, "totalOtherIncomeExpensesNet": -90000000, "incomeBeforeTax": 1216000000, "incomeBeforeTaxRatio": 0.1057115535, "incomeTaxExpense": 256000000, "netIncome": 960000000, "netIncomeRatio": 0.0834564896, "eps": 1.11, "epsdiluted": 1.07, "weightedAverageShsOut": 776000000, "weightedAverageShsOutDil": 899000000, "link": "https://www.sec.gov/Archives/edgar/data/24741/000002474120000014/0000024741-20-000014-index.htm", "finalLink": "https://www.sec.gov/Archives/edgar/data/24741/000002474120000014/glw-20191231x10k.htm", "calculatedOtherExpenses": 113000000, "calculatedOperatingExpenses": 2729000000, "calculatedNetInterest": -200000000, "calculatedOtherIncome": 110000000, "calculatedIncomeNonControlling": 0, "calculatedEbitda": 2692000000}, {"date": "2018-12-31", "symbol": "GLW", "reportedCurrency": "USD", "cik": "0000024741", "fillingDate": "2019-02-12", "acceptedDate": "2019-02-12 13:00:22", "calendarYear": "2018", "period": "FY", "revenue": 11290000000, "costOfRevenue": 6829000000, "grossProfit": 4461000000, "grossProfitRatio": 0.3951284322, "researchAndDevelopmentExpenses": 993000000, "generalAndAdministrativeExpenses": 0, "sellingAndMarketingExpenses": 0, "sellingGeneralAndAdministrativeExpenses": 1799000000, "otherExpenses": -216000000, "operatingExpenses": 2886000000, "costAndExpenses": 9715000000, "interestIncome": 38000000, "interestExpense": 191000000, "depreciationAndAmortization": 1293000000, "ebitda": 3080000000, "ebitdaratio": 0.2728077945, "operatingIncome": 1575000000, "operatingIncomeRatio": 0.1395039858, "totalOtherIncomeExpensesNet": 81000000, "incomeBeforeTax": 1503000000, "incomeBeforeTaxRatio": 0.1331266608, "incomeTaxExpense": 437000000, "netIncome": 1066000000, "netIncomeRatio": 0.0944198406, "eps": 1.13, "epsdiluted": 1.13, "weightedAverageShsOut": 941000000, "weightedAverageShsOutDil": 941000000, "link": "https://www.sec.gov/Archives/edgar/data/24741/000002474119000016/0000024741-19-000016-index.htm", "finalLink": "https://www.sec.gov/Archives/edgar/data/24741/000002474119000016/glw-20181231x10k.htm", "calculatedOtherExpenses": 94000000, "calculatedOperatingExpenses": 2886000000, "calculatedNetInterest": -153000000, "calculatedOtherIncome": 81000000, "calculatedIncomeNonControlling": 0, "calculatedEbitda": 2868000000}, {"date": "2017-12-31", "symbol": "GLW", "reportedCurrency": "USD", "cik": "0000024741", "fillingDate": "2018-02-15", "acceptedDate": "2018-02-15 07:34:29", "calendarYear": "2017", "period": "FY", "revenue": 10116000000, "costOfRevenue": 6084000000, "grossProfit": 4032000000, "grossProfitRatio": 0.3985765125, "researchAndDevelopmentExpenses": 860000000, "generalAndAdministrativeExpenses": 0, "sellingAndMarketingExpenses": 0, "sellingGeneralAndAdministrativeExpenses": 1467000000, "otherExpenses": -103000000, "operatingExpenses": 2402000000, "costAndExpenses": 8486000000, "interestIncome": 45000000, "interestExpense": 155000000, "depreciationAndAmortization": 1158000000, "ebitda": 3091000000, "ebitdaratio": 0.3055555556, "operatingIncome": 1630000000, "operatingIncomeRatio": 0.1611308818, "totalOtherIncomeExpensesNet": 137000000, "incomeBeforeTax": 1657000000, "incomeBeforeTaxRatio": 0.1637999209, "incomeTaxExpense": 2154000000, "netIncome": -497000000, "netIncomeRatio": -0.0491300909, "eps": -0.56, "epsdiluted": -0.56, "weightedAverageShsOut": 895000000, "weightedAverageShsOutDil": 895000000, "link": "https://www.sec.gov/Archives/edgar/data/24741/000002474118000010/0000024741-18-000010-index.htm", "finalLink": "https://www.sec.gov/Archives/edgar/data/24741/000002474118000010/glw-20171231x10k.htm", "calculatedOtherExpenses": 75000000, "calculatedOperatingExpenses": 2402000000, "calculatedNetInterest": -110000000, "calculatedOtherIncome": 137000000, "calculatedIncomeNonControlling": 0, "calculatedEbitda": 2788000000}, {"date": "2016-12-31", "symbol": "GLW", "reportedCurrency": "USD", "cik": "0000024741", "fillingDate": "2017-02-06", "acceptedDate": "2017-02-06 16:27:25", "calendarYear": "2016", "period": "FY", "revenue": 9390000000, "costOfRevenue": 5644000000, "grossProfit": 3746000000, "grossProfitRatio": 0.3989350373, "researchAndDevelopmentExpenses": 742000000, "generalAndAdministrativeExpenses": 0, "sellingAndMarketingExpenses": 0, "sellingGeneralAndAdministrativeExpenses": 1472000000, "otherExpenses": -84000000, "operatingExpenses": 2278000000, "costAndExpenses": 7922000000, "interestIncome": 32000000, "interestExpense": 159000000, "depreciationAndAmortization": 1195000000, "ebitda": 2895000000, "ebitdaratio": 0.3083067093, "operatingIncome": 1391000000, "operatingIncomeRatio": 0.1481363152, "totalOtherIncomeExpensesNet": 2351000000, "incomeBeforeTax": 3692000000, "incomeBeforeTaxRatio": 0.3931842386, "incomeTaxExpense": -3000000, "netIncome": 3695000000, "netIncomeRatio": 0.3935037274, "eps": 3.53, "epsdiluted": 3.23, "weightedAverageShsOut": 1020000000, "weightedAverageShsOutDil": 1144000000, "link": "https://www.sec.gov/Archives/edgar/data/24741/000002474117000011/0000024741-17-000011-index.htm", "finalLink": "https://www.sec.gov/Archives/edgar/data/24741/000002474117000011/q4201610k.htm", "calculatedOtherExpenses": 141000000, "calculatedOperatingExpenses": 2355000000, "calculatedNetInterest": -127000000, "calculatedOtherIncome": 2428000000, "calculatedIncomeNonControlling": 0, "calculatedEbitda": 2586000000}, {"date": "2015-12-31", "symbol": "GLW", "reportedCurrency": "USD", "cik": "0000024741", "fillingDate": "2016-02-12", "acceptedDate": "2016-02-12 15:31:03", "calendarYear": "2015", "period": "FY", "revenue": 9111000000, "costOfRevenue": 5458000000, "grossProfit": 3653000000, "grossProfitRatio": 0.400943914, "researchAndDevelopmentExpenses": 769000000, "generalAndAdministrativeExpenses": 0, "sellingAndMarketingExpenses": 0, "sellingGeneralAndAdministrativeExpenses": 1523000000, "otherExpenses": -101000000, "operatingExpenses": 2346000000, "costAndExpenses": 7804000000, "interestIncome": 21000000, "interestExpense": 140000000, "depreciationAndAmortization": 1184000000, "ebitda": 2710000000, "ebitdaratio": 0.2974426517, "operatingIncome": 1322000000, "operatingIncomeRatio": 0.1450993305, "totalOtherIncomeExpensesNet": 298000000, "incomeBeforeTax": 1486000000, "incomeBeforeTaxRatio": 0.16309955, "incomeTaxExpense": 147000000, "netIncome": 1339000000, "netIncomeRatio": 0.1469652069, "eps": 1.02, "epsdiluted": 1, "weightedAverageShsOut": 1219000000, "weightedAverageShsOutDil": 1343000000, "link": "https://www.sec.gov/Archives/edgar/data/24741/000002474116000077/0000024741-16-000077-index.htm", "finalLink": "https://www.sec.gov/Archives/edgar/data/24741/000002474116000077/form10k2015.htm", "calculatedOtherExpenses": 39000000, "calculatedOperatingExpenses": 2331000000, "calculatedNetInterest": -119000000, "calculatedOtherIncome": 283000000, "calculatedIncomeNonControlling": 0, "calculatedEbitda": 2506000000}, {"date": "2014-12-31", "symbol": "GLW", "reportedCurrency": "USD", "cik": "0000024741", "fillingDate": "2015-02-13", "acceptedDate": "2015-02-13 10:22:33", "calendarYear": "2014", "period": "FY", "revenue": 9715000000, "costOfRevenue": 5663000000, "grossProfit": 4052000000, "grossProfitRatio": 0.4170869789, "researchAndDevelopmentExpenses": 815000000, "generalAndAdministrativeExpenses": 0, "sellingAndMarketingExpenses": 0, "sellingGeneralAndAdministrativeExpenses": 1211000000, "otherExpenses": 1394000000, "operatingExpenses": 2059000000, "costAndExpenses": 7722000000, "interestIncome": 26000000, "interestExpense": 123000000, "depreciationAndAmortization": 1200000000, "ebitda": 4879000000, "ebitdaratio": 0.5022130726, "operatingIncome": 1931000000, "operatingIncomeRatio": 0.1987647967, "totalOtherIncomeExpensesNet": 1672000000, "incomeBeforeTax": 3568000000, "incomeBeforeTaxRatio": 0.3672671127, "incomeTaxExpense": 1096000000, "netIncome": 2472000000, "netIncomeRatio": 0.2544518785, "eps": 1.82, "epsdiluted": 1.73, "weightedAverageShsOut": 1305000000, "weightedAverageShsOutDil": 1427000000, "link": "https://www.sec.gov/Archives/edgar/data/24741/000002474115000015/0000024741-15-000015-index.htm", "finalLink": "https://www.sec.gov/Archives/edgar/data/24741/000002474115000015/form10k2014.htm", "calculatedOtherExpenses": 95000000, "calculatedOperatingExpenses": 2121000000, "calculatedNetInterest": -97000000, "calculatedOtherIncome": 1734000000, "calculatedIncomeNonControlling": 0, "calculatedEbitda": 3131000000}, {"date": "2013-12-31", "symbol": "GLW", "reportedCurrency": "USD", "cik": "0000024741", "fillingDate": "2014-02-10", "acceptedDate": "2014-02-10 12:09:06", "calendarYear": "2013", "period": "FY", "revenue": 7819000000, "costOfRevenue": 4495000000, "grossProfit": 3324000000, "grossProfitRatio": 0.4251183016, "researchAndDevelopmentExpenses": 710000000, "generalAndAdministrativeExpenses": 0, "sellingAndMarketingExpenses": 0, "sellingGeneralAndAdministrativeExpenses": 1126000000, "otherExpenses": 667000000, "operatingExpenses": 1867000000, "costAndExpenses": 6362000000, "interestIncome": 8000000, "interestExpense": 120000000, "depreciationAndAmortization": 1002000000, "ebitda": 3681000000, "ebitdaratio": 0.4707763141, "operatingIncome": 1371000000, "operatingIncomeRatio": 0.1753421154, "totalOtherIncomeExpensesNet": 1128000000, "incomeBeforeTax": 2473000000, "incomeBeforeTaxRatio": 0.3162808543, "incomeTaxExpense": 512000000, "netIncome": 1961000000, "netIncomeRatio": 0.250799335, "eps": 1.35, "epsdiluted": 1.34, "weightedAverageShsOut": 1452000000, "weightedAverageShsOutDil": 1462000000, "link": "https://www.sec.gov/Archives/edgar/data/24741/000130817914000032/0001308179-14-000032-index.htm", "finalLink": "https://www.sec.gov/Archives/edgar/data/24741/000130817914000032/lglw2013_10k.htm", "calculatedOtherExpenses": 117000000, "calculatedOperatingExpenses": 1953000000, "calculatedNetInterest": -112000000, "calculatedOtherIncome": 1214000000, "calculatedIncomeNonControlling": 0, "calculatedEbitda": 2373000000}, {"date": "2012-12-31", "symbol": "GLW", "reportedCurrency": "USD", "cik": "0000024741", "fillingDate": "2013-02-13", "acceptedDate": "2013-02-13 16:06:18", "calendarYear": "2012", "period": "FY", "revenue": 8012000000, "costOfRevenue": 4615000000, "grossProfit": 3397000000, "grossProfitRatio": 0.4239890165, "researchAndDevelopmentExpenses": 745000000, "generalAndAdministrativeExpenses": 0, "sellingAndMarketingExpenses": 0, "sellingGeneralAndAdministrativeExpenses": 1165000000, "otherExpenses": 83000000, "operatingExpenses": 1929000000, "costAndExpenses": 6544000000, "interestIncome": 14000000, "interestExpense": 111000000, "depreciationAndAmortization": 997000000, "ebitda": 3372000000, "ebitdaratio": 0.420868697, "operatingIncome": 1321000000, "operatingIncomeRatio": 0.1648776835, "totalOtherIncomeExpensesNet": 746000000, "incomeBeforeTax": 2117000000, "incomeBeforeTaxRatio": 0.264228657, "incomeTaxExpense": 389000000, "netIncome": 1636000000, "netIncomeRatio": 0.2041937094, "eps": 1.1, "epsdiluted": 1.09, "weightedAverageShsOut": 1494000000, "weightedAverageShsOutDil": 1506000000, "link": "https://www.sec.gov/Archives/edgar/data/24741/000130817913000024/0001308179-13-000024-index.htm", "finalLink": "https://www.sec.gov/Archives/edgar/data/24741/000130817913000024/lcorningincorporated_10k.htm", "calculatedOtherExpenses": 166000000, "calculatedOperatingExpenses": 2076000000, "calculatedNetInterest": -97000000, "calculatedOtherIncome": 893000000, "calculatedIncomeNonControlling": 92000000, "calculatedEbitda": 2318000000}, {"date": "2011-12-31", "symbol": "GLW", "reportedCurrency": "USD", "cik": "0000024741", "fillingDate": "2012-02-13", "acceptedDate": "2012-02-13 16:08:03", "calendarYear": "2011", "period": "FY", "revenue": 7890000000, "costOfRevenue": 4324000000, "grossProfit": 3566000000, "grossProfitRatio": 0.451964512, "researchAndDevelopmentExpenses": 671000000, "generalAndAdministrativeExpenses": 0, "sellingAndMarketingExpenses": 0, "sellingGeneralAndAdministrativeExpenses": 1033000000, "otherExpenses": 15000000, "operatingExpenses": 1719000000, "costAndExpenses": 6043000000, "interestIncome": 19000000, "interestExpense": 89000000, "depreciationAndAmortization": 957000000, "ebitda": 4294000000, "ebitdaratio": 0.5442332066, "operatingIncome": 1694000000, "operatingIncomeRatio": 0.2147021546, "totalOtherIncomeExpensesNet": 1436000000, "incomeBeforeTax": 3213000000, "incomeBeforeTaxRatio": 0.4072243346, "incomeTaxExpense": 408000000, "netIncome": 2817000000, "netIncomeRatio": 0.3570342205, "eps": 1.8, "epsdiluted": 1.78, "weightedAverageShsOut": 1562000000, "weightedAverageShsOutDil": 1583000000, "link": "https://www.sec.gov/Archives/edgar/data/24741/000119312512056163/0001193125-12-056163-index.htm", "finalLink": "https://www.sec.gov/Archives/edgar/data/24741/000119312512056163/d262610d10k.htm", "calculatedOtherExpenses": 168000000, "calculatedOperatingExpenses": 1872000000, "calculatedNetInterest": -70000000, "calculatedOtherIncome": 1589000000, "calculatedIncomeNonControlling": -12000000, "calculatedEbitda": 2651000000}, {"date": "2010-12-31", "symbol": "GLW", "reportedCurrency": "USD", "cik": "0000024741", "fillingDate": "2011-02-10", "acceptedDate": "2011-02-10 16:06:53", "calendarYear": "2010", "period": "FY", "revenue": 6632000000, "costOfRevenue": 3583000000, "grossProfit": 3049000000, "grossProfitRatio": 0.4597406514, "researchAndDevelopmentExpenses": 603000000, "generalAndAdministrativeExpenses": 0, "sellingAndMarketingExpenses": 0, "sellingGeneralAndAdministrativeExpenses": 1015000000, "otherExpenses": 8000000, "operatingExpenses": 1577000000, "costAndExpenses": 5160000000, "interestIncome": 11000000, "interestExpense": 109000000, "depreciationAndAmortization": 854000000, "ebitda": 4295000000, "ebitdaratio": 0.6476176116, "operatingIncome": 1801000000, "operatingIncomeRatio": 0.271562123, "totalOtherIncomeExpensesNet": 2471000000, "incomeBeforeTax": 3845000000, "incomeBeforeTaxRatio": 0.5797647768, "incomeTaxExpense": 287000000, "netIncome": 3558000000, "netIncomeRatio": 0.5364897467, "eps": 2.28, "epsdiluted": 2.25, "weightedAverageShsOut": 1558000000, "weightedAverageShsOutDil": 1581000000, "link": "https://www.sec.gov/Archives/edgar/data/24741/000119312511030621/0001193125-11-030621-index.htm", "finalLink": "https://www.sec.gov/Archives/edgar/data/24741/000119312511030621/d10k.htm", "calculatedOtherExpenses": -370000000, "calculatedOperatingExpenses": 1248000000, "calculatedNetInterest": -98000000, "calculatedOtherIncome": 2142000000, "calculatedIncomeNonControlling": 0, "calculatedEbitda": 2655000000}, {"date": "2009-12-31", "symbol": "GLW", "reportedCurrency": "USD", "cik": "0000024741", "fillingDate": "2010-02-10", "acceptedDate": "2010-02-10 16:04:52", "calendarYear": "2009", "period": "FY", "revenue": 5395000000, "costOfRevenue": 3302000000, "grossProfit": 2093000000, "grossProfitRatio": 0.3879518072, "researchAndDevelopmentExpenses": 563000000, "generalAndAdministrativeExpenses": 0, "sellingAndMarketingExpenses": 0, "sellingGeneralAndAdministrativeExpenses": 881000000, "otherExpenses": 10000000, "operatingExpenses": 1454000000, "costAndExpenses": 4756000000, "interestIncome": 19000000, "interestExpense": 82000000, "depreciationAndAmortization": 792000000, "ebitda": 2885000000, "ebitdaratio": 0.5347544022, "operatingIncome": 391000000, "operatingIncomeRatio": 0.0724745134, "totalOtherIncomeExpensesNet": 1358000000, "incomeBeforeTax": 1934000000, "incomeBeforeTaxRatio": 0.3584800741, "incomeTaxExpense": -74000000, "netIncome": 2008000000, "netIncomeRatio": 0.3721964782, "eps": 1.3, "epsdiluted": 1.28, "weightedAverageShsOut": 1550000000, "weightedAverageShsOutDil": 1568000000, "link": "https://www.sec.gov/Archives/edgar/data/24741/000119312510027165/0001193125-10-027165-index.htm", "finalLink": "https://www.sec.gov/Archives/edgar/data/24741/000119312510027165/d10k.htm", "calculatedOtherExpenses": 258000000, "calculatedOperatingExpenses": 1702000000, "calculatedNetInterest": -63000000, "calculatedOtherIncome": 1606000000, "calculatedIncomeNonControlling": 0, "calculatedEbitda": 1183000000}, {"date": "2008-12-31", "symbol": "GLW", "reportedCurrency": "USD", "cik": "0000024741", "fillingDate": "2009-02-24", "acceptedDate": "2009-02-24 08:02:12", "calendarYear": "2008", "period": "FY", "revenue": 5948000000, "costOfRevenue": 3210000000, "grossProfit": 2738000000, "grossProfitRatio": 0.4603227976, "researchAndDevelopmentExpenses": 627000000, "generalAndAdministrativeExpenses": 0, "sellingAndMarketingExpenses": 0, "sellingGeneralAndAdministrativeExpenses": 901000000, "otherExpenses": -329000000, "operatingExpenses": 1218000000, "costAndExpenses": 4428000000, "interestIncome": 85000000, "interestExpense": 59000000, "depreciationAndAmortization": 695000000, "ebitda": 2300000000, "ebitdaratio": 0.3866845999, "operatingIncome": 1520000000, "operatingIncomeRatio": 0.2555480834, "totalOtherIncomeExpensesNet": -23000000, "incomeBeforeTax": 1523000000, "incomeBeforeTaxRatio": 0.2560524546, "incomeTaxExpense": -2405000000, "netIncome": 5257000000, "netIncomeRatio": 0.8838264963, "eps": 3.37, "epsdiluted": 3.32, "weightedAverageShsOut": 1560000000, "weightedAverageShsOutDil": 1584000000, "link": "https://www.sec.gov/Archives/edgar/data/24741/000119312509035649/0001193125-09-035649-index.htm", "finalLink": "https://www.sec.gov/Archives/edgar/data/24741/000119312509035649/d10k.htm", "calculatedOtherExpenses": -310000000, "calculatedOperatingExpenses": 1218000000, "calculatedNetInterest": 26000000, "calculatedOtherIncome": -23000000, "calculatedIncomeNonControlling": -1329000000, "calculatedEbitda": 2215000000}, {"date": "2007-12-31", "symbol": "GLW", "reportedCurrency": "USD", "cik": "0000024741", "fillingDate": "2008-02-15", "acceptedDate": "2008-02-14 21:08:24", "calendarYear": "2007", "period": "FY", "revenue": 5860000000, "costOfRevenue": 3111000000, "grossProfit": 2749000000, "grossProfitRatio": 0.469112628, "researchAndDevelopmentExpenses": 565000000, "generalAndAdministrativeExpenses": 0, "sellingAndMarketingExpenses": 0, "sellingGeneralAndAdministrativeExpenses": 912000000, "otherExpenses": 195000000, "operatingExpenses": 1672000000, "costAndExpenses": 4783000000, "interestIncome": 145000000, "interestExpense": -82000000, "depreciationAndAmortization": 607000000, "ebitda": 1718000000, "ebitdaratio": 0.2931740614, "operatingIncome": 1081000000, "operatingIncomeRatio": 0.1844709898, "totalOtherIncomeExpensesNet": 908000000, "incomeBeforeTax": 1291000000, "incomeBeforeTaxRatio": 0.2203071672, "incomeTaxExpense": 80000000, "netIncome": 2150000000, "netIncomeRatio": 0.366894198, "eps": 1.37, "epsdiluted": 1.34, "weightedAverageShsOut": 1566000000, "weightedAverageShsOutDil": 1566000000, "link": "https://www.sec.gov/Archives/edgar/data/24741/000119312508031868/0001193125-08-031868-index.htm", "finalLink": "https://www.sec.gov/Archives/edgar/data/24741/000119312508031868/d10k.htm", "calculatedOtherExpenses": 191000000, "calculatedOperatingExpenses": 1668000000, "calculatedNetInterest": 227000000, "calculatedOtherIncome": -17000000, "calculatedIncomeNonControlling": -939000000, "calculatedEbitda": 1688000000}, {"date": "2006-12-31", "symbol": "GLW", "reportedCurrency": "USD", "cik": "0000024741", "fillingDate": "2007-02-27", "acceptedDate": "2007-02-27 16:04:07", "calendarYear": "2006", "period": "FY", "revenue": 5174000000, "costOfRevenue": 2891000000, "grossProfit": 2283000000, "grossProfitRatio": 0.441244685, "researchAndDevelopmentExpenses": 517000000, "generalAndAdministrativeExpenses": 0, "sellingAndMarketingExpenses": 0, "sellingGeneralAndAdministrativeExpenses": 857000000, "otherExpenses": 57000000, "operatingExpenses": 1431000000, "costAndExpenses": 4322000000, "interestIncome": 118000000, "interestExpense": -76000000, "depreciationAndAmortization": 591000000, "ebitda": 1422000000, "ebitdaratio": 0.274835717, "operatingIncome": 846000000, "operatingIncomeRatio": 0.163509857, "totalOtherIncomeExpensesNet": 981000000, "incomeBeforeTax": 961000000, "incomeBeforeTaxRatio": 0.1857363742, "incomeTaxExpense": 55000000, "netIncome": 1855000000, "netIncomeRatio": 0.3585233862, "eps": 1.2, "epsdiluted": 1.16, "weightedAverageShsOut": 1545833333, "weightedAverageShsOutDil": 1599137931, "link": "https://www.sec.gov/Archives/edgar/data/24741/000120677407000512/0001206774-07-000512-index.htm", "finalLink": "https://www.sec.gov/Archives/edgar/data/24741/000120677407000512/corning_10k.htm", "calculatedOtherExpenses": 63000000, "calculatedOperatingExpenses": 1437000000, "calculatedNetInterest": 194000000, "calculatedOtherIncome": -79000000, "calculatedIncomeNonControlling": -949000000, "calculatedEbitda": 1437000000}, {"date": "2005-12-31", "symbol": "GLW", "reportedCurrency": "USD", "cik": "0000024741", "fillingDate": "2006-02-24", "acceptedDate": "2006-02-24 16:03:07", "calendarYear": "2005", "period": "FY", "revenue": 4579000000, "costOfRevenue": 2595000000, "grossProfit": 1984000000, "grossProfitRatio": 0.4332823761, "researchAndDevelopmentExpenses": 443000000, "generalAndAdministrativeExpenses": 0, "sellingAndMarketingExpenses": 0, "sellingGeneralAndAdministrativeExpenses": 756000000, "otherExpenses": 210000000, "operatingExpenses": 1409000000, "costAndExpenses": 4004000000, "interestIncome": 0, "interestExpense": 0, "depreciationAndAmortization": 512000000, "ebitda": 1232000000, "ebitdaratio": 0.2690543787, "operatingIncome": 613000000, "operatingIncomeRatio": 0.1338720245, "totalOtherIncomeExpensesNet": 453000000, "incomeBeforeTax": 572000000, "incomeBeforeTaxRatio": 0.1249181044, "incomeTaxExpense": 578000000, "netIncome": 585000000, "netIncomeRatio": 0.1277571522, "eps": 0.4, "epsdiluted": 0.38, "weightedAverageShsOut": 1462500000, "weightedAverageShsOutDil": 1539473684, "link": "https://www.sec.gov/Archives/edgar/data/24741/000002474106000175/0000024741-06-000175-index.htm", "finalLink": "https://www.sec.gov/Archives/edgar/data/24741/000002474106000175/form10k.txt", "calculatedOtherExpenses": 172000000, "calculatedOperatingExpenses": 1371000000, "calculatedNetInterest": 0, "calculatedOtherIncome": -41000000, "calculatedIncomeNonControlling": -591000000, "calculatedEbitda": 1125000000}, {"date": "2004-12-31", "symbol": "GLW", "reportedCurrency": "USD", "cik": "0000024741", "fillingDate": "2005-02-22", "acceptedDate": "2005-02-22 16:03:05", "calendarYear": "2004", "period": "FY", "revenue": 3854000000, "costOfRevenue": 2439000000, "grossProfit": 1415000000, "grossProfitRatio": 0.3671510119, "researchAndDevelopmentExpenses": 355000000, "generalAndAdministrativeExpenses": 0, "sellingAndMarketingExpenses": 0, "sellingGeneralAndAdministrativeExpenses": 653000000, "otherExpenses": 71000000, "operatingExpenses": 1079000000, "costAndExpenses": 3518000000, "interestIncome": 0, "interestExpense": 0, "depreciationAndAmortization": 523000000, "ebitda": 2692000000, "ebitdaratio": 0.6984950701, "operatingIncome": -1453000000, "operatingIncomeRatio": -0.3770108978, "totalOtherIncomeExpensesNet": -1390000000, "incomeBeforeTax": -1580000000, "incomeBeforeTaxRatio": -0.4099636741, "incomeTaxExpense": 1031000000, "netIncome": -2165000000, "netIncomeRatio": -0.5617540218, "eps": -1.56, "epsdiluted": -1.56, "weightedAverageShsOut": 1386000000, "weightedAverageShsOutDil": 1386000000, "link": "https://www.sec.gov/Archives/edgar/data/24741/000002474105000121/0000024741-05-000121-index.htm", "finalLink": "https://www.sec.gov/Archives/edgar/data/24741/000002474105000121/form10k04.txt", "calculatedOtherExpenses": 1860000000, "calculatedOperatingExpenses": 2868000000, "calculatedNetInterest": 0, "calculatedOtherIncome": -127000000, "calculatedIncomeNonControlling": -446000000, "calculatedEbitda": -930000000}, {"date": "2003-12-31", "symbol": "GLW", "reportedCurrency": "USD", "cik": "0000024741", "fillingDate": "2004-03-01", "acceptedDate": "2004-03-01 16:02:55", "calendarYear": "2003", "period": "FY", "revenue": 3090000000, "costOfRevenue": 2241000000, "grossProfit": 849000000, "grossProfitRatio": 0.2747572816, "researchAndDevelopmentExpenses": 344000000, "generalAndAdministrativeExpenses": 0, "sellingAndMarketingExpenses": 0, "sellingGeneralAndAdministrativeExpenses": 599000000, "otherExpenses": 450000000, "operatingExpenses": 1393000000, "costAndExpenses": 3634000000, "interestIncome": 0, "interestExpense": 0, "depreciationAndAmortization": 517000000, "ebitda": 479000000, "ebitdaratio": 0.1550161812, "operatingIncome": -655000000, "operatingIncomeRatio": -0.21197411, "totalOtherIncomeExpensesNet": -297000000, "incomeBeforeTax": -759000000, "incomeBeforeTaxRatio": -0.245631068, "incomeTaxExpense": -254000000, "netIncome": -223000000, "netIncomeRatio": -0.0721682848, "eps": -0.22, "epsdiluted": -0.22, "weightedAverageShsOut": 1013636364, "weightedAverageShsOutDil": 1013636364, "link": "https://www.sec.gov/Archives/edgar/data/24741/000002474104000158/0000024741-04-000158-index.htm", "finalLink": "https://www.sec.gov/Archives/edgar/data/24741/000002474104000158/k2003.txt", "calculatedOtherExpenses": 561000000, "calculatedOperatingExpenses": 1504000000, "calculatedNetInterest": 0, "calculatedOtherIncome": -104000000, "calculatedIncomeNonControlling": -282000000, "calculatedEbitda": -138000000}, {"date": "2002-12-31", "symbol": "GLW", "reportedCurrency": "USD", "cik": "0000024741", "fillingDate": "2003-02-20", "acceptedDate": "2003-02-20 16:00:15", "calendarYear": "2002", "period": "FY", "revenue": 3164000000, "costOfRevenue": 2562000000, "grossProfit": 602000000, "grossProfitRatio": 0.1902654867, "researchAndDevelopmentExpenses": 483000000, "generalAndAdministrativeExpenses": 0, "sellingAndMarketingExpenses": 0, "sellingGeneralAndAdministrativeExpenses": 716000000, "otherExpenses": 43000000, "operatingExpenses": 1242000000, "costAndExpenses": 3804000000, "interestIncome": 0, "interestExpense": 0, "depreciationAndAmortization": 661000000, "ebitda": 1963000000, "ebitdaratio": 0.6204171934, "operatingIncome": -2720000000, "operatingIncomeRatio": -0.8596713021, "totalOtherIncomeExpensesNet": -1826000000, "incomeBeforeTax": -2720000000, "incomeBeforeTaxRatio": -0.8596713021, "incomeTaxExpense": -726000000, "netIncome": -1302000000, "netIncomeRatio": -0.4115044248, "eps": -1.27, "epsdiluted": -1.27, "weightedAverageShsOut": 1028776978, "weightedAverageShsOutDil": 1028776978, "link": "https://www.sec.gov/Archives/edgar/data/24741/000002474103000009/0000024741-03-000009-index.htm", "finalLink": "https://www.sec.gov/Archives/edgar/data/24741/000002474103000009/corning10k.txt", "calculatedOtherExpenses": 2123000000, "calculatedOperatingExpenses": 3322000000, "calculatedNetInterest": 0, "calculatedOtherIncome": 0, "calculatedIncomeNonControlling": -692000000, "calculatedEbitda": -2059000000}, {"date": "2001-12-31", "symbol": "GLW", "reportedCurrency": "USD", "cik": "0000024741", "fillingDate": "2002-03-04", "acceptedDate": "2002-03-04 00:00:00", "calendarYear": "2001", "period": "FY", "revenue": 6272000000, "costOfRevenue": 4380000000, "grossProfit": 1892000000, "grossProfitRatio": 0.3016581633, "researchAndDevelopmentExpenses": 631000000, "generalAndAdministrativeExpenses": 0, "sellingAndMarketingExpenses": 0, "sellingGeneralAndAdministrativeExpenses": 1097000000, "otherExpenses": 439000000, "operatingExpenses": 2167000000, "costAndExpenses": 6547000000, "interestIncome": 0, "interestExpense": 0, "depreciationAndAmortization": 1080000000, "ebitda": 6556000000, "ebitdaratio": 1.0452806122, "operatingIncome": -6000000000, "operatingIncomeRatio": -0.9566326531, "totalOtherIncomeExpensesNet": -5603000000, "incomeBeforeTax": -6111000000, "incomeBeforeTaxRatio": -0.9743303571, "incomeTaxExpense": -452000000, "netIncome": -5498000000, "netIncomeRatio": -0.8765943878, "eps": -5.89, "epsdiluted": -5.89, "weightedAverageShsOut": 933616299, "weightedAverageShsOutDil": 933616299, "link": "https://www.sec.gov/Archives/edgar/data/24741/000002474102000014/0000024741-02-000014-index.htm", "finalLink": "https://www.sec.gov/Archives/edgar/data/24741/000002474102000014/cng10k.txt", "calculatedOtherExpenses": 6164000000, "calculatedOperatingExpenses": 7892000000, "calculatedNetInterest": 0, "calculatedOtherIncome": -111000000, "calculatedIncomeNonControlling": -161000000, "calculatedEbitda": -4920000000}, {"date": "2000-12-31", "symbol": "GLW", "reportedCurrency": "USD", "cik": "0000024741", "fillingDate": "2001-03-12", "acceptedDate": "2001-03-12 00:00:00", "calendarYear": "2000", "period": "FY", "revenue": 7273000000, "costOfRevenue": 3611000000, "grossProfit": 3662000000, "grossProfitRatio": 0.5035061185, "researchAndDevelopmentExpenses": 540000000, "generalAndAdministrativeExpenses": 0, "sellingAndMarketingExpenses": 0, "sellingGeneralAndAdministrativeExpenses": 1047000000, "otherExpenses": 520000000, "operatingExpenses": 2107000000, "costAndExpenses": 5718000000, "interestIncome": 104600000, "interestExpense": 106600000, "depreciationAndAmortization": 520000000, "ebitda": 2683000000, "ebitdaratio": 0.3688986663, "operatingIncome": 1555000000, "operatingIncomeRatio": 0.2138044823, "totalOtherIncomeExpensesNet": -608000000, "incomeBeforeTax": 817000000, "incomeBeforeTaxRatio": 0.1123332875, "incomeTaxExpense": 407000000, "netIncome": 422000000, "netIncomeRatio": 0.0580228241, "eps": 0.49, "epsdiluted": 0.49, "weightedAverageShsOut": 859183673, "weightedAverageShsOutDil": 2619000000, "link": "https://www.sec.gov/Archives/edgar/data/24741/000091205701503245/0000912057-01-503245-index.htm", "finalLink": "https://www.sec.gov/Archives/edgar/data/24741/000091205701503245/a2040111z10-k405.htm", "calculatedOtherExpenses": 520000000, "calculatedOperatingExpenses": 2107000000, "calculatedNetInterest": -2000000, "calculatedOtherIncome": -736000000, "calculatedIncomeNonControlling": -12000000, "calculatedEbitda": 2075000000}, {"date": "1999-12-31", "symbol": "GLW", "reportedCurrency": "USD", "cik": "0000024741", "fillingDate": "2000-03-07", "acceptedDate": "2000-03-07 00:00:00", "calendarYear": "1999", "period": "FY", "revenue": 4297200000, "costOfRevenue": 2320200000, "grossProfit": 1977000000, "grossProfitRatio": 0.4600670204, "researchAndDevelopmentExpenses": 362600000, "generalAndAdministrativeExpenses": 0, "sellingAndMarketingExpenses": 0, "sellingGeneralAndAdministrativeExpenses": 602500000, "otherExpenses": 380700000, "operatingExpenses": 1345800000, "costAndExpenses": 3666000000, "interestIncome": 0, "interestExpense": 0, "depreciationAndAmortization": 380700000, "ebitda": 828600000, "ebitdaratio": 0.1928232337, "operatingIncome": 631200000, "operatingIncomeRatio": 0.1468863446, "totalOtherIncomeExpensesNet": 183300000, "incomeBeforeTax": 665500000, "incomeBeforeTaxRatio": 0.1548682863, "incomeTaxExpense": 188600000, "netIncome": 516000000, "netIncomeRatio": 0.1200781904, "eps": 0.22, "epsdiluted": 0.22, "weightedAverageShsOut": 2295000000, "weightedAverageShsOutDil": 2385000000, "link": "https://www.sec.gov/Archives/edgar/data/24741/000091205700010188/0000912057-00-010188-index.html", "finalLink": "https://www.sec.gov/Archives/edgar/data/24741/000091205700010188/", "calculatedOtherExpenses": 380700000, "calculatedOperatingExpenses": 1345800000, "calculatedNetInterest": 0, "calculatedOtherIncome": 34300000, "calculatedIncomeNonControlling": -39100000, "calculatedEbitda": 1011900000}, {"date": "1998-12-31", "symbol": "GLW", "reportedCurrency": "USD", "cik": "0000024741", "fillingDate": "1999-02-24", "acceptedDate": "1999-02-24 00:00:00", "calendarYear": "1998", "period": "FY", "revenue": 3484000000, "costOfRevenue": 1855900000, "grossProfit": 1628100000, "grossProfitRatio": 0.4673076923, "researchAndDevelopmentExpenses": 293900000, "generalAndAdministrativeExpenses": 0, "sellingAndMarketingExpenses": 0, "sellingGeneralAndAdministrativeExpenses": 487700000, "otherExpenses": 298000000, "operatingExpenses": 1079600000, "costAndExpenses": 2935500000, "interestIncome": 0, "interestExpense": 0, "depreciationAndAmortization": 298000000, "ebitda": 803400000, "ebitdaratio": 0.2305970149, "operatingIncome": 548500000, "operatingIncomeRatio": 0.1574339839, "totalOtherIncomeExpensesNet": 43100000, "incomeBeforeTax": 460300000, "incomeBeforeTaxRatio": 0.1321182549, "incomeTaxExpense": 132800000, "netIncome": 421300000, "netIncomeRatio": 0.120924225, "eps": 0.19, "epsdiluted": 0.19, "weightedAverageShsOut": 694500000, "weightedAverageShsOutDil": 694500000, "link": "https://www.sec.gov/Archives/edgar/data/24741/000095014699000306/0000950146-99-000306-index.html", "finalLink": "https://www.sec.gov/Archives/edgar/data/24741/", "calculatedOtherExpenses": 298000000, "calculatedOperatingExpenses": 1079600000, "calculatedNetInterest": 0, "calculatedOtherIncome": -88200000, "calculatedIncomeNonControlling": -93800000, "calculatedEbitda": 846500000}, {"date": "1997-12-31", "symbol": "GLW", "reportedCurrency": "USD", "cik": "0000024741", "fillingDate": "1998-03-10", "acceptedDate": "1998-03-10 00:00:00", "calendarYear": "1997", "period": "FY", "revenue": 4089700000, "costOfRevenue": 2084600000, "grossProfit": 2005100000, "grossProfitRatio": 0.4902804607, "researchAndDevelopmentExpenses": 250700000, "generalAndAdministrativeExpenses": 0, "sellingAndMarketingExpenses": 0, "sellingGeneralAndAdministrativeExpenses": 671400000, "otherExpenses": 321600000, "operatingExpenses": 1243700000, "costAndExpenses": 3328300000, "interestIncome": 0, "interestExpense": 0, "depreciationAndAmortization": 321600000, "ebitda": 1015700000, "ebitdaratio": 0.2483556251, "operatingIncome": 761400000, "operatingIncomeRatio": 0.1861750251, "totalOtherIncomeExpensesNet": 67300000, "incomeBeforeTax": 667000000, "incomeBeforeTaxRatio": 0.1630926474, "incomeTaxExpense": 227200000, "netIncome": 439800000, "netIncomeRatio": 0.1075384503, "eps": 0.21, "epsdiluted": 0.21, "weightedAverageShsOut": 694800000, "weightedAverageShsOutDil": 694800000, "link": "https://www.sec.gov/Archives/edgar/data/24741/000095014698000390/0000950146-98-000390-index.html", "finalLink": "https://www.sec.gov/Archives/edgar/data/24741/", "calculatedOtherExpenses": 321600000, "calculatedOperatingExpenses": 1243700000, "calculatedNetInterest": 0, "calculatedOtherIncome": -94400000, "calculatedIncomeNonControlling": 0, "calculatedEbitda": 1083000000}, {"date": "1996-12-31", "symbol": "GLW", "reportedCurrency": "USD", "cik": "0000024741", "fillingDate": "1997-03-12", "acceptedDate": "1997-03-12 00:00:00", "calendarYear": "1996", "period": "FY", "revenue": 3651600000, "costOfRevenue": 1970800000, "grossProfit": 1680800000, "grossProfitRatio": 0.4602913791, "researchAndDevelopmentExpenses": 189200000, "generalAndAdministrativeExpenses": 0, "sellingAndMarketingExpenses": 0, "sellingGeneralAndAdministrativeExpenses": 831100000, "otherExpenses": 288100000, "operatingExpenses": 1119200000, "costAndExpenses": 3090000000, "interestIncome": 0, "interestExpense": 0, "depreciationAndAmortization": 288100000, "ebitda": 783500000, "ebitdaratio": 0.214563479, "operatingIncome": 561600000, "operatingIncomeRatio": 0.1537955965, "totalOtherIncomeExpensesNet": 66200000, "incomeBeforeTax": 506100000, "incomeBeforeTaxRatio": 0.1385967795, "incomeTaxExpense": 163200000, "netIncome": 175600000, "netIncomeRatio": 0.0480885091, "eps": 0.0833, "epsdiluted": 0.0833, "weightedAverageShsOut": 686100000, "weightedAverageShsOutDil": 686100000, "link": "https://www.sec.gov/Archives/edgar/data/24741/000095014697000367/0000950146-97-000367-index.html", "finalLink": "https://www.sec.gov/Archives/edgar/data/24741/", "calculatedOtherExpenses": 98900000, "calculatedOperatingExpenses": 1119200000, "calculatedNetInterest": 0, "calculatedOtherIncome": -55500000, "calculatedIncomeNonControlling": 167300000, "calculatedEbitda": 849700000}, {"date": "1995-12-31", "symbol": "GLW", "reportedCurrency": "USD", "cik": "0000024741", "fillingDate": "1996-03-07", "acceptedDate": "1996-03-07 00:00:00", "calendarYear": "1995", "period": "FY", "revenue": 5313100000, "costOfRevenue": 3008600000, "grossProfit": 2304500000, "grossProfitRatio": 0.4337392483, "researchAndDevelopmentExpenses": 0, "generalAndAdministrativeExpenses": 0, "sellingAndMarketingExpenses": 0, "sellingGeneralAndAdministrativeExpenses": 1340200000, "otherExpenses": 377400000, "operatingExpenses": 1717600000, "costAndExpenses": 4726200000, "interestIncome": 0, "interestExpense": 0, "depreciationAndAmortization": 377400000, "ebitda": 1249000000, "ebitdaratio": 0.2350793322, "operatingIncome": 586900000, "operatingIncomeRatio": 0.1104628183, "totalOtherIncomeExpensesNet": -284700000, "incomeBeforeTax": 103900000, "incomeBeforeTaxRatio": 0.0195554384, "incomeTaxExpense": 154700000, "netIncome": -50800000, "netIncomeRatio": -0.0095612731, "eps": -0.0737, "epsdiluted": -0.0737, "weightedAverageShsOut": 689400000, "weightedAverageShsOutDil": 689400000, "link": "https://www.sec.gov/Archives/edgar/data/24741/000002474196000017/0000024741-96-000017-index.html", "finalLink": "https://www.sec.gov/Archives/edgar/data/24741/", "calculatedOtherExpenses": 377400000, "calculatedOperatingExpenses": 1717600000, "calculatedNetInterest": 0, "calculatedOtherIncome": -483000000, "calculatedIncomeNonControlling": 0, "calculatedEbitda": 964300000}, {"date": "1994-12-31", "symbol": "GLW", "reportedCurrency": "USD", "cik": "0000024741", "fillingDate": "1995-03-20", "acceptedDate": "1995-03-20 00:00:00", "calendarYear": "1994", "period": "FY", "revenue": 4770500000, "costOfRevenue": 2722500000, "grossProfit": 2048000000, "grossProfitRatio": 0.4293051043, "researchAndDevelopmentExpenses": 0, "generalAndAdministrativeExpenses": 0, "sellingAndMarketingExpenses": 0, "sellingGeneralAndAdministrativeExpenses": 1048600000, "otherExpenses": 338400000, "operatingExpenses": 1387000000, "costAndExpenses": 4109500000, "interestIncome": 0, "interestExpense": 0, "depreciationAndAmortization": 338400000, "ebitda": 1041800000, "ebitdaratio": 0.2183838172, "operatingIncome": 661000000, "operatingIncomeRatio": 0.1385598994, "totalOtherIncomeExpensesNet": -42400000, "incomeBeforeTax": 451400000, "incomeBeforeTaxRatio": 0.0946232051, "incomeTaxExpense": 170100000, "netIncome": 281300000, "netIncomeRatio": 0.0589665653, "eps": 0.44, "epsdiluted": 0.44, "weightedAverageShsOut": 634545455, "weightedAverageShsOutDil": 634545455, "link": "https://www.sec.gov/Archives/edgar/data/24741/000002474195000026/0000024741-95-000026-index.html", "finalLink": "https://www.sec.gov/Archives/edgar/data/24741/", "calculatedOtherExpenses": 338400000, "calculatedOperatingExpenses": 1387000000, "calculatedNetInterest": 0, "calculatedOtherIncome": -209600000, "calculatedIncomeNonControlling": 0, "calculatedEbitda": 999400000}, {"date": "1993-12-31", "symbol": "GLW", "reportedCurrency": "USD", "cik": "0000024741", "fillingDate": "1994-03-18", "acceptedDate": "1994-03-18 00:00:00", "calendarYear": "1993", "period": "FY", "revenue": 4004800000, "costOfRevenue": 2316600000, "grossProfit": 1688200000, "grossProfitRatio": 0.421544147, "researchAndDevelopmentExpenses": 0, "generalAndAdministrativeExpenses": 0, "sellingAndMarketingExpenses": 0, "sellingGeneralAndAdministrativeExpenses": 947100000, "otherExpenses": 280400000, "operatingExpenses": 1227500000, "costAndExpenses": 3544100000, "interestIncome": 0, "interestExpense": 0, "depreciationAndAmortization": 280400000, "ebitda": 1076900000, "ebitdaratio": 0.2689023172, "operatingIncome": 460700000, "operatingIncomeRatio": 0.1150369557, "totalOtherIncomeExpensesNet": -335800000, "incomeBeforeTax": 20100000, "incomeBeforeTaxRatio": 0.0050189772, "incomeTaxExpense": 35300000, "netIncome": -15200000, "netIncomeRatio": -0.0037954455, "eps": -0.0252, "epsdiluted": -0.0252, "weightedAverageShsOut": 602510511, "weightedAverageShsOutDil": 602510511, "link": "https://www.sec.gov/Archives/edgar/data/24741/000002474194000033/0000024741-94-000033-index.html", "finalLink": "https://www.sec.gov/Archives/edgar/data/24741/", "calculatedOtherExpenses": 280400000, "calculatedOperatingExpenses": 1227500000, "calculatedNetInterest": 0, "calculatedOtherIncome": -440600000, "calculatedIncomeNonControlling": 0, "calculatedEbitda": 741100000}, {"date": "1992-12-31", "symbol": "GLW", "reportedCurrency": "USD", "cik": "0000024741", "fillingDate": "1992-12-31", "acceptedDate": "1992-12-30 19:00:00", "calendarYear": "1992", "period": "FY", "revenue": 3708700000, "costOfRevenue": 2163100000, "grossProfit": 1545600000, "grossProfitRatio": 0.4167498045, "researchAndDevelopmentExpenses": 0, "generalAndAdministrativeExpenses": 0, "sellingAndMarketingExpenses": 0, "sellingGeneralAndAdministrativeExpenses": 906600000, "otherExpenses": 248200000, "operatingExpenses": 1154800000, "costAndExpenses": 3317900000, "interestIncome": 0, "interestExpense": 0, "depreciationAndAmortization": 248200000, "ebitda": 586800000, "ebitdaratio": 0.1582225578, "operatingIncome": 390800000, "operatingIncomeRatio": 0.1053738507, "totalOtherIncomeExpensesNet": 52200000, "incomeBeforeTax": 358800000, "incomeBeforeTaxRatio": 0.0967454903, "incomeTaxExpense": 92500000, "netIncome": -12600000, "netIncomeRatio": -0.0033974169, "eps": -0.0216, "epsdiluted": -0.0216, "weightedAverageShsOut": 582276276, "weightedAverageShsOutDil": 582276276, "link": "", "finalLink": "", "calculatedOtherExpenses": 248200000, "calculatedOperatingExpenses": 1154800000, "calculatedNetInterest": 0, "calculatedOtherIncome": -32000000, "calculatedIncomeNonControlling": 278900000, "calculatedEbitda": 639000000}, {"date": "1991-12-31", "symbol": "GLW", "reportedCurrency": "USD", "cik": "0000024741", "fillingDate": "1991-12-31", "acceptedDate": "1991-12-30 19:00:00", "calendarYear": "1991", "period": "FY", "revenue": 3259200000, "costOfRevenue": 1890300000, "grossProfit": 1368900000, "grossProfitRatio": 0.4200110457, "researchAndDevelopmentExpenses": 0, "generalAndAdministrativeExpenses": 0, "sellingAndMarketingExpenses": 0, "sellingGeneralAndAdministrativeExpenses": 753200000, "otherExpenses": 231300000, "operatingExpenses": 984500000, "costAndExpenses": 2874800000, "interestIncome": 0, "interestExpense": 0, "depreciationAndAmortization": 231300000, "ebitda": 502900000, "ebitdaratio": 0.1543016691, "operatingIncome": 384400000, "operatingIncomeRatio": 0.1179430535, "totalOtherIncomeExpensesNet": 112800000, "incomeBeforeTax": 421800000, "incomeBeforeTaxRatio": 0.1294182622, "incomeTaxExpense": 110600000, "netIncome": 311200000, "netIncomeRatio": 0.0954835542, "eps": 0.0917, "epsdiluted": 0.0917, "weightedAverageShsOut": 581282282, "weightedAverageShsOutDil": 581282282, "link": "", "finalLink": "", "calculatedOtherExpenses": 231300000, "calculatedOperatingExpenses": 984500000, "calculatedNetInterest": 0, "calculatedOtherIncome": 37400000, "calculatedIncomeNonControlling": 0, "calculatedEbitda": 615700000}, {"date": "1990-12-31", "symbol": "GLW", "reportedCurrency": "USD", "cik": "0000024741", "fillingDate": "1990-12-31", "acceptedDate": "1990-12-30 19:00:00", "calendarYear": "1990", "period": "FY", "revenue": 2940500000, "costOfRevenue": 1714500000, "grossProfit": 1226000000, "grossProfitRatio": 0.4169358953, "researchAndDevelopmentExpenses": 0, "generalAndAdministrativeExpenses": 0, "sellingAndMarketingExpenses": 0, "sellingGeneralAndAdministrativeExpenses": 706300000, "otherExpenses": 211200000, "operatingExpenses": 917500000, "costAndExpenses": 2632000000, "interestIncome": 0, "interestExpense": 0, "depreciationAndAmortization": 211200000, "ebitda": 338600000, "ebitdaratio": 0.1151504846, "operatingIncome": 308500000, "operatingIncomeRatio": 0.1049141302, "totalOtherIncomeExpensesNet": 181100000, "incomeBeforeTax": 425200000, "incomeBeforeTaxRatio": 0.1446012583, "incomeTaxExpense": 136100000, "netIncome": 289100000, "netIncomeRatio": 0.0983166128, "eps": 0.085, "epsdiluted": 0.085, "weightedAverageShsOut": 551681682, "weightedAverageShsOutDil": 551681682, "link": "", "finalLink": "", "calculatedOtherExpenses": 211200000, "calculatedOperatingExpenses": 917500000, "calculatedNetInterest": 0, "calculatedOtherIncome": 116700000, "calculatedIncomeNonControlling": 0, "calculatedEbitda": 519700000}, {"date": "1989-12-31", "symbol": "GLW", "reportedCurrency": "USD", "cik": "0000024741", "fillingDate": "1989-12-31", "acceptedDate": "1989-12-30 19:00:00", "calendarYear": "1989", "period": "FY", "revenue": 2439200000, "costOfRevenue": 1429600000, "grossProfit": 1009600000, "grossProfitRatio": 0.4139061988, "researchAndDevelopmentExpenses": 0, "generalAndAdministrativeExpenses": 0, "sellingAndMarketingExpenses": 0, "sellingGeneralAndAdministrativeExpenses": 655800000, "otherExpenses": 171300000, "operatingExpenses": 827100000, "costAndExpenses": 2256700000, "interestIncome": 0, "interestExpense": 0, "depreciationAndAmortization": 171300000, "ebitda": 111300000, "ebitdaratio": 0.0456297147, "operatingIncome": 182500000, "operatingIncomeRatio": 0.074819613, "totalOtherIncomeExpensesNet": 242500000, "incomeBeforeTax": 376300000, "incomeBeforeTaxRatio": 0.1542718924, "incomeTaxExpense": 116900000, "netIncome": 259400000, "netIncomeRatio": 0.1063463431, "eps": 0.0783, "epsdiluted": 0.0783, "weightedAverageShsOut": 565870871, "weightedAverageShsOutDil": 565870871, "link": "", "finalLink": "", "calculatedOtherExpenses": 171300000, "calculatedOperatingExpenses": 827100000, "calculatedNetInterest": 0, "calculatedOtherIncome": 193800000, "calculatedIncomeNonControlling": 0, "calculatedEbitda": 353800000}, {"date": "1988-12-31", "symbol": "GLW", "reportedCurrency": "USD", "cik": "0000024741", "fillingDate": "1988-12-31", "acceptedDate": "1988-12-30 19:00:00", "calendarYear": "1988", "period": "FY", "revenue": 2121500000, "costOfRevenue": 1243800000, "grossProfit": 877700000, "grossProfitRatio": 0.4137167099, "researchAndDevelopmentExpenses": 0, "generalAndAdministrativeExpenses": 0, "sellingAndMarketingExpenses": 0, "sellingGeneralAndAdministrativeExpenses": 533800000, "otherExpenses": 153900000, "operatingExpenses": 687700000, "costAndExpenses": 1931500000, "interestIncome": 0, "interestExpense": 0, "depreciationAndAmortization": 153900000, "ebitda": 95100000, "ebitdaratio": 0.0448267735, "operatingIncome": 190000000, "operatingIncomeRatio": 0.0895592741, "totalOtherIncomeExpensesNet": 248800000, "incomeBeforeTax": 395600000, "incomeBeforeTaxRatio": 0.186471836, "incomeTaxExpense": 103200000, "netIncome": 292400000, "netIncomeRatio": 0.1378270092, "eps": 0.045, "epsdiluted": 0.045, "weightedAverageShsOut": 533681682, "weightedAverageShsOutDil": 533681682, "link": "", "finalLink": "", "calculatedOtherExpenses": 153900000, "calculatedOperatingExpenses": 687700000, "calculatedNetInterest": 0, "calculatedOtherIncome": 205600000, "calculatedIncomeNonControlling": 0, "calculatedEbitda": 343900000}, {"date": "1987-12-31", "symbol": "GLW", "reportedCurrency": "USD", "cik": "0000024741", "fillingDate": "1987-12-31", "acceptedDate": "1987-12-30 19:00:00", "calendarYear": "1987", "period": "FY", "revenue": 2083700000, "costOfRevenue": 1261800000, "grossProfit": 821900000, "grossProfitRatio": 0.3944425781, "researchAndDevelopmentExpenses": 0, "generalAndAdministrativeExpenses": 0, "sellingAndMarketingExpenses": 0, "sellingGeneralAndAdministrativeExpenses": 529100000, "otherExpenses": 145700000, "operatingExpenses": 674800000, "costAndExpenses": 1936600000, "interestIncome": 0, "interestExpense": 0, "depreciationAndAmortization": 145700000, "ebitda": 155600000, "ebitdaratio": 0.0746748572, "operatingIncome": 147100000, "operatingIncomeRatio": 0.0705955752, "totalOtherIncomeExpensesNet": 137200000, "incomeBeforeTax": 244400000, "incomeBeforeTaxRatio": 0.1172913567, "incomeTaxExpense": 55300000, "netIncome": 189100000, "netIncomeRatio": 0.0907520276, "eps": 0.0283, "epsdiluted": 0.0283, "weightedAverageShsOut": 541081081, "weightedAverageShsOutDil": 541081081, "link": "", "finalLink": "", "calculatedOtherExpenses": 145700000, "calculatedOperatingExpenses": 674800000, "calculatedNetInterest": 0, "calculatedOtherIncome": 97300000, "calculatedIncomeNonControlling": 0, "calculatedEbitda": 292800000}, {"date": "1986-12-31", "symbol": "GLW", "reportedCurrency": "USD", "cik": "0000024741", "fillingDate": "1986-12-31", "acceptedDate": "1986-12-30 19:00:00", "calendarYear": "1986", "period": "FY", "revenue": 1856300000, "costOfRevenue": 1090300000, "grossProfit": 766000000, "grossProfitRatio": 0.4126488175, "researchAndDevelopmentExpenses": 0, "generalAndAdministrativeExpenses": 0, "sellingAndMarketingExpenses": 0, "sellingGeneralAndAdministrativeExpenses": 468200000, "otherExpenses": 130100000, "operatingExpenses": 598300000, "costAndExpenses": 1688600000, "interestIncome": 0, "interestExpense": 0, "depreciationAndAmortization": 130100000, "ebitda": 218800000, "ebitdaratio": 0.117868879, "operatingIncome": 167700000, "operatingIncomeRatio": 0.0903410009, "totalOtherIncomeExpensesNet": 79000000, "incomeBeforeTax": 215100000, "incomeBeforeTaxRatio": 0.1158756666, "incomeTaxExpense": 52900000, "netIncome": 162200000, "netIncomeRatio": 0.0873781178, "eps": 0.0258, "epsdiluted": 0.0258, "weightedAverageShsOut": 518726727, "weightedAverageShsOutDil": 518726727, "link": "", "finalLink": "", "calculatedOtherExpenses": 130100000, "calculatedOperatingExpenses": 598300000, "calculatedNetInterest": 0, "calculatedOtherIncome": 47400000, "calculatedIncomeNonControlling": 0, "calculatedEbitda": 297800000}, {"date": "1985-12-31", "symbol": "GLW", "reportedCurrency": "USD", "cik": "0000024741", "fillingDate": "1985-12-31", "acceptedDate": "1985-12-30 19:00:00", "calendarYear": "1985", "period": "FY", "revenue": 1690500000, "costOfRevenue": 983500000, "grossProfit": 707000000, "grossProfitRatio": 0.4182194617, "researchAndDevelopmentExpenses": 0, "generalAndAdministrativeExpenses": 0, "sellingAndMarketingExpenses": 0, "sellingGeneralAndAdministrativeExpenses": 443400000, "otherExpenses": 126700000, "operatingExpenses": 570100000, "costAndExpenses": 1553600000, "interestIncome": 0, "interestExpense": 0, "depreciationAndAmortization": 126700000, "ebitda": 250100000, "ebitdaratio": 0.1479443951, "operatingIncome": 136900000, "operatingIncomeRatio": 0.080981958, "totalOtherIncomeExpensesNet": 13500000, "incomeBeforeTax": 112600000, "incomeBeforeTaxRatio": 0.0666075126, "incomeTaxExpense": 5000000, "netIncome": 107600000, "netIncomeRatio": 0.0636498077, "eps": 0.0175, "epsdiluted": 0.0175, "weightedAverageShsOut": 515267267, "weightedAverageShsOutDil": 515267267, "link": "", "finalLink": "", "calculatedOtherExpenses": 126700000, "calculatedOperatingExpenses": 570100000, "calculatedNetInterest": 0, "calculatedOtherIncome": -24300000, "calculatedIncomeNonControlling": 0, "calculatedEbitda": 263600000}]}