{"originalCurrency": "USD", "convertedCurrency": "USD", "report": [{"date": "2023-12-31", "symbol": "GM", "reportedCurrency": "USD", "cik": "0001467858", "fillingDate": "2024-01-30", "acceptedDate": "2024-01-30 15:40:20", "calendarYear": "2023", "period": "FY", "revenue": 171842000000, "costOfRevenue": 152704000000, "grossProfit": 19138000000, "grossProfitRatio": 0.1113697466, "researchAndDevelopmentExpenses": 9900000000, "generalAndAdministrativeExpenses": 6240000000, "sellingAndMarketingExpenses": 3600000000, "sellingGeneralAndAdministrativeExpenses": 9840000000, "otherExpenses": 505000000, "operatingExpenses": 9840000000, "costAndExpenses": 162544000000, "interestIncome": 1109000000, "interestExpense": 911000000, "depreciationAndAmortization": 11888000000, "ebitda": 23279000000, "ebitdaratio": 0.1354674643, "operatingIncome": 9298000000, "operatingIncomeRatio": 0.0541078433, "totalOtherIncomeExpensesNet": 908000000, "incomeBeforeTax": 10403000000, "incomeBeforeTaxRatio": 0.0605381688, "incomeTaxExpense": 563000000, "netIncome": 10127000000, "netIncomeRatio": 0.0589320422, "eps": 7.35, "epsdiluted": 7.32, "weightedAverageShsOut": 1364000000, "weightedAverageShsOutDil": 1369000000, "link": "https://www.sec.gov/Archives/edgar/data/1467858/000146785824000031/0001467858-24-000031-index.htm", "finalLink": "https://www.sec.gov/Archives/edgar/data/1467858/000146785824000031/gm-20231231.htm", "calculatedOtherExpenses": -9900000000, "calculatedOperatingExpenses": 9840000000, "calculatedNetInterest": 198000000, "calculatedOtherIncome": 907000000, "calculatedIncomeNonControlling": -287000000, "calculatedEbitda": 21186000000}, {"date": "2022-12-31", "symbol": "GM", "reportedCurrency": "USD", "cik": "0001467858", "fillingDate": "2023-01-31", "acceptedDate": "2023-01-31 15:50:27", "calendarYear": "2022", "period": "FY", "revenue": 156735000000, "costOfRevenue": 135754000000, "grossProfit": 20981000000, "grossProfitRatio": 0.1338628896, "researchAndDevelopmentExpenses": 9800000000, "generalAndAdministrativeExpenses": 6667000000, "sellingAndMarketingExpenses": 4000000000, "sellingGeneralAndAdministrativeExpenses": 10667000000, "otherExpenses": 1208000000, "operatingExpenses": 10667000000, "costAndExpenses": 146421000000, "interestIncome": 1432000000, "interestExpense": 987000000, "depreciationAndAmortization": 13559000000, "ebitda": 23874000000, "ebitdaratio": 0.1523207962, "operatingIncome": 10315000000, "operatingIncomeRatio": 0.0658117204, "totalOtherIncomeExpensesNet": 1282000000, "incomeBeforeTax": 11597000000, "incomeBeforeTaxRatio": 0.0739911315, "incomeTaxExpense": 1888000000, "netIncome": 9934000000, "netIncomeRatio": 0.0633808658, "eps": 6.17, "epsdiluted": 6.13, "weightedAverageShsOut": 1445000000, "weightedAverageShsOutDil": 1454000000, "link": "https://www.sec.gov/Archives/edgar/data/1467858/000146785823000029/0001467858-23-000029-index.htm", "finalLink": "https://www.sec.gov/Archives/edgar/data/1467858/000146785823000029/gm-20221231.htm", "calculatedOtherExpenses": -9801000000, "calculatedOperatingExpenses": 10666000000, "calculatedNetInterest": 445000000, "calculatedOtherIncome": 837000000, "calculatedIncomeNonControlling": -225000000, "calculatedEbitda": 23874000000}, {"date": "2021-12-31", "symbol": "GM", "reportedCurrency": "USD", "cik": "0001467858", "fillingDate": "2022-02-02", "acceptedDate": "2022-02-02 06:10:21", "calendarYear": "2021", "period": "FY", "revenue": 127004000000, "costOfRevenue": 109126000000, "grossProfit": 17878000000, "grossProfitRatio": 0.1407672199, "researchAndDevelopmentExpenses": 7900000000, "generalAndAdministrativeExpenses": 5254000000, "sellingAndMarketingExpenses": 3300000000, "sellingGeneralAndAdministrativeExpenses": 8554000000, "otherExpenses": 2324000000, "operatingExpenses": 8554000000, "costAndExpenses": 117680000000, "interestIncome": 3041000000, "interestExpense": 950000000, "depreciationAndAmortization": 12051000000, "ebitda": 25717000000, "ebitdaratio": 0.2024896854, "operatingIncome": 13666000000, "operatingIncomeRatio": 0.1076029101, "totalOtherIncomeExpensesNet": -950000000, "incomeBeforeTax": 12716000000, "incomeBeforeTaxRatio": 0.1001228308, "incomeTaxExpense": 2771000000, "netIncome": 10019000000, "netIncomeRatio": 0.0788872791, "eps": 6.78, "epsdiluted": 6.7, "weightedAverageShsOut": 1451000000, "weightedAverageShsOutDil": 1468000000, "link": "https://www.sec.gov/Archives/edgar/data/1467858/000146785822000034/0001467858-22-000034-index.htm", "finalLink": "https://www.sec.gov/Archives/edgar/data/1467858/000146785822000034/gm-20211231.htm", "calculatedOtherExpenses": -12242000000, "calculatedOperatingExpenses": 4212000000, "calculatedNetInterest": 2091000000, "calculatedOtherIncome": -3041000000, "calculatedIncomeNonControlling": -74000000, "calculatedEbitda": 25717000000}, {"date": "2020-12-31", "symbol": "GM", "reportedCurrency": "USD", "cik": "0001467858", "fillingDate": "2021-02-10", "acceptedDate": "2021-02-10 15:48:19", "calendarYear": "2020", "period": "FY", "revenue": 122485000000, "costOfRevenue": 108813000000, "grossProfit": 13672000000, "grossProfitRatio": 0.1116218312, "researchAndDevelopmentExpenses": 6200000000, "generalAndAdministrativeExpenses": 4338000000, "sellingAndMarketingExpenses": 2700000000, "sellingGeneralAndAdministrativeExpenses": 7038000000, "otherExpenses": 1379000000, "operatingExpenses": 7038000000, "costAndExpenses": 115851000000, "interestIncome": 241000000, "interestExpense": 1098000000, "depreciationAndAmortization": 12815000000, "ebitda": 21743000000, "ebitdaratio": 0.1775156142, "operatingIncome": 8928000000, "operatingIncomeRatio": 0.072890558, "totalOtherIncomeExpensesNet": -833000000, "incomeBeforeTax": 8095000000, "incomeBeforeTaxRatio": 0.0660897253, "incomeTaxExpense": 1774000000, "netIncome": 6427000000, "netIncomeRatio": 0.0524717312, "eps": 4.36, "epsdiluted": 4.33, "weightedAverageShsOut": 1433000000, "weightedAverageShsOutDil": 1442000000, "link": "https://www.sec.gov/Archives/edgar/data/1467858/000146785821000037/0001467858-21-000037-index.htm", "finalLink": "https://www.sec.gov/Archives/edgar/data/1467858/000146785821000037/gm-20201231.htm", "calculatedOtherExpenses": -8494000000, "calculatedOperatingExpenses": 4744000000, "calculatedNetInterest": -857000000, "calculatedOtherIncome": 24000000, "calculatedIncomeNonControlling": -106000000, "calculatedEbitda": 21743000000}, {"date": "2019-12-31", "symbol": "GM", "reportedCurrency": "USD", "cik": "0001467858", "fillingDate": "2020-02-05", "acceptedDate": "2020-02-05 16:02:53", "calendarYear": "2019", "period": "FY", "revenue": 137237000000, "costOfRevenue": 123265000000, "grossProfit": 13972000000, "grossProfitRatio": 0.1018092788, "researchAndDevelopmentExpenses": 6800000000, "generalAndAdministrativeExpenses": 4791000000, "sellingAndMarketingExpenses": 3700000000, "sellingGeneralAndAdministrativeExpenses": 8491000000, "otherExpenses": 960000000, "operatingExpenses": 8491000000, "costAndExpenses": 131756000000, "interestIncome": 1469000000, "interestExpense": 782000000, "depreciationAndAmortization": 14118000000, "ebitda": 22336000000, "ebitdaratio": 0.1627549422, "operatingIncome": 8218000000, "operatingIncomeRatio": 0.0598818103, "totalOtherIncomeExpensesNet": -782000000, "incomeBeforeTax": 7436000000, "incomeBeforeTaxRatio": 0.0541836385, "incomeTaxExpense": 769000000, "netIncome": 6732000000, "netIncomeRatio": 0.0490538266, "eps": 4.62, "epsdiluted": 4.57, "weightedAverageShsOut": 1424000000, "weightedAverageShsOutDil": 1439000000, "link": "https://www.sec.gov/Archives/edgar/data/1467858/000146785820000028/0001467858-20-000028-index.htm", "finalLink": "https://www.sec.gov/Archives/edgar/data/1467858/000146785820000028/gm201910k.htm", "calculatedOtherExpenses": -9537000000, "calculatedOperatingExpenses": 5754000000, "calculatedNetInterest": 687000000, "calculatedOtherIncome": -1469000000, "calculatedIncomeNonControlling": -65000000, "calculatedEbitda": 22336000000}, {"date": "2018-12-31", "symbol": "GM", "reportedCurrency": "USD", "cik": "0001467858", "fillingDate": "2019-02-06", "acceptedDate": "2019-02-06 16:46:41", "calendarYear": "2018", "period": "FY", "revenue": 147049000000, "costOfRevenue": 132954000000, "grossProfit": 14095000000, "grossProfitRatio": 0.0958524029, "researchAndDevelopmentExpenses": 7800000000, "generalAndAdministrativeExpenses": 9650000000, "sellingAndMarketingExpenses": 4000000000, "sellingGeneralAndAdministrativeExpenses": 9650000000, "otherExpenses": 2003000000, "operatingExpenses": 9650000000, "costAndExpenses": 142604000000, "interestIncome": 2596000000, "interestExpense": 655000000, "depreciationAndAmortization": 13669000000, "ebitda": 22873000000, "ebitdaratio": 0.1555467905, "operatingIncome": 4445000000, "operatingIncomeRatio": 0.0302280192, "totalOtherIncomeExpensesNet": 2163000000, "incomeBeforeTax": 8549000000, "incomeBeforeTaxRatio": 0.0581370836, "incomeTaxExpense": 474000000, "netIncome": 8014000000, "netIncomeRatio": 0.0544988405, "eps": 5.68, "epsdiluted": 5.6, "weightedAverageShsOut": 1411000000, "weightedAverageShsOutDil": 1431000000, "link": "https://www.sec.gov/Archives/edgar/data/1467858/000146785819000033/0001467858-19-000033-index.htm", "finalLink": "https://www.sec.gov/Archives/edgar/data/1467858/000146785819000033/gm201810k.htm", "calculatedOtherExpenses": -7800000000, "calculatedOperatingExpenses": 9650000000, "calculatedNetInterest": 1941000000, "calculatedOtherIncome": 2163000000, "calculatedIncomeNonControlling": 61000000, "calculatedEbitda": 18114000000}, {"date": "2017-12-31", "symbol": "GM", "reportedCurrency": "USD", "cik": "0001467858", "fillingDate": "2018-02-06", "acceptedDate": "2018-02-06 12:34:06", "calendarYear": "2017", "period": "FY", "revenue": 145588000000, "costOfRevenue": 125997000000, "grossProfit": 19591000000, "grossProfitRatio": 0.1345646619, "researchAndDevelopmentExpenses": 7300000000, "generalAndAdministrativeExpenses": 9575000000, "sellingAndMarketingExpenses": 4300000000, "sellingGeneralAndAdministrativeExpenses": 9575000000, "otherExpenses": 11128000000, "operatingExpenses": 9575000000, "costAndExpenses": 135572000000, "interestIncome": 290000000, "interestExpense": 575000000, "depreciationAndAmortization": 12261000000, "ebitda": 24699000000, "ebitdaratio": 0.1696499712, "operatingIncome": 10016000000, "operatingIncomeRatio": 0.0687968789, "totalOtherIncomeExpensesNet": 2132000000, "incomeBeforeTax": 11863000000, "incomeBeforeTaxRatio": 0.081483364, "incomeTaxExpense": 11533000000, "netIncome": -3864000000, "netIncomeRatio": -0.026540649, "eps": -2.64, "epsdiluted": -2.59, "weightedAverageShsOut": 1465000000, "weightedAverageShsOutDil": 1492000000, "link": "https://www.sec.gov/Archives/edgar/data/1467858/000146785818000022/0001467858-18-000022-index.htm", "finalLink": "https://www.sec.gov/Archives/edgar/data/1467858/000146785818000022/gm201710k.htm", "calculatedOtherExpenses": -7300000000, "calculatedOperatingExpenses": 9575000000, "calculatedNetInterest": -285000000, "calculatedOtherIncome": 2132000000, "calculatedIncomeNonControlling": 4194000000, "calculatedEbitda": 22277000000}, {"date": "2016-12-31", "symbol": "GM", "reportedCurrency": "USD", "cik": "0001467858", "fillingDate": "2017-02-07", "acceptedDate": "2017-02-07 11:42:59", "calendarYear": "2016", "period": "FY", "revenue": 166380000000, "costOfRevenue": 145125000000, "grossProfit": 21255000000, "grossProfitRatio": 0.1277497295, "researchAndDevelopmentExpenses": 6600000000, "generalAndAdministrativeExpenses": 11710000000, "sellingAndMarketingExpenses": 4600000000, "sellingGeneralAndAdministrativeExpenses": 11710000000, "otherExpenses": 241000000, "operatingExpenses": 11710000000, "costAndExpenses": 156835000000, "interestIncome": 185000000, "interestExpense": 572000000, "depreciationAndAmortization": 10408000000, "ebitda": 22661000000, "ebitdaratio": 0.1362002645, "operatingIncome": 9545000000, "operatingIncomeRatio": 0.0573686741, "totalOtherIncomeExpensesNet": 2526000000, "incomeBeforeTax": 11684000000, "incomeBeforeTaxRatio": 0.0702247866, "incomeTaxExpense": 2416000000, "netIncome": 9427000000, "netIncomeRatio": 0.0566594543, "eps": 6.12, "epsdiluted": 6, "weightedAverageShsOut": 1540000000, "weightedAverageShsOutDil": 1570000000, "link": "https://www.sec.gov/Archives/edgar/data/1467858/000146785817000028/0001467858-17-000028-index.htm", "finalLink": "https://www.sec.gov/Archives/edgar/data/1467858/000146785817000028/gm201610k.htm", "calculatedOtherExpenses": -6600000000, "calculatedOperatingExpenses": 11710000000, "calculatedNetInterest": -387000000, "calculatedOtherIncome": 2526000000, "calculatedIncomeNonControlling": -159000000, "calculatedEbitda": 19953000000}, {"date": "2015-12-31", "symbol": "GM", "reportedCurrency": "USD", "cik": "0001467858", "fillingDate": "2016-02-03", "acceptedDate": "2016-02-03 13:20:41", "calendarYear": "2015", "period": "FY", "revenue": 152356000000, "costOfRevenue": 134054000000, "grossProfit": 18302000000, "grossProfitRatio": 0.1201265457, "researchAndDevelopmentExpenses": 6000000000, "generalAndAdministrativeExpenses": 13405000000, "sellingAndMarketingExpenses": 4400000000, "sellingGeneralAndAdministrativeExpenses": 13405000000, "otherExpenses": 148000000, "operatingExpenses": 13405000000, "costAndExpenses": 147459000000, "interestIncome": 169000000, "interestExpense": 443000000, "depreciationAndAmortization": 8017000000, "ebitda": 15425000000, "ebitdaratio": 0.1012431411, "operatingIncome": 4897000000, "operatingIncomeRatio": 0.0321418257, "totalOtherIncomeExpensesNet": 3095000000, "incomeBeforeTax": 7718000000, "incomeBeforeTaxRatio": 0.0506576702, "incomeTaxExpense": -1897000000, "netIncome": 9687000000, "netIncomeRatio": 0.0635813489, "eps": 6.11, "epsdiluted": 5.91, "weightedAverageShsOut": 1586000000, "weightedAverageShsOutDil": 1640000000, "link": "https://www.sec.gov/Archives/edgar/data/1467858/000146785816000255/0001467858-16-000255-index.htm", "finalLink": "https://www.sec.gov/Archives/edgar/data/1467858/000146785816000255/gm201510k.htm", "calculatedOtherExpenses": -6000000000, "calculatedOperatingExpenses": 13405000000, "calculatedNetInterest": -274000000, "calculatedOtherIncome": 3095000000, "calculatedIncomeNonControlling": -72000000, "calculatedEbitda": 12914000000}, {"date": "2014-12-31", "symbol": "GM", "reportedCurrency": "USD", "cik": "0001467858", "fillingDate": "2015-02-04", "acceptedDate": "2015-02-04 11:47:54", "calendarYear": "2014", "period": "FY", "revenue": 155929000000, "costOfRevenue": 142121000000, "grossProfit": 13808000000, "grossProfitRatio": 0.0885531235, "researchAndDevelopmentExpenses": 7400000000, "generalAndAdministrativeExpenses": 12158000000, "sellingAndMarketingExpenses": 5200000000, "sellingGeneralAndAdministrativeExpenses": 12158000000, "otherExpenses": 72000000, "operatingExpenses": 12158000000, "costAndExpenses": 154279000000, "interestIncome": 211000000, "interestExpense": 403000000, "depreciationAndAmortization": 7238000000, "ebitda": 11265000000, "ebitdaratio": 0.0722444189, "operatingIncome": 1530000000, "operatingIncomeRatio": 0.0098121581, "totalOtherIncomeExpensesNet": 2788000000, "incomeBeforeTax": 4246000000, "incomeBeforeTaxRatio": 0.027230342, "incomeTaxExpense": 228000000, "netIncome": 3949000000, "netIncomeRatio": 0.025325629, "eps": 1.75, "epsdiluted": 1.65, "weightedAverageShsOut": 1605000000, "weightedAverageShsOutDil": 1687000000, "link": "https://www.sec.gov/Archives/edgar/data/1467858/000146785815000036/0001467858-15-000036-index.htm", "finalLink": "https://www.sec.gov/Archives/edgar/data/1467858/000146785815000036/gm201410k.htm", "calculatedOtherExpenses": -7280000000, "calculatedOperatingExpenses": 12278000000, "calculatedNetInterest": -192000000, "calculatedOtherIncome": 2908000000, "calculatedIncomeNonControlling": 69000000, "calculatedEbitda": 8768000000}, {"date": "2013-12-31", "symbol": "GM", "reportedCurrency": "USD", "cik": "0001467858", "fillingDate": "2014-02-06", "acceptedDate": "2014-02-06 12:49:42", "calendarYear": "2013", "period": "FY", "revenue": 155427000000, "costOfRevenue": 137373000000, "grossProfit": 18054000000, "grossProfitRatio": 0.1161574244, "researchAndDevelopmentExpenses": 7200000000, "generalAndAdministrativeExpenses": 12382000000, "sellingAndMarketingExpenses": 5500000000, "sellingGeneralAndAdministrativeExpenses": 12382000000, "otherExpenses": 196000000, "operatingExpenses": 12382000000, "costAndExpenses": 149755000000, "interestIncome": 246000000, "interestExpense": 334000000, "depreciationAndAmortization": 8041000000, "ebitda": 15965000000, "ebitdaratio": 0.1027170311, "operatingIncome": 5131000000, "operatingIncomeRatio": 0.0330122823, "totalOtherIncomeExpensesNet": 1874000000, "incomeBeforeTax": 7458000000, "incomeBeforeTaxRatio": 0.047983941, "incomeTaxExpense": 2127000000, "netIncome": 5346000000, "netIncomeRatio": 0.0343955683, "eps": 2.71, "epsdiluted": 2.38, "weightedAverageShsOut": 1393000000, "weightedAverageShsOutDil": 1676000000, "link": "https://www.sec.gov/Archives/edgar/data/1467858/000146785814000043/0001467858-14-000043-index.htm", "finalLink": "https://www.sec.gov/Archives/edgar/data/1467858/000146785814000043/gm201310k.htm", "calculatedOtherExpenses": -6659000000, "calculatedOperatingExpenses": 12923000000, "calculatedNetInterest": -88000000, "calculatedOtherIncome": 2415000000, "calculatedIncomeNonControlling": -15000000, "calculatedEbitda": 13172000000}, {"date": "2012-12-31", "symbol": "GM", "reportedCurrency": "USD", "cik": "0001467858", "fillingDate": "2013-02-15", "acceptedDate": "2013-02-15 11:28:33", "calendarYear": "2012", "period": "FY", "revenue": 152256000000, "costOfRevenue": 141443000000, "grossProfit": 10813000000, "grossProfitRatio": 0.0710185477, "researchAndDevelopmentExpenses": 7400000000, "generalAndAdministrativeExpenses": 13593000000, "sellingAndMarketingExpenses": 5400000000, "sellingGeneralAndAdministrativeExpenses": 13593000000, "otherExpenses": 467000000, "operatingExpenses": 14031000000, "costAndExpenses": 155474000000, "interestIncome": 845000000, "interestExpense": 489000000, "depreciationAndAmortization": 38762000000, "ebitda": -2373000000, "ebitdaratio": -0.0155855927, "operatingIncome": -30363000000, "operatingIncomeRatio": -0.1994207125, "totalOtherIncomeExpensesNet": -27395000000, "incomeBeforeTax": -30257000000, "incomeBeforeTaxRatio": -0.1987245166, "incomeTaxExpense": -34831000000, "netIncome": 6188000000, "netIncomeRatio": 0.0406420765, "eps": 3.1, "epsdiluted": 2.92, "weightedAverageShsOut": 1566000000, "weightedAverageShsOutDil": 1675000000, "link": "https://www.sec.gov/Archives/edgar/data/1467858/000146785813000025/0001467858-13-000025-index.htm", "finalLink": "https://www.sec.gov/Archives/edgar/data/1467858/000146785813000025/gm201210k.htm", "calculatedOtherExpenses": 20183000000, "calculatedOperatingExpenses": 41176000000, "calculatedNetInterest": 356000000, "calculatedOtherIncome": -250000000, "calculatedIncomeNonControlling": -1614000000, "calculatedEbitda": 8399000000}, {"date": "2011-12-31", "symbol": "GM", "reportedCurrency": "USD", "cik": "0001467858", "fillingDate": "2012-02-27", "acceptedDate": "2012-02-27 13:41:16", "calendarYear": "2011", "period": "FY", "revenue": 150276000000, "costOfRevenue": 131171000000, "grossProfit": 19105000000, "grossProfitRatio": 0.1271327424, "researchAndDevelopmentExpenses": 0, "generalAndAdministrativeExpenses": 12163000000, "sellingAndMarketingExpenses": 0, "sellingGeneralAndAdministrativeExpenses": 12163000000, "otherExpenses": 1344000000, "operatingExpenses": 12163000000, "costAndExpenses": 143334000000, "interestIncome": 851000000, "interestExpense": 540000000, "depreciationAndAmortization": 7344000000, "ebitda": 15137000000, "ebitdaratio": 0.1007279938, "operatingIncome": 5656000000, "operatingIncomeRatio": 0.0376374138, "totalOtherIncomeExpensesNet": -1268000000, "incomeBeforeTax": 5985000000, "incomeBeforeTaxRatio": 0.0398267188, "incomeTaxExpense": 110000000, "netIncome": 9190000000, "netIncomeRatio": 0.061154143, "eps": 4.94, "epsdiluted": 4.58, "weightedAverageShsOut": 1536000000, "weightedAverageShsOutDil": 1668000000, "link": "https://www.sec.gov/Archives/edgar/data/1467858/000146785812000014/0001467858-12-000014-index.htm", "finalLink": "https://www.sec.gov/Archives/edgar/data/1467858/000146785812000014/gm201110k.htm", "calculatedOtherExpenses": 1286000000, "calculatedOperatingExpenses": 13449000000, "calculatedNetInterest": 311000000, "calculatedOtherIncome": 18000000, "calculatedIncomeNonControlling": -3315000000, "calculatedEbitda": 13000000000}, {"date": "2010-12-31", "symbol": "GM", "reportedCurrency": "USD", "cik": "0001467858", "fillingDate": "2011-03-01", "acceptedDate": "2011-03-01 11:56:53", "calendarYear": "2010", "period": "FY", "revenue": 135592000000, "costOfRevenue": 118792000000, "grossProfit": 16800000000, "grossProfitRatio": 0.1239011151, "researchAndDevelopmentExpenses": 0, "generalAndAdministrativeExpenses": 11716000000, "sellingAndMarketingExpenses": 0, "sellingGeneralAndAdministrativeExpenses": 11716000000, "otherExpenses": 118000000, "operatingExpenses": 11716000000, "costAndExpenses": 130508000000, "interestIncome": 1555000000, "interestExpense": 1098000000, "depreciationAndAmortization": 6923000000, "ebitda": 13758000000, "ebitdaratio": 0.1014661632, "operatingIncome": 5084000000, "operatingIncomeRatio": 0.0374948375, "totalOtherIncomeExpensesNet": 653000000, "incomeBeforeTax": 5737000000, "incomeBeforeTaxRatio": 0.0423107558, "incomeTaxExpense": 672000000, "netIncome": 6172000000, "netIncomeRatio": 0.0455189097, "eps": 3.11, "epsdiluted": 2.89, "weightedAverageShsOut": 1500000000, "weightedAverageShsOutDil": 1624000000, "link": "https://www.sec.gov/Archives/edgar/data/1467858/000119312511051462/0001193125-11-051462-index.htm", "finalLink": "https://www.sec.gov/Archives/edgar/data/1467858/000119312511051462/d10k.htm", "calculatedOtherExpenses": 0, "calculatedOperatingExpenses": 11716000000, "calculatedNetInterest": 457000000, "calculatedOtherIncome": 196000000, "calculatedIncomeNonControlling": -1107000000, "calculatedEbitda": 12007000000}, {"date": "2009-12-31", "symbol": "GM", "reportedCurrency": "USD", "cik": "0001467858", "fillingDate": "2010-04-07", "acceptedDate": "2010-04-07 11:23:48", "calendarYear": "2009", "period": "FY", "revenue": 104589000000, "costOfRevenue": 112195000000, "grossProfit": -7606000000, "grossProfitRatio": -0.0727227529, "researchAndDevelopmentExpenses": 0, "generalAndAdministrativeExpenses": 12167000000, "sellingAndMarketingExpenses": 0, "sellingGeneralAndAdministrativeExpenses": 12167000000, "otherExpenses": 1162000000, "operatingExpenses": 13329000000, "costAndExpenses": 125524000000, "interestIncome": 1292000000, "interestExpense": 6122000000, "depreciationAndAmortization": 15151000000, "ebitda": -3112000000, "ebitdaratio": -0.0297545631, "operatingIncome": -21023000000, "operatingIncomeRatio": -0.2010058419, "totalOtherIncomeExpensesNet": 128258000000, "incomeBeforeTax": 102493000000, "incomeBeforeTaxRatio": 0.9799596516, "incomeTaxExpense": -2166000000, "netIncome": 104821000000, "netIncomeRatio": 1.0022182065, "eps": 113.18, "epsdiluted": 113.18, "weightedAverageShsOut": 925000000, "weightedAverageShsOutDil": 925000000, "link": "https://www.sec.gov/Archives/edgar/data/1467858/000119312510078119/0001193125-10-078119-index.htm", "finalLink": "https://www.sec.gov/Archives/edgar/data/1467858/000119312510078119/d10k.htm", "calculatedOtherExpenses": 1250000000, "calculatedOperatingExpenses": 13417000000, "calculatedNetInterest": -4830000000, "calculatedOtherIncome": 128346000000, "calculatedIncomeNonControlling": -162000000, "calculatedEbitda": -5872000000}, {"date": "2008-12-31", "symbol": "GM", "reportedCurrency": "USD", "cik": "0001467858", "fillingDate": "2008-12-31", "acceptedDate": "2008-12-30 19:00:00", "calendarYear": "2008", "period": "FY", "revenue": 148979000000, "costOfRevenue": 149257000000, "grossProfit": -278000000, "grossProfitRatio": -0.0018660348, "researchAndDevelopmentExpenses": 0, "generalAndAdministrativeExpenses": 14253000000, "sellingAndMarketingExpenses": 0, "sellingGeneralAndAdministrativeExpenses": 14253000000, "otherExpenses": 6089000000, "operatingExpenses": 20342000000, "costAndExpenses": 169599000000, "interestIncome": 424000000, "interestExpense": 2525000000, "depreciationAndAmortization": 10203000000, "ebitda": -16090000000, "ebitdaratio": -0.1080017989, "operatingIncome": -21230000000, "operatingIncomeRatio": -0.1425033058, "totalOtherIncomeExpensesNet": -6836000000, "incomeBeforeTax": -29471000000, "incomeBeforeTaxRatio": -0.197819827, "incomeTaxExpense": 1766000000, "netIncome": -30943000000, "netIncomeRatio": -0.2077004142, "eps": -53.44, "epsdiluted": -53.44, "weightedAverageShsOut": 579000000, "weightedAverageShsOutDil": 579000000, "link": "", "finalLink": "", "calculatedOtherExpenses": 6699000000, "calculatedOperatingExpenses": 20952000000, "calculatedNetInterest": -2101000000, "calculatedOtherIncome": -6140000000, "calculatedIncomeNonControlling": -294000000, "calculatedEbitda": -11027000000}]}