{"originalCurrency": "USD", "convertedCurrency": "USD", "report": [{"date": "2024-02-03", "symbol": "GME", "reportedCurrency": "USD", "cik": "0001326380", "fillingDate": "2024-03-26", "acceptedDate": "2024-03-26 16:12:38", "calendarYear": "2023", "period": "FY", "revenue": 5272800000, "costOfRevenue": 4033900000, "grossProfit": 1238900000, "grossProfitRatio": 0.2349605523, "researchAndDevelopmentExpenses": 0, "generalAndAdministrativeExpenses": 0, "sellingAndMarketingExpenses": 0, "sellingGeneralAndAdministrativeExpenses": 1268600000, "otherExpenses": -1900000, "operatingExpenses": 1268600000, "costAndExpenses": 5302500000, "interestIncome": 49500000, "interestExpense": 0, "depreciationAndAmortization": 56200000, "ebitda": 26500000, "ebitdaratio": 0.0050257927, "operatingIncome": -29700000, "operatingIncomeRatio": -0.0056326809, "totalOtherIncomeExpensesNet": 42800000, "incomeBeforeTax": 13100000, "incomeBeforeTaxRatio": 0.0024844485, "incomeTaxExpense": 6400000, "netIncome": 6700000, "netIncomeRatio": 0.0012706721, "eps": 0.022, "epsdiluted": 0.022, "weightedAverageShsOut": 305100000, "weightedAverageShsOutDil": 305200000, "link": "https://www.sec.gov/Archives/edgar/data/1326380/000132638024000012/0001326380-24-000012-index.htm", "finalLink": "https://www.sec.gov/Archives/edgar/data/1326380/000132638024000012/gme-20240203.htm", "calculatedOtherExpenses": 0, "calculatedOperatingExpenses": 1268600000, "calculatedNetInterest": 49500000, "calculatedOtherIncome": -6700000, "calculatedIncomeNonControlling": 0, "calculatedEbitda": 26500000}, {"date": "2023-01-28", "symbol": "GME", "reportedCurrency": "USD", "cik": "0001326380", "fillingDate": "2023-03-28", "acceptedDate": "2023-03-28 17:26:10", "calendarYear": "2022", "period": "FY", "revenue": 5927200000, "costOfRevenue": 4555100000, "grossProfit": 1372100000, "grossProfitRatio": 0.2314921042, "researchAndDevelopmentExpenses": 0, "generalAndAdministrativeExpenses": 0, "sellingAndMarketingExpenses": 0, "sellingGeneralAndAdministrativeExpenses": 1681000000, "otherExpenses": 0, "operatingExpenses": 1681000000, "costAndExpenses": 6236100000, "interestIncome": 9500000, "interestExpense": -4100000, "depreciationAndAmortization": 64400000, "ebitda": -244500000, "ebitdaratio": -0.0412505061, "operatingIncome": -308900000, "operatingIncomeRatio": -0.0521156701, "totalOtherIncomeExpensesNet": 6800000, "incomeBeforeTax": -302100000, "incomeBeforeTaxRatio": -0.0509684168, "incomeTaxExpense": 11000000, "netIncome": -313100000, "netIncomeRatio": -0.0528242678, "eps": -1.03, "epsdiluted": -1.03, "weightedAverageShsOut": 304200000, "weightedAverageShsOutDil": 304200000, "link": "https://www.sec.gov/Archives/edgar/data/1326380/000132638023000019/0001326380-23-000019-index.htm", "finalLink": "https://www.sec.gov/Archives/edgar/data/1326380/000132638023000019/gme-20230128.htm", "calculatedOtherExpenses": 0, "calculatedOperatingExpenses": 1681000000, "calculatedNetInterest": 13600000, "calculatedOtherIncome": -6800000, "calculatedIncomeNonControlling": 0, "calculatedEbitda": -244500000}, {"date": "2022-01-29", "symbol": "GME", "reportedCurrency": "USD", "cik": "0001326380", "fillingDate": "2022-03-17", "acceptedDate": "2022-03-17 16:10:28", "calendarYear": "2021", "period": "FY", "revenue": 6010700000, "costOfRevenue": 4662900000, "grossProfit": 1347800000, "grossProfitRatio": 0.2242334503, "researchAndDevelopmentExpenses": 0, "generalAndAdministrativeExpenses": 0, "sellingAndMarketingExpenses": 0, "sellingGeneralAndAdministrativeExpenses": 1709600000, "otherExpenses": 0, "operatingExpenses": 1709600000, "costAndExpenses": 6372500000, "interestIncome": 1900000, "interestExpense": 26900000, "depreciationAndAmortization": 83900000, "ebitda": -277900000, "ebitdaratio": -0.0462342156, "operatingIncome": -361800000, "operatingIncomeRatio": -0.0601926564, "totalOtherIncomeExpensesNet": -33600000, "incomeBeforeTax": -395400000, "incomeBeforeTaxRatio": -0.0657826875, "incomeTaxExpense": -14100000, "netIncome": -381300000, "netIncomeRatio": -0.0634368709, "eps": -1.31, "epsdiluted": -1.31, "weightedAverageShsOut": 290400000, "weightedAverageShsOutDil": 290400000, "link": "https://www.sec.gov/Archives/edgar/data/1326380/000132638022000021/0001326380-22-000021-index.htm", "finalLink": "https://www.sec.gov/Archives/edgar/data/1326380/000132638022000021/gme-20220129.htm", "calculatedOtherExpenses": 0, "calculatedOperatingExpenses": 1709600000, "calculatedNetInterest": -25000000, "calculatedOtherIncome": -8600000, "calculatedIncomeNonControlling": 0, "calculatedEbitda": -277900000}, {"date": "2021-01-30", "symbol": "GME", "reportedCurrency": "USD", "cik": "0001326380", "fillingDate": "2021-03-23", "acceptedDate": "2021-03-23 16:39:12", "calendarYear": "2020", "period": "FY", "revenue": 5089800000, "costOfRevenue": 3830300000, "grossProfit": 1259500000, "grossProfitRatio": 0.2474556957, "researchAndDevelopmentExpenses": 0, "generalAndAdministrativeExpenses": 0, "sellingAndMarketingExpenses": 0, "sellingGeneralAndAdministrativeExpenses": 1514200000, "otherExpenses": 0, "operatingExpenses": 1514200000, "costAndExpenses": 5344500000, "interestIncome": 1900000, "interestExpense": 34000000, "depreciationAndAmortization": 63800000, "ebitda": -190900000, "ebitdaratio": -0.0375063853, "operatingIncome": -254700000, "operatingIncomeRatio": -0.050041259, "totalOtherIncomeExpensesNet": -15200000, "incomeBeforeTax": -269900000, "incomeBeforeTaxRatio": -0.0530276239, "incomeTaxExpense": -55300000, "netIncome": -214600000, "netIncomeRatio": -0.0421627569, "eps": -0.83, "epsdiluted": -0.83, "weightedAverageShsOut": 260000000, "weightedAverageShsOutDil": 260000000, "link": "https://www.sec.gov/Archives/edgar/data/1326380/000132638021000032/0001326380-21-000032-index.htm", "finalLink": "https://www.sec.gov/Archives/edgar/data/1326380/000132638021000032/gme-20210130.htm", "calculatedOtherExpenses": 0, "calculatedOperatingExpenses": 1514200000, "calculatedNetInterest": -32100000, "calculatedOtherIncome": 16900000, "calculatedIncomeNonControlling": 0, "calculatedEbitda": -190900000}, {"date": "2020-02-01", "symbol": "GME", "reportedCurrency": "USD", "cik": "0001326380", "fillingDate": "2020-03-27", "acceptedDate": "2020-03-27 14:20:10", "calendarYear": "2019", "period": "FY", "revenue": 6466000000, "costOfRevenue": 4557300000, "grossProfit": 1908700000, "grossProfitRatio": 0.2951902258, "researchAndDevelopmentExpenses": 0, "generalAndAdministrativeExpenses": 0, "sellingAndMarketingExpenses": 0, "sellingGeneralAndAdministrativeExpenses": 1922700000, "otherExpenses": 0, "operatingExpenses": 1922700000, "costAndExpenses": 6480000000, "interestIncome": 11300000, "interestExpense": 38500000, "depreciationAndAmortization": 96200000, "ebitda": 467800000, "ebitdaratio": 0.0723476647, "operatingIncome": -399600000, "operatingIncomeRatio": -0.0618001856, "totalOtherIncomeExpensesNet": -385600000, "incomeBeforeTax": -426800000, "incomeBeforeTaxRatio": -0.0660068048, "incomeTaxExpense": 37600000, "netIncome": -470900000, "netIncomeRatio": -0.0728270956, "eps": -1.35, "epsdiluted": -1.35, "weightedAverageShsOut": 350000000, "weightedAverageShsOutDil": 350000000, "link": "https://www.sec.gov/Archives/edgar/data/1326380/000132638020000022/0001326380-20-000022-index.htm", "finalLink": "https://www.sec.gov/Archives/edgar/data/1326380/000132638020000022/a10k-fy19q4.htm", "calculatedOtherExpenses": 385600000, "calculatedOperatingExpenses": 2308300000, "calculatedNetInterest": -27200000, "calculatedOtherIncome": 0, "calculatedIncomeNonControlling": 6500000, "calculatedEbitda": -303400000}, {"date": "2019-02-02", "symbol": "GME", "reportedCurrency": "USD", "cik": "0001326380", "fillingDate": "2019-04-02", "acceptedDate": "2019-04-02 16:18:29", "calendarYear": "2018", "period": "FY", "revenue": 8285300000, "costOfRevenue": 5977200000, "grossProfit": 2308100000, "grossProfitRatio": 0.278577722, "researchAndDevelopmentExpenses": 0, "generalAndAdministrativeExpenses": 0, "sellingAndMarketingExpenses": 0, "sellingGeneralAndAdministrativeExpenses": 1888600000, "otherExpenses": 105600000, "operatingExpenses": 1994200000, "costAndExpenses": 7971400000, "interestIncome": 5700000, "interestExpense": 56800000, "depreciationAndAmortization": 126900000, "ebitda": 1456700000, "ebitdaratio": 0.1758174116, "operatingIncome": -702000000, "operatingIncomeRatio": -0.0847283743, "totalOtherIncomeExpensesNet": -1015900000, "incomeBeforeTax": -753100000, "incomeBeforeTaxRatio": -0.0908959241, "incomeTaxExpense": 41700000, "netIncome": -673000000, "netIncomeRatio": -0.0812281993, "eps": -1.65, "epsdiluted": -1.65, "weightedAverageShsOut": 408112965, "weightedAverageShsOutDil": 408400000, "link": "https://www.sec.gov/Archives/edgar/data/1326380/000132638019000052/0001326380-19-000052-index.htm", "finalLink": "https://www.sec.gov/Archives/edgar/data/1326380/000132638019000052/a10k-fy18q4.htm", "calculatedOtherExpenses": 1121500000, "calculatedOperatingExpenses": 3010100000, "calculatedNetInterest": -51100000, "calculatedOtherIncome": 0, "calculatedIncomeNonControlling": -121800000, "calculatedEbitda": -575100000}, {"date": "2018-02-03", "symbol": "GME", "reportedCurrency": "USD", "cik": "0001326380", "fillingDate": "2018-04-02", "acceptedDate": "2018-04-02 16:24:11", "calendarYear": "2017", "period": "FY", "revenue": 9224600000, "costOfRevenue": 6184500000, "grossProfit": 3040100000, "grossProfitRatio": 0.3295644256, "researchAndDevelopmentExpenses": 0, "generalAndAdministrativeExpenses": 0, "sellingAndMarketingExpenses": 0, "sellingGeneralAndAdministrativeExpenses": 2363000000, "otherExpenses": 150700000, "operatingExpenses": 2513700000, "costAndExpenses": 8698200000, "interestIncome": 1500000, "interestExpense": 56800000, "depreciationAndAmortization": 151900000, "ebitda": 1069100000, "ebitdaratio": 0.1158966242, "operatingIncome": 135600000, "operatingIncomeRatio": 0.0146998244, "totalOtherIncomeExpensesNet": -390800000, "incomeBeforeTax": 80300000, "incomeBeforeTaxRatio": 0.0087049845, "incomeTaxExpense": 45600000, "netIncome": 34700000, "netIncomeRatio": 0.0037616807, "eps": 0.0856, "epsdiluted": 0.0855, "weightedAverageShsOut": 405991189, "weightedAverageShsOutDil": 406000000, "link": "https://www.sec.gov/Archives/edgar/data/1326380/000132638018000033/0001326380-18-000033-index.htm", "finalLink": "https://www.sec.gov/Archives/edgar/data/1326380/000132638018000033/a10k-fy17q4.htm", "calculatedOtherExpenses": 541500000, "calculatedOperatingExpenses": 2904500000, "calculatedNetInterest": -55300000, "calculatedOtherIncome": 0, "calculatedIncomeNonControlling": 0, "calculatedEbitda": 287500000}, {"date": "2017-01-28", "symbol": "GME", "reportedCurrency": "USD", "cik": "0001326380", "fillingDate": "2017-03-27", "acceptedDate": "2017-03-27 16:12:21", "calendarYear": "2016", "period": "FY", "revenue": 8607900000, "costOfRevenue": 5598600000, "grossProfit": 3009300000, "grossProfitRatio": 0.3495974628, "researchAndDevelopmentExpenses": 0, "generalAndAdministrativeExpenses": 0, "sellingAndMarketingExpenses": 0, "sellingGeneralAndAdministrativeExpenses": 2252600000, "otherExpenses": 165200000, "operatingExpenses": 2417800000, "costAndExpenses": 8016400000, "interestIncome": 800000, "interestExpense": 53800000, "depreciationAndAmortization": 165200000, "ebitda": 790500000, "ebitdaratio": 0.0918342453, "operatingIncome": 557700000, "operatingIncomeRatio": 0.0647893214, "totalOtherIncomeExpensesNet": -33800000, "incomeBeforeTax": 504700000, "incomeBeforeTaxRatio": 0.0586321867, "incomeTaxExpense": 151500000, "netIncome": 353200000, "netIncomeRatio": 0.0410320752, "eps": 0.85, "epsdiluted": 0.85, "weightedAverageShsOut": 415200000, "weightedAverageShsOutDil": 415699658, "link": "https://www.sec.gov/Archives/edgar/data/1326380/000132638017000046/0001326380-17-000046-index.htm", "finalLink": "https://www.sec.gov/Archives/edgar/data/1326380/000132638017000046/a10k-fy16q4.htm", "calculatedOtherExpenses": 199000000, "calculatedOperatingExpenses": 2451600000, "calculatedNetInterest": -53000000, "calculatedOtherIncome": 0, "calculatedIncomeNonControlling": 0, "calculatedEbitda": 722900000}, {"date": "2016-01-30", "symbol": "GME", "reportedCurrency": "USD", "cik": "0001326380", "fillingDate": "2016-03-28", "acceptedDate": "2016-03-28 16:56:06", "calendarYear": "2015", "period": "FY", "revenue": 9363800000, "costOfRevenue": 6445500000, "grossProfit": 2918300000, "grossProfitRatio": 0.3116576604, "researchAndDevelopmentExpenses": 0, "generalAndAdministrativeExpenses": 0, "sellingAndMarketingExpenses": 0, "sellingGeneralAndAdministrativeExpenses": 2108900000, "otherExpenses": 156600000, "operatingExpenses": 2265500000, "costAndExpenses": 8711000000, "interestIncome": 400000, "interestExpense": 23400000, "depreciationAndAmortization": 156600000, "ebitda": 814000000, "ebitdaratio": 0.0869305197, "operatingIncome": 648200000, "operatingIncomeRatio": 0.069224033, "totalOtherIncomeExpensesNet": -4600000, "incomeBeforeTax": 625200000, "incomeBeforeTaxRatio": 0.0667677652, "incomeTaxExpense": 222400000, "netIncome": 402800000, "netIncomeRatio": 0.043016724, "eps": 0.95, "epsdiluted": 0.94, "weightedAverageShsOut": 426243386, "weightedAverageShsOutDil": 426800000, "link": "https://www.sec.gov/Archives/edgar/data/1326380/000132638016000320/0001326380-16-000320-index.htm", "finalLink": "https://www.sec.gov/Archives/edgar/data/1326380/000132638016000320/a10k-fy15q4.htm", "calculatedOtherExpenses": 161200000, "calculatedOperatingExpenses": 2270100000, "calculatedNetInterest": -23000000, "calculatedOtherIncome": 0, "calculatedIncomeNonControlling": 0, "calculatedEbitda": 804800000}, {"date": "2015-01-31", "symbol": "GME", "reportedCurrency": "USD", "cik": "0001326380", "fillingDate": "2015-03-30", "acceptedDate": "2015-03-30 16:45:04", "calendarYear": "2014", "period": "FY", "revenue": 9296000000, "costOfRevenue": 6520100000, "grossProfit": 2775900000, "grossProfitRatio": 0.2986123064, "researchAndDevelopmentExpenses": 0, "generalAndAdministrativeExpenses": 0, "sellingAndMarketingExpenses": 0, "sellingGeneralAndAdministrativeExpenses": 2001000000, "otherExpenses": 154400000, "operatingExpenses": 2155400000, "costAndExpenses": 8675500000, "interestIncome": 700000, "interestExpense": 10700000, "depreciationAndAmortization": 154400000, "ebitda": 777100000, "ebitdaratio": 0.0835950947, "operatingIncome": 618300000, "operatingIncomeRatio": 0.0665124785, "totalOtherIncomeExpensesNet": -2200000, "incomeBeforeTax": 608300000, "incomeBeforeTaxRatio": 0.065436747, "incomeTaxExpense": 215200000, "netIncome": 393100000, "netIncomeRatio": 0.0422870052, "eps": 0.88, "epsdiluted": 0.87, "weightedAverageShsOut": 452800000, "weightedAverageShsOutDil": 453141210, "link": "https://www.sec.gov/Archives/edgar/data/1326380/000132638015000078/0001326380-15-000078-index.htm", "finalLink": "https://www.sec.gov/Archives/edgar/data/1326380/000132638015000078/form10k-fy14.htm", "calculatedOtherExpenses": 156600000, "calculatedOperatingExpenses": 2157600000, "calculatedNetInterest": -10000000, "calculatedOtherIncome": 0, "calculatedIncomeNonControlling": 0, "calculatedEbitda": 772700000}, {"date": "2014-02-01", "symbol": "GME", "reportedCurrency": "USD", "cik": "0001326380", "fillingDate": "2014-04-02", "acceptedDate": "2014-04-02 12:23:47", "calendarYear": "2013", "period": "FY", "revenue": 9039500000, "costOfRevenue": 6378400000, "grossProfit": 2661100000, "grossProfitRatio": 0.2943857514, "researchAndDevelopmentExpenses": 0, "generalAndAdministrativeExpenses": 0, "sellingAndMarketingExpenses": 0, "sellingGeneralAndAdministrativeExpenses": 1892400000, "otherExpenses": 0, "operatingExpenses": 2058900000, "costAndExpenses": 8437300000, "interestIncome": 900000, "interestExpense": 5600000, "depreciationAndAmortization": 166500000, "ebitda": 797400000, "ebitdaratio": 0.0882128436, "operatingIncome": 573500000, "operatingIncomeRatio": 0.0634437745, "totalOtherIncomeExpensesNet": -28700000, "incomeBeforeTax": 568800000, "incomeBeforeTaxRatio": 0.0629238343, "incomeTaxExpense": 214600000, "netIncome": 354200000, "netIncomeRatio": 0.0391835832, "eps": 0.76, "epsdiluted": 0.75, "weightedAverageShsOut": 473600000, "weightedAverageShsOutDil": 473846153, "link": "https://www.sec.gov/Archives/edgar/data/1326380/000144530514001259/0001445305-14-001259-index.htm", "finalLink": "https://www.sec.gov/Archives/edgar/data/1326380/000144530514001259/a10k-fy13q4.htm", "calculatedOtherExpenses": 195200000, "calculatedOperatingExpenses": 2087600000, "calculatedNetInterest": -4700000, "calculatedOtherIncome": 0, "calculatedIncomeNonControlling": 0, "calculatedEbitda": 740000000}, {"date": "2013-02-02", "symbol": "GME", "reportedCurrency": "USD", "cik": "0001326380", "fillingDate": "2013-04-03", "acceptedDate": "2013-04-03 16:29:13", "calendarYear": "2012", "period": "FY", "revenue": 8886700000, "costOfRevenue": 6235200000, "grossProfit": 2651500000, "grossProfitRatio": 0.2983672229, "researchAndDevelopmentExpenses": 0, "generalAndAdministrativeExpenses": 0, "sellingAndMarketingExpenses": 0, "sellingGeneralAndAdministrativeExpenses": 1835900000, "otherExpenses": 176500000, "operatingExpenses": 2012400000, "costAndExpenses": 8247600000, "interestIncome": 900000, "interestExpense": 4200000, "depreciationAndAmortization": 176500000, "ebitda": 1496300000, "ebitdaratio": 0.1683752124, "operatingIncome": -41600000, "operatingIncomeRatio": -0.0046811527, "totalOtherIncomeExpensesNet": -680700000, "incomeBeforeTax": -44900000, "incomeBeforeTaxRatio": -0.0050524942, "incomeTaxExpense": 224900000, "netIncome": -269700000, "netIncomeRatio": -0.0303487234, "eps": -0.53, "epsdiluted": -0.53, "weightedAverageShsOut": 505600000, "weightedAverageShsOutDil": 505600599, "link": "https://www.sec.gov/Archives/edgar/data/1326380/000119312513140443/0001193125-13-140443-index.htm", "finalLink": "https://www.sec.gov/Archives/edgar/data/1326380/000119312513140443/d469015d10k.htm", "calculatedOtherExpenses": 857200000, "calculatedOperatingExpenses": 2693100000, "calculatedNetInterest": -3300000, "calculatedOtherIncome": 0, "calculatedIncomeNonControlling": -100000, "calculatedEbitda": 134900000}, {"date": "2012-01-28", "symbol": "GME", "reportedCurrency": "USD", "cik": "0001326380", "fillingDate": "2012-03-27", "acceptedDate": "2012-03-27 17:09:09", "calendarYear": "2011", "period": "FY", "revenue": 9550500000, "costOfRevenue": 6871000000, "grossProfit": 2679500000, "grossProfitRatio": 0.2805612272, "researchAndDevelopmentExpenses": 0, "generalAndAdministrativeExpenses": 0, "sellingAndMarketingExpenses": 0, "sellingGeneralAndAdministrativeExpenses": 1842100000, "otherExpenses": 186300000, "operatingExpenses": 2028400000, "costAndExpenses": 8899400000, "interestIncome": 900000, "interestExpense": 19800000, "depreciationAndAmortization": 186300000, "ebitda": 835400000, "ebitdaratio": 0.0874718601, "operatingIncome": 569900000, "operatingIncomeRatio": 0.0596722685, "totalOtherIncomeExpensesNet": -80200000, "incomeBeforeTax": 549100000, "incomeBeforeTaxRatio": 0.057494372, "incomeTaxExpense": 210600000, "netIncome": 339900000, "netIncomeRatio": 0.0355897597, "eps": 0.61, "epsdiluted": 0.6, "weightedAverageShsOut": 559600000, "weightedAverageShsOutDil": 564000000, "link": "https://www.sec.gov/Archives/edgar/data/1326380/000119312512134615/0001193125-12-134615-index.htm", "finalLink": "https://www.sec.gov/Archives/edgar/data/1326380/000119312512134615/d283661d10k.htm", "calculatedOtherExpenses": 267500000, "calculatedOperatingExpenses": 2109600000, "calculatedNetInterest": -18900000, "calculatedOtherIncome": -1900000, "calculatedIncomeNonControlling": -1400000, "calculatedEbitda": 756200000}, {"date": "2011-01-29", "symbol": "GME", "reportedCurrency": "USD", "cik": "0001326380", "fillingDate": "2011-03-30", "acceptedDate": "2011-03-30 16:12:17", "calendarYear": "2010", "period": "FY", "revenue": 9473700000, "costOfRevenue": 6936100000, "grossProfit": 2537600000, "grossProfitRatio": 0.2678573313, "researchAndDevelopmentExpenses": 0, "generalAndAdministrativeExpenses": 0, "sellingAndMarketingExpenses": 0, "sellingGeneralAndAdministrativeExpenses": 1700300000, "otherExpenses": 174700000, "operatingExpenses": 1875000000, "costAndExpenses": 8811100000, "interestIncome": 1800000, "interestExpense": 37000000, "depreciationAndAmortization": 174700000, "ebitda": 843300000, "ebitdaratio": 0.0890148516, "operatingIncome": 662600000, "operatingIncomeRatio": 0.0699409945, "totalOtherIncomeExpensesNet": -6000000, "incomeBeforeTax": 621400000, "incomeBeforeTaxRatio": 0.0655921129, "incomeTaxExpense": 214600000, "netIncome": 408000000, "netIncomeRatio": 0.0430665949, "eps": 0.67, "epsdiluted": 0.66, "weightedAverageShsOut": 606400000, "weightedAverageShsOutDil": 616000000, "link": "https://www.sec.gov/Archives/edgar/data/1326380/000095012311030842/0000950123-11-030842-index.htm", "finalLink": "https://www.sec.gov/Archives/edgar/data/1326380/000095012311030842/d80233e10vk.htm", "calculatedOtherExpenses": 174700000, "calculatedOperatingExpenses": 1875000000, "calculatedNetInterest": -35200000, "calculatedOtherIncome": -6000000, "calculatedIncomeNonControlling": -1200000, "calculatedEbitda": 837300000}, {"date": "2010-01-30", "symbol": "GME", "reportedCurrency": "USD", "cik": "0001326380", "fillingDate": "2010-03-30", "acceptedDate": "2010-03-30 17:30:21", "calendarYear": "2009", "period": "FY", "revenue": 9077997000, "costOfRevenue": 6643345000, "grossProfit": 2434652000, "grossProfitRatio": 0.2681926421, "researchAndDevelopmentExpenses": 0, "generalAndAdministrativeExpenses": 0, "sellingAndMarketingExpenses": 0, "sellingGeneralAndAdministrativeExpenses": 1635124000, "otherExpenses": 162495000, "operatingExpenses": 1797619000, "costAndExpenses": 8440964000, "interestIncome": 2177000, "interestExpense": 43177000, "depreciationAndAmortization": 162495000, "ebitda": 799528000, "ebitdaratio": 0.088073173, "operatingIncome": 637033000, "operatingIncomeRatio": 0.0701732992, "totalOtherIncomeExpensesNet": -5323000, "incomeBeforeTax": 588533000, "incomeBeforeTaxRatio": 0.064830711, "incomeTaxExpense": 212804000, "netIncome": 377265000, "netIncomeRatio": 0.0415581763, "eps": 0.57, "epsdiluted": 0.56, "weightedAverageShsOut": 658100000, "weightedAverageShsOutDil": 671500000, "link": "https://www.sec.gov/Archives/edgar/data/1326380/000095012310030164/0000950123-10-030164-index.htm", "finalLink": "https://www.sec.gov/Archives/edgar/data/1326380/000095012310030164/d70778e10vk.htm", "calculatedOtherExpenses": 162495000, "calculatedOperatingExpenses": 1797619000, "calculatedNetInterest": -41000000, "calculatedOtherIncome": -7500000, "calculatedIncomeNonControlling": -1536000, "calculatedEbitda": 799528000}, {"date": "2009-01-31", "symbol": "GME", "reportedCurrency": "USD", "cik": "0001326380", "fillingDate": "2009-04-01", "acceptedDate": "2009-04-01 16:30:56", "calendarYear": "2008", "period": "FY", "revenue": 8805897000, "costOfRevenue": 6535762000, "grossProfit": 2270135000, "grossProfitRatio": 0.257797133, "researchAndDevelopmentExpenses": 0, "generalAndAdministrativeExpenses": 0, "sellingAndMarketingExpenses": 0, "sellingGeneralAndAdministrativeExpenses": 1445419000, "otherExpenses": 145004000, "operatingExpenses": 1590423000, "costAndExpenses": 8126185000, "interestIncome": 0, "interestExpense": 0, "depreciationAndAmortization": 150098000, "ebitda": 836734000, "ebitdaratio": 0.0950197351, "operatingIncome": 675119000, "operatingIncomeRatio": 0.0766666928, "totalOtherIncomeExpensesNet": -6924000, "incomeBeforeTax": 633951000, "incomeBeforeTaxRatio": 0.0719916438, "incomeTaxExpense": 235669000, "netIncome": 398282000, "netIncomeRatio": 0.0452290096, "eps": 0.61, "epsdiluted": 0.59, "weightedAverageShsOut": 652760000, "weightedAverageShsOutDil": 670684000, "link": "https://www.sec.gov/Archives/edgar/data/1326380/000095013409006730/0000950134-09-006730-index.htm", "finalLink": "https://www.sec.gov/Archives/edgar/data/1326380/000095013409006730/d66430e10vk.htm", "calculatedOtherExpenses": 149597000, "calculatedOperatingExpenses": 1595016000, "calculatedNetInterest": 0, "calculatedOtherIncome": -41168000, "calculatedIncomeNonControlling": 0, "calculatedEbitda": 825217000}, {"date": "2008-02-02", "symbol": "GME", "reportedCurrency": "USD", "cik": "0001326380", "fillingDate": "2008-04-02", "acceptedDate": "2008-04-02 16:17:23", "calendarYear": "2007", "period": "FY", "revenue": 7093962000, "costOfRevenue": 5280255000, "grossProfit": 1813707000, "grossProfitRatio": 0.2556691169, "researchAndDevelopmentExpenses": 0, "generalAndAdministrativeExpenses": 0, "sellingAndMarketingExpenses": 0, "sellingGeneralAndAdministrativeExpenses": 1182016000, "otherExpenses": 0, "operatingExpenses": 1312286000, "costAndExpenses": 6592541000, "interestIncome": 11338000, "interestExpense": 84662000, "depreciationAndAmortization": 138108000, "ebitda": 652120000, "ebitdaratio": 0.0919260633, "operatingIncome": 501421000, "operatingIncomeRatio": 0.0706827863, "totalOtherIncomeExpensesNet": -12591000, "incomeBeforeTax": 441056000, "incomeBeforeTaxRatio": 0.0621734371, "incomeTaxExpense": 152765000, "netIncome": 288291000, "netIncomeRatio": 0.0406389265, "eps": 0.46, "epsdiluted": 0.44, "weightedAverageShsOut": 632904000, "weightedAverageShsOutDil": 659376000, "link": "https://www.sec.gov/Archives/edgar/data/1326380/000095013408005892/0000950134-08-005892-index.htm", "finalLink": "https://www.sec.gov/Archives/edgar/data/1326380/000095013408005892/d55358e10vk.htm", "calculatedOtherExpenses": 130270000, "calculatedOperatingExpenses": 1312286000, "calculatedNetInterest": -73324000, "calculatedOtherIncome": 12959000, "calculatedIncomeNonControlling": 0, "calculatedEbitda": 639529000}, {"date": "2007-02-03", "symbol": "GME", "reportedCurrency": "USD", "cik": "0001326380", "fillingDate": "2007-04-04", "acceptedDate": "2007-04-04 16:26:58", "calendarYear": "2006", "period": "FY", "revenue": 5318900000, "costOfRevenue": 3847458000, "grossProfit": 1471442000, "grossProfitRatio": 0.2766440429, "researchAndDevelopmentExpenses": 0, "generalAndAdministrativeExpenses": 0, "sellingAndMarketingExpenses": 0, "sellingGeneralAndAdministrativeExpenses": 1021113000, "otherExpenses": 109862000, "operatingExpenses": 1130975000, "costAndExpenses": 4978433000, "interestIncome": 11338000, "interestExpense": 84662000, "depreciationAndAmortization": 116294000, "ebitda": 469608000, "ebitdaratio": 0.088290436, "operatingIncome": 333679000, "operatingIncomeRatio": 0.062734588, "totalOtherIncomeExpensesNet": -12847000, "incomeBeforeTax": 254296000, "incomeBeforeTaxRatio": 0.0478098855, "incomeTaxExpense": 96046000, "netIncome": 158250000, "netIncomeRatio": 0.0297523924, "eps": 0.26, "epsdiluted": 0.25, "weightedAverageShsOut": 599696000, "weightedAverageShsOutDil": 633136000, "link": "https://www.sec.gov/Archives/edgar/data/1326380/000095013407007555/0000950134-07-007555-index.htm", "finalLink": "https://www.sec.gov/Archives/edgar/data/1326380/000095013407007555/d45113e10vk.htm", "calculatedOtherExpenses": 116650000, "calculatedOperatingExpenses": 1137763000, "calculatedNetInterest": -73324000, "calculatedOtherIncome": -6059000, "calculatedIncomeNonControlling": 0, "calculatedEbitda": 449973000}, {"date": "2006-01-28", "symbol": "GME", "reportedCurrency": "USD", "cik": "0001326380", "fillingDate": "2006-04-03", "acceptedDate": "2006-04-03 16:49:57", "calendarYear": "2005", "period": "FY", "revenue": 3091783000, "costOfRevenue": 2219753000, "grossProfit": 872030000, "grossProfitRatio": 0.2820476081, "researchAndDevelopmentExpenses": 0, "generalAndAdministrativeExpenses": 0, "sellingAndMarketingExpenses": 0, "sellingGeneralAndAdministrativeExpenses": 599343000, "otherExpenses": 58837000, "operatingExpenses": 658180000, "costAndExpenses": 2877933000, "interestIncome": 0, "interestExpense": 236000, "depreciationAndAmortization": 68204000, "ebitda": 303172000, "ebitdaratio": 0.0980573346, "operatingIncome": 192732000, "operatingIncomeRatio": 0.0623368458, "totalOtherIncomeExpensesNet": -21118000, "incomeBeforeTax": 159922000, "incomeBeforeTaxRatio": 0.0517248461, "incomeTaxExpense": 59138000, "netIncome": 100784000, "netIncomeRatio": 0.0325973718, "eps": 0.22, "epsdiluted": 0.2, "weightedAverageShsOut": 463360000, "weightedAverageShsOutDil": 499888000, "link": "https://www.sec.gov/Archives/edgar/data/1326380/000095013406006576/0000950134-06-006576-index.htm", "finalLink": "https://www.sec.gov/Archives/edgar/data/1326380/000095013406006576/d34677e10vk.htm", "calculatedOtherExpenses": 79955000, "calculatedOperatingExpenses": 679298000, "calculatedNetInterest": -236000, "calculatedOtherIncome": -32574000, "calculatedIncomeNonControlling": 0, "calculatedEbitda": 260936000}, {"date": "2005-01-31", "symbol": "GME", "reportedCurrency": "USD", "cik": "0001326380", "fillingDate": "2005-01-31", "acceptedDate": "2005-01-31 00:00:00", "calendarYear": "2004", "period": "FY", "revenue": 1842806000, "costOfRevenue": 1328611000, "grossProfit": 514195000, "grossProfitRatio": 0.2790282862, "researchAndDevelopmentExpenses": 0, "generalAndAdministrativeExpenses": 0, "sellingAndMarketingExpenses": 0, "sellingGeneralAndAdministrativeExpenses": 378029000, "otherExpenses": 0, "operatingExpenses": 415048000, "costAndExpenses": 1743659000, "interestIncome": 0, "interestExpense": 0, "depreciationAndAmortization": 37451000, "ebitda": 136598000, "ebitdaratio": 0.0741250028, "operatingIncome": 99147000, "operatingIncomeRatio": 0.0538021908, "totalOtherIncomeExpensesNet": -236000, "incomeBeforeTax": 98911000, "incomeBeforeTaxRatio": 0.0536741252, "incomeTaxExpense": 37985000, "netIncome": 60926000, "netIncomeRatio": 0.0330615377, "eps": 0.14, "epsdiluted": 0.13, "weightedAverageShsOut": 437296000, "weightedAverageShsOutDil": 462368000, "link": null, "finalLink": null, "calculatedOtherExpenses": 37019000, "calculatedOperatingExpenses": 415048000, "calculatedNetInterest": 0, "calculatedOtherIncome": -236000, "calculatedIncomeNonControlling": 0, "calculatedEbitda": 136598000}, {"date": "2004-01-31", "symbol": "GME", "reportedCurrency": "USD", "cik": "0001326380", "fillingDate": "2004-01-31", "acceptedDate": "2004-01-30 19:00:00", "calendarYear": "2003", "period": "FY", "revenue": 1578838000, "costOfRevenue": 1142264000, "grossProfit": 436574000, "grossProfitRatio": 0.27651602, "researchAndDevelopmentExpenses": 0, "generalAndAdministrativeExpenses": 0, "sellingAndMarketingExpenses": 0, "sellingGeneralAndAdministrativeExpenses": 303243000, "otherExpenses": 28947000, "operatingExpenses": 332190000, "costAndExpenses": 1474454000, "interestIncome": 0, "interestExpense": 0, "depreciationAndAmortization": 29260000, "ebitda": 133644000, "ebitdaratio": 0.0846470632, "operatingIncome": 104384000, "operatingIncomeRatio": 0.0661144462, "totalOtherIncomeExpensesNet": 804000, "incomeBeforeTax": 105188000, "incomeBeforeTaxRatio": 0.0666236815, "incomeTaxExpense": 41721000, "netIncome": 63467000, "netIncomeRatio": 0.0401985511, "eps": 0.14, "epsdiluted": 0.13, "weightedAverageShsOut": 450640000, "weightedAverageShsOutDil": 478112000, "link": "", "finalLink": "", "calculatedOtherExpenses": 28947000, "calculatedOperatingExpenses": 332190000, "calculatedNetInterest": 0, "calculatedOtherIncome": 804000, "calculatedIncomeNonControlling": 0, "calculatedEbitda": 133644000}, {"date": "2003-01-31", "symbol": "GME", "reportedCurrency": "USD", "cik": "0001326380", "fillingDate": "2003-01-31", "acceptedDate": "2003-01-30 19:00:00", "calendarYear": "2002", "period": "FY", "revenue": 1352791000, "costOfRevenue": 1009491000, "grossProfit": 343300000, "grossProfitRatio": 0.2537716469, "researchAndDevelopmentExpenses": 0, "generalAndAdministrativeExpenses": 0, "sellingAndMarketingExpenses": 0, "sellingGeneralAndAdministrativeExpenses": 233676000, "otherExpenses": 22553000, "operatingExpenses": 256229000, "costAndExpenses": 1265720000, "interestIncome": 0, "interestExpense": 0, "depreciationAndAmortization": 22795000, "ebitda": 109866000, "ebitdaratio": 0.0812143191, "operatingIncome": 87071000, "operatingIncomeRatio": 0.0643639705, "totalOtherIncomeExpensesNet": 630000, "incomeBeforeTax": 87701000, "incomeBeforeTaxRatio": 0.0648296744, "incomeTaxExpense": 35297000, "netIncome": 52404000, "netIncomeRatio": 0.0387376912, "eps": 0.12, "epsdiluted": 0.11, "weightedAverageShsOut": 450312000, "weightedAverageShsOutDil": 483352000, "link": "", "finalLink": "", "calculatedOtherExpenses": 22553000, "calculatedOperatingExpenses": 256229000, "calculatedNetInterest": 0, "calculatedOtherIncome": 630000, "calculatedIncomeNonControlling": 0, "calculatedEbitda": 109866000}, {"date": "2002-01-31", "symbol": "GME", "reportedCurrency": "USD", "cik": "0001326380", "fillingDate": "2002-01-31", "acceptedDate": "2002-01-30 19:00:00", "calendarYear": "2001", "period": "FY", "revenue": 1121138000, "costOfRevenue": 854035000, "grossProfit": 267103000, "grossProfitRatio": 0.2382427498, "researchAndDevelopmentExpenses": 0, "generalAndAdministrativeExpenses": 0, "sellingAndMarketingExpenses": 0, "sellingGeneralAndAdministrativeExpenses": 202719000, "otherExpenses": 30297000, "operatingExpenses": 233016000, "costAndExpenses": 1087051000, "interestIncome": 0, "interestExpense": 0, "depreciationAndAmortization": 30297000, "ebitda": 64384000, "ebitdaratio": 0.057427364, "operatingIncome": 34087000, "operatingIncomeRatio": 0.0304039289, "totalOtherIncomeExpensesNet": -19452000, "incomeBeforeTax": 14635000, "incomeBeforeTaxRatio": 0.0130537008, "incomeTaxExpense": 7675000, "netIncome": 6960000, "netIncomeRatio": 0.006207978, "eps": 0.0242, "epsdiluted": 0.0221, "weightedAverageShsOut": 288072000, "weightedAverageShsOutDil": 315176000, "link": "", "finalLink": "", "calculatedOtherExpenses": 30297000, "calculatedOperatingExpenses": 233016000, "calculatedNetInterest": 0, "calculatedOtherIncome": -19452000, "calculatedIncomeNonControlling": 0, "calculatedEbitda": 64384000}, {"date": "2001-01-31", "symbol": "GME", "reportedCurrency": "USD", "cik": "0001326380", "fillingDate": "2001-01-31", "acceptedDate": "2001-01-30 19:00:00", "calendarYear": "2000", "period": "FY", "revenue": 756697000, "costOfRevenue": 570995000, "grossProfit": 185702000, "grossProfitRatio": 0.2454113073, "researchAndDevelopmentExpenses": 0, "generalAndAdministrativeExpenses": 0, "sellingAndMarketingExpenses": 0, "sellingGeneralAndAdministrativeExpenses": 157242000, "otherExpenses": 22846000, "operatingExpenses": 180088000, "costAndExpenses": 751083000, "interestIncome": 0, "interestExpense": 0, "depreciationAndAmortization": 13623000, "ebitda": 19237000, "ebitdaratio": 0.0254223289, "operatingIncome": 5614000, "operatingIncomeRatio": 0.0074190858, "totalOtherIncomeExpensesNet": -23411000, "incomeBeforeTax": -17797000, "incomeBeforeTaxRatio": -0.0235193215, "incomeTaxExpense": 5836000, "netIncome": -11961000, "netIncomeRatio": -0.0158068553, "eps": -0.0415, "epsdiluted": -0.0413, "weightedAverageShsOut": 288072000, "weightedAverageShsOutDil": 289963636, "link": "", "finalLink": "", "calculatedOtherExpenses": 22846000, "calculatedOperatingExpenses": 180088000, "calculatedNetInterest": 0, "calculatedOtherIncome": -23411000, "calculatedIncomeNonControlling": -11672000, "calculatedEbitda": 19237000}, {"date": "2000-01-31", "symbol": "GME", "reportedCurrency": "USD", "cik": "0001326380", "fillingDate": "2000-01-31", "acceptedDate": "2000-01-30 19:00:00", "calendarYear": "1999", "period": "FY", "revenue": 553140000, "costOfRevenue": 421673000, "grossProfit": 131467000, "grossProfitRatio": 0.2376740066, "researchAndDevelopmentExpenses": 0, "generalAndAdministrativeExpenses": 0, "sellingAndMarketingExpenses": 0, "sellingGeneralAndAdministrativeExpenses": 98131000, "otherExpenses": 34877000, "operatingExpenses": 133008000, "costAndExpenses": 554681000, "interestIncome": 0, "interestExpense": 0, "depreciationAndAmortization": 6401000, "ebitda": 4860000, "ebitdaratio": 0.0087862024, "operatingIncome": -1541000, "operatingIncomeRatio": -0.0027859132, "totalOtherIncomeExpensesNet": -4095000, "incomeBeforeTax": -5636000, "incomeBeforeTaxRatio": -0.0101891022, "incomeTaxExpense": -4968000, "netIncome": -3462000, "netIncomeRatio": -0.0062588133, "eps": -0.012, "epsdiluted": -0.012, "weightedAverageShsOut": 288072000, "weightedAverageShsOutDil": 288072000, "link": "", "finalLink": "", "calculatedOtherExpenses": 34877000, "calculatedOperatingExpenses": 133008000, "calculatedNetInterest": 0, "calculatedOtherIncome": -4095000, "calculatedIncomeNonControlling": 2794000, "calculatedEbitda": 4860000}, {"date": "1998-01-31", "symbol": "GME", "reportedCurrency": "USD", "cik": "0001326380", "fillingDate": "1998-01-31", "acceptedDate": "1998-01-30 19:00:00", "calendarYear": "1997", "period": "FY", "revenue": 383359000, "costOfRevenue": 291767000, "grossProfit": 91592000, "grossProfitRatio": 0.2389196549, "researchAndDevelopmentExpenses": 0, "generalAndAdministrativeExpenses": 0, "sellingAndMarketingExpenses": 0, "sellingGeneralAndAdministrativeExpenses": 76309000, "otherExpenses": 5405000, "operatingExpenses": 81714000, "costAndExpenses": 373481000, "interestIncome": 0, "interestExpense": 0, "depreciationAndAmortization": 5405000, "ebitda": 15283000, "ebitdaratio": 0.0398660264, "operatingIncome": 9878000, "operatingIncomeRatio": 0.0257669704, "totalOtherIncomeExpensesNet": -5620000, "incomeBeforeTax": 4258000, "incomeBeforeTaxRatio": 0.0111070824, "incomeTaxExpense": 1724000, "netIncome": 2534000, "netIncomeRatio": 0.0066099922, "eps": 0.0088, "epsdiluted": 0.008, "weightedAverageShsOut": 288072000, "weightedAverageShsOutDil": 315176000, "link": "", "finalLink": "", "calculatedOtherExpenses": 5405000, "calculatedOperatingExpenses": 81714000, "calculatedNetInterest": 0, "calculatedOtherIncome": -5620000, "calculatedIncomeNonControlling": 0, "calculatedEbitda": 15283000}]}