{"originalCurrency": "USD", "convertedCurrency": "USD", "report": [{"date": "2023-12-31", "symbol": "GMED", "reportedCurrency": "USD", "cik": "0001237831", "fillingDate": "2024-02-21", "acceptedDate": "2024-02-20 18:32:27", "calendarYear": "2023", "period": "FY", "revenue": 1568476000, "costOfRevenue": 548174000, "grossProfit": 1020302000, "grossProfitRatio": 0.6505053313, "researchAndDevelopmentExpenses": 124010000, "generalAndAdministrativeExpenses": 0, "sellingAndMarketingExpenses": 0, "sellingGeneralAndAdministrativeExpenses": 643410000, "otherExpenses": 767420000, "operatingExpenses": 818452000, "costAndExpenses": 1366626000, "interestIncome": 20130000, "interestExpense": 20130000, "depreciationAndAmortization": 144733000, "ebitda": 401032000, "ebitdaratio": 0.2556825862, "operatingIncome": 133142000, "operatingIncomeRatio": 0.0848862208, "totalOtherIncomeExpensesNet": 165393000, "incomeBeforeTax": 165393000, "incomeBeforeTaxRatio": 0.1054482185, "incomeTaxExpense": 42520000, "netIncome": 122873000, "netIncomeRatio": 0.0783391011, "eps": 1.09, "epsdiluted": 1.07, "weightedAverageShsOut": 113087000, "weightedAverageShsOutDil": 114630000, "link": "https://www.sec.gov/Archives/edgar/data/1237831/000156276224000032/0001562762-24-000032-index.htm", "finalLink": "https://www.sec.gov/Archives/edgar/data/1237831/000156276224000032/gmed-20231231x10k.htm", "calculatedOtherExpenses": 119740000, "calculatedOperatingExpenses": 887160000, "calculatedNetInterest": 0, "calculatedOtherIncome": 32251000, "calculatedIncomeNonControlling": 0, "calculatedEbitda": 277875000}, {"date": "2022-12-31", "symbol": "GMED", "reportedCurrency": "USD", "cik": "0001237831", "fillingDate": "2023-02-21", "acceptedDate": "2023-02-21 17:16:22", "calendarYear": "2022", "period": "FY", "revenue": 1022843000, "costOfRevenue": 263725000, "grossProfit": 759118000, "grossProfitRatio": 0.742164731, "researchAndDevelopmentExpenses": 73015000, "generalAndAdministrativeExpenses": 0, "sellingAndMarketingExpenses": 0, "sellingGeneralAndAdministrativeExpenses": 432117000, "otherExpenses": 17735000, "operatingExpenses": 522867000, "costAndExpenses": 786592000, "interestIncome": 14233000, "interestExpense": 14233000, "depreciationAndAmortization": 85872000, "ebitda": 313823000, "ebitdaratio": 0.3068144378, "operatingIncome": 227951000, "operatingIncomeRatio": 0.2228602044, "totalOtherIncomeExpensesNet": 15068000, "incomeBeforeTax": 243019000, "incomeBeforeTaxRatio": 0.237591693, "incomeTaxExpense": 52850000, "netIncome": 190169000, "netIncomeRatio": 0.1859219841, "eps": 1.89, "epsdiluted": 1.85, "weightedAverageShsOut": 100469000, "weightedAverageShsOutDil": 102643000, "link": "https://www.sec.gov/Archives/edgar/data/1237831/000156276223000048/0001562762-23-000048-index.htm", "finalLink": "https://www.sec.gov/Archives/edgar/data/1237831/000156276223000048/gmed-20221231x10k.htm", "calculatedOtherExpenses": 26035000, "calculatedOperatingExpenses": 531167000, "calculatedNetInterest": 0, "calculatedOtherIncome": 15068000, "calculatedIncomeNonControlling": 0, "calculatedEbitda": 313823000}, {"date": "2021-12-31", "symbol": "GMED", "reportedCurrency": "USD", "cik": "0001237831", "fillingDate": "2022-02-17", "acceptedDate": "2022-02-17 17:22:06", "calendarYear": "2021", "period": "FY", "revenue": 958102000, "costOfRevenue": 239223000, "grossProfit": 718879000, "grossProfitRatio": 0.7503157284, "researchAndDevelopmentExpenses": 97346000, "generalAndAdministrativeExpenses": 0, "sellingAndMarketingExpenses": 0, "sellingGeneralAndAdministrativeExpenses": 408149000, "otherExpenses": 18526000, "operatingExpenses": 524021000, "costAndExpenses": 763244000, "interestIncome": 9297000, "interestExpense": 9297000, "depreciationAndAmortization": 117100000, "ebitda": 289053000, "ebitdaratio": 0.3016933479, "operatingIncome": 171953000, "operatingIncomeRatio": 0.1794725405, "totalOtherIncomeExpensesNet": 8454000, "incomeBeforeTax": 180407000, "incomeBeforeTaxRatio": 0.1882962357, "incomeTaxExpense": 31216000, "netIncome": 149191000, "netIncomeRatio": 0.1557151535, "eps": 1.48, "epsdiluted": 1.44, "weightedAverageShsOut": 100734000, "weightedAverageShsOutDil": 103623000, "link": "https://www.sec.gov/Archives/edgar/data/1237831/000156276222000037/0001562762-22-000037-index.htm", "finalLink": "https://www.sec.gov/Archives/edgar/data/1237831/000156276222000037/gmed-20211231x10k.htm", "calculatedOtherExpenses": 41431000, "calculatedOperatingExpenses": 546926000, "calculatedNetInterest": 0, "calculatedOtherIncome": 8454000, "calculatedIncomeNonControlling": 0, "calculatedEbitda": 289053000}, {"date": "2020-12-31", "symbol": "GMED", "reportedCurrency": "USD", "cik": "0001237831", "fillingDate": "2021-02-17", "acceptedDate": "2021-02-17 17:15:40", "calendarYear": "2020", "period": "FY", "revenue": 789042000, "costOfRevenue": 217463000, "grossProfit": 571579000, "grossProfitRatio": 0.7243961665, "researchAndDevelopmentExpenses": 84519000, "generalAndAdministrativeExpenses": 0, "sellingAndMarketingExpenses": 0, "sellingGeneralAndAdministrativeExpenses": 354757000, "otherExpenses": 16831000, "operatingExpenses": 456107000, "costAndExpenses": 673570000, "interestIncome": 13952000, "interestExpense": 13952000, "depreciationAndAmortization": 71231000, "ebitda": 182664000, "ebitdaratio": 0.2315009847, "operatingIncome": 111433000, "operatingIncomeRatio": 0.1412256889, "totalOtherIncomeExpensesNet": 14466000, "incomeBeforeTax": 125899000, "incomeBeforeTaxRatio": 0.1595593137, "incomeTaxExpense": 23614000, "netIncome": 102285000, "netIncomeRatio": 0.1296318827, "eps": 1.04, "epsdiluted": 1.01, "weightedAverageShsOut": 98580000, "weightedAverageShsOutDil": 100971000, "link": "https://www.sec.gov/Archives/edgar/data/1237831/000156276221000036/0001562762-21-000036-index.htm", "finalLink": "https://www.sec.gov/Archives/edgar/data/1237831/000156276221000036/gmed-20201231x10k.htm", "calculatedOtherExpenses": 20870000, "calculatedOperatingExpenses": 460146000, "calculatedNetInterest": 0, "calculatedOtherIncome": 14466000, "calculatedIncomeNonControlling": 0, "calculatedEbitda": 182664000}, {"date": "2019-12-31", "symbol": "GMED", "reportedCurrency": "USD", "cik": "0001237831", "fillingDate": "2020-02-20", "acceptedDate": "2020-02-20 17:29:15", "calendarYear": "2019", "period": "FY", "revenue": 785368000, "costOfRevenue": 179975000, "grossProfit": 605393000, "grossProfitRatio": 0.770839912, "researchAndDevelopmentExpenses": 60073000, "generalAndAdministrativeExpenses": 0, "sellingAndMarketingExpenses": 0, "sellingGeneralAndAdministrativeExpenses": 354757000, "otherExpenses": 13809000, "operatingExpenses": 428639000, "costAndExpenses": 608614000, "interestIncome": 17406000, "interestExpense": -17406000, "depreciationAndAmortization": 57975000, "ebitda": 229964000, "ebitdaratio": 0.2928105041, "operatingIncome": 171989000, "operatingIncomeRatio": 0.2189916065, "totalOtherIncomeExpensesNet": 17957000, "incomeBeforeTax": 189946000, "incomeBeforeTaxRatio": 0.2418560471, "incomeTaxExpense": 34736000, "netIncome": 155210000, "netIncomeRatio": 0.1976270997, "eps": 1.57, "epsdiluted": 1.52, "weightedAverageShsOut": 99150000, "weightedAverageShsOutDil": 101998000, "link": "https://www.sec.gov/Archives/edgar/data/1237831/000123783120000010/0001237831-20-000010-index.htm", "finalLink": "https://www.sec.gov/Archives/edgar/data/1237831/000123783120000010/gmed-20191231x10k.htm", "calculatedOtherExpenses": 18574000, "calculatedOperatingExpenses": 433404000, "calculatedNetInterest": 34812000, "calculatedOtherIncome": -16855000, "calculatedIncomeNonControlling": 0, "calculatedEbitda": 229964000}, {"date": "2018-12-31", "symbol": "GMED", "reportedCurrency": "USD", "cik": "0001237831", "fillingDate": "2019-02-21", "acceptedDate": "2019-02-21 16:37:20", "calendarYear": "2018", "period": "FY", "revenue": 712969000, "costOfRevenue": 159410000, "grossProfit": 553559000, "grossProfitRatio": 0.7764138413, "researchAndDevelopmentExpenses": 55496000, "generalAndAdministrativeExpenses": 311591000, "sellingAndMarketingExpenses": 0, "sellingGeneralAndAdministrativeExpenses": 311591000, "otherExpenses": 19280000, "operatingExpenses": 376675000, "costAndExpenses": 536085000, "interestIncome": 0, "interestExpense": -13278000, "depreciationAndAmortization": 41630000, "ebitda": 226073000, "ebitdaratio": 0.3170867177, "operatingIncome": 169325000, "operatingIncomeRatio": 0.2374927942, "totalOtherIncomeExpensesNet": 11721000, "incomeBeforeTax": 188605000, "incomeBeforeTaxRatio": 0.2645346432, "incomeTaxExpense": 32131000, "netIncome": 156474000, "netIncomeRatio": 0.2194681676, "eps": 1.6, "epsdiluted": 1.54, "weightedAverageShsOut": 97884000, "weightedAverageShsOutDil": 101316000, "link": "https://www.sec.gov/Archives/edgar/data/1237831/000123783119000014/0001237831-19-000014-index.htm", "finalLink": "https://www.sec.gov/Archives/edgar/data/1237831/000123783119000014/gmed12311810k.htm", "calculatedOtherExpenses": 17147000, "calculatedOperatingExpenses": 384234000, "calculatedNetInterest": 13278000, "calculatedOtherIncome": 6002000, "calculatedIncomeNonControlling": 0, "calculatedEbitda": 210955000}, {"date": "2017-12-31", "symbol": "GMED", "reportedCurrency": "USD", "cik": "0001237831", "fillingDate": "2018-02-22", "acceptedDate": "2018-02-22 16:56:19", "calendarYear": "2017", "period": "FY", "revenue": 635977000, "costOfRevenue": 150453000, "grossProfit": 485524000, "grossProfitRatio": 0.763430124, "researchAndDevelopmentExpenses": 43679000, "generalAndAdministrativeExpenses": 267817000, "sellingAndMarketingExpenses": 0, "sellingGeneralAndAdministrativeExpenses": 267817000, "otherExpenses": 8088000, "operatingExpenses": 319405000, "costAndExpenses": 469858000, "interestIncome": 0, "interestExpense": -6608000, "depreciationAndAmortization": 42067000, "ebitda": 212465000, "ebitdaratio": 0.3340765468, "operatingIncome": 161840000, "operatingIncomeRatio": 0.2544746115, "totalOtherIncomeExpensesNet": 3809000, "incomeBeforeTax": 169928000, "incomeBeforeTaxRatio": 0.2671920525, "incomeTaxExpense": 62580000, "netIncome": 107348000, "netIncomeRatio": 0.1687922676, "eps": 1.12, "epsdiluted": 1.1, "weightedAverageShsOut": 96243000, "weightedAverageShsOutDil": 97887000, "link": "https://www.sec.gov/Archives/edgar/data/1237831/000123783118000012/0001237831-18-000012-index.htm", "finalLink": "https://www.sec.gov/Archives/edgar/data/1237831/000123783118000012/gmed12311710k.htm", "calculatedOtherExpenses": 12188000, "calculatedOperatingExpenses": 323684000, "calculatedNetInterest": 6608000, "calculatedOtherIncome": 1480000, "calculatedIncomeNonControlling": 0, "calculatedEbitda": 203907000}, {"date": "2016-12-31", "symbol": "GMED", "reportedCurrency": "USD", "cik": "0001237831", "fillingDate": "2017-03-16", "acceptedDate": "2017-03-16 16:37:59", "calendarYear": "2016", "period": "FY", "revenue": 563994000, "costOfRevenue": 134705000, "grossProfit": 429289000, "grossProfitRatio": 0.7611588067, "researchAndDevelopmentExpenses": 44532000, "generalAndAdministrativeExpenses": 222156000, "sellingAndMarketingExpenses": 0, "sellingGeneralAndAdministrativeExpenses": 222156000, "otherExpenses": 3138000, "operatingExpenses": 270166000, "costAndExpenses": 404871000, "interestIncome": 0, "interestExpense": -3057000, "depreciationAndAmortization": 38771000, "ebitda": 202876000, "ebitdaratio": 0.3597130466, "operatingIncome": 154141000, "operatingIncomeRatio": 0.2733025529, "totalOtherIncomeExpensesNet": -1844000, "incomeBeforeTax": 157279000, "incomeBeforeTaxRatio": 0.2788664418, "incomeTaxExpense": 52938000, "netIncome": 104341000, "netIncomeRatio": 0.1850037412, "eps": 1.09, "epsdiluted": 1.08, "weightedAverageShsOut": 95647000, "weightedAverageShsOutDil": 96432000, "link": "https://www.sec.gov/Archives/edgar/data/1237831/000123783117000009/0001237831-17-000009-index.htm", "finalLink": "https://www.sec.gov/Archives/edgar/data/1237831/000123783117000009/gmed12311610k.htm", "calculatedOtherExpenses": 8460000, "calculatedOperatingExpenses": 275148000, "calculatedNetInterest": 3057000, "calculatedOtherIncome": 81000, "calculatedIncomeNonControlling": 0, "calculatedEbitda": 192912000}, {"date": "2015-12-31", "symbol": "GMED", "reportedCurrency": "USD", "cik": "0001237831", "fillingDate": "2016-02-29", "acceptedDate": "2016-02-29 16:29:43", "calendarYear": "2015", "period": "FY", "revenue": 544753000, "costOfRevenue": 132803000, "grossProfit": 411950000, "grossProfitRatio": 0.7562142843, "researchAndDevelopmentExpenses": 36982000, "generalAndAdministrativeExpenses": 214014000, "sellingAndMarketingExpenses": 0, "sellingGeneralAndAdministrativeExpenses": 214014000, "otherExpenses": 583000, "operatingExpenses": 250996000, "costAndExpenses": 383799000, "interestIncome": 0, "interestExpense": -1304000, "depreciationAndAmortization": 24084000, "ebitda": 173770000, "ebitdaratio": 0.3189886058, "operatingIncome": 172222000, "operatingIncomeRatio": 0.316146951, "totalOtherIncomeExpensesNet": 11851000, "incomeBeforeTax": 172805000, "incomeBeforeTaxRatio": 0.3172171608, "incomeTaxExpense": 60021000, "netIncome": 112784000, "netIncomeRatio": 0.2070369507, "eps": 1.19, "epsdiluted": 1.17, "weightedAverageShsOut": 95046000, "weightedAverageShsOutDil": 96073000, "link": "https://www.sec.gov/Archives/edgar/data/1237831/000123783116000075/0001237831-16-000075-index.htm", "finalLink": "https://www.sec.gov/Archives/edgar/data/1237831/000123783116000075/gmed12311510k.htm", "calculatedOtherExpenses": -11268000, "calculatedOperatingExpenses": 239728000, "calculatedNetInterest": 1304000, "calculatedOtherIncome": -721000, "calculatedIncomeNonControlling": 0, "calculatedEbitda": 196306000}, {"date": "2014-12-31", "symbol": "GMED", "reportedCurrency": "USD", "cik": "0001237831", "fillingDate": "2015-02-26", "acceptedDate": "2015-02-26 16:12:45", "calendarYear": "2014", "period": "FY", "revenue": 474371000, "costOfRevenue": 110857000, "grossProfit": 363514000, "grossProfitRatio": 0.7663073839, "researchAndDevelopmentExpenses": 31687000, "generalAndAdministrativeExpenses": 187798000, "sellingAndMarketingExpenses": 0, "sellingGeneralAndAdministrativeExpenses": 187798000, "otherExpenses": 280000, "operatingExpenses": 219485000, "costAndExpenses": 330342000, "interestIncome": 0, "interestExpense": -805000, "depreciationAndAmortization": 21754000, "ebitda": 171450000, "ebitdaratio": 0.3614259725, "operatingIncome": 138362000, "operatingIncomeRatio": 0.2916746597, "totalOtherIncomeExpensesNet": -5387000, "incomeBeforeTax": 138642000, "incomeBeforeTaxRatio": 0.292264915, "incomeTaxExpense": 46157000, "netIncome": 92485000, "netIncomeRatio": 0.1949634358, "eps": 0.98, "epsdiluted": 0.97, "weightedAverageShsOut": 94227000, "weightedAverageShsOutDil": 95457000, "link": "https://www.sec.gov/Archives/edgar/data/1237831/000123783115000009/0001237831-15-000009-index.htm", "finalLink": "https://www.sec.gov/Archives/edgar/data/1237831/000123783115000009/gmed12311410k.htm", "calculatedOtherExpenses": 5667000, "calculatedOperatingExpenses": 225152000, "calculatedNetInterest": 805000, "calculatedOtherIncome": -525000, "calculatedIncomeNonControlling": 0, "calculatedEbitda": 160116000}, {"date": "2013-12-31", "symbol": "GMED", "reportedCurrency": "USD", "cik": "0001237831", "fillingDate": "2014-03-14", "acceptedDate": "2014-03-14 16:01:58", "calendarYear": "2013", "period": "FY", "revenue": 434459000, "costOfRevenue": 100343000, "grossProfit": 334116000, "grossProfitRatio": 0.7690391959, "researchAndDevelopmentExpenses": 26870000, "generalAndAdministrativeExpenses": 182518000, "sellingAndMarketingExpenses": 0, "sellingGeneralAndAdministrativeExpenses": 182518000, "otherExpenses": 328000, "operatingExpenses": 209388000, "costAndExpenses": 309731000, "interestIncome": 0, "interestExpense": 0, "depreciationAndAmortization": 19397000, "ebitda": 167180000, "ebitdaratio": 0.3848004069, "operatingIncome": 101673000, "operatingIncomeRatio": 0.2340220826, "totalOtherIncomeExpensesNet": -22727000, "incomeBeforeTax": 102001000, "incomeBeforeTaxRatio": 0.2347770446, "incomeTaxExpense": 33389000, "netIncome": 68612000, "netIncomeRatio": 0.1579251437, "eps": 0.74, "epsdiluted": 0.73, "weightedAverageShsOut": 92647000, "weightedAverageShsOutDil": 94192000, "link": "https://www.sec.gov/Archives/edgar/data/1237831/000123783114000012/0001237831-14-000012-index.htm", "finalLink": "https://www.sec.gov/Archives/edgar/data/1237831/000123783114000012/gmed12311310k.htm", "calculatedOtherExpenses": 23055000, "calculatedOperatingExpenses": 232443000, "calculatedNetInterest": 0, "calculatedOtherIncome": 328000, "calculatedIncomeNonControlling": 0, "calculatedEbitda": 121070000}, {"date": "2012-12-31", "symbol": "GMED", "reportedCurrency": "USD", "cik": "0001237831", "fillingDate": "2013-03-05", "acceptedDate": "2013-03-05 17:05:05", "calendarYear": "2012", "period": "FY", "revenue": 385994000, "costOfRevenue": 75199000, "grossProfit": 310795000, "grossProfitRatio": 0.8051809095, "researchAndDevelopmentExpenses": 27926000, "generalAndAdministrativeExpenses": 168862000, "sellingAndMarketingExpenses": 0, "sellingGeneralAndAdministrativeExpenses": 168862000, "otherExpenses": -140000, "operatingExpenses": 196788000, "costAndExpenses": 271987000, "interestIncome": 0, "interestExpense": 0, "depreciationAndAmortization": 18108000, "ebitda": 131329000, "ebitdaratio": 0.3402358586, "operatingIncome": 114793000, "operatingIncomeRatio": 0.2973958144, "totalOtherIncomeExpensesNet": 646000, "incomeBeforeTax": 114653000, "incomeBeforeTaxRatio": 0.2970331145, "incomeTaxExpense": 40822000, "netIncome": 73831000, "netIncomeRatio": 0.1912749939, "eps": 0.82, "epsdiluted": 0.8, "weightedAverageShsOut": 89608000, "weightedAverageShsOutDil": 92208000, "link": "https://www.sec.gov/Archives/edgar/data/1237831/000123783113000013/0001237831-13-000013-index.htm", "finalLink": "https://www.sec.gov/Archives/edgar/data/1237831/000123783113000013/gmed12311210k.htm", "calculatedOtherExpenses": -786000, "calculatedOperatingExpenses": 196002000, "calculatedNetInterest": 0, "calculatedOtherIncome": -140000, "calculatedIncomeNonControlling": 0, "calculatedEbitda": 132901000}, {"date": "2011-12-31", "symbol": "GMED", "reportedCurrency": "USD", "cik": "0001237831", "fillingDate": "2011-12-31", "acceptedDate": "2011-12-30 19:00:00", "calendarYear": "2011", "period": "FY", "revenue": 331478000, "costOfRevenue": 68796000, "grossProfit": 262682000, "grossProfitRatio": 0.7924568146, "researchAndDevelopmentExpenses": 23464000, "generalAndAdministrativeExpenses": 0, "sellingAndMarketingExpenses": 0, "sellingGeneralAndAdministrativeExpenses": 140386000, "otherExpenses": -413000, "operatingExpenses": 163850000, "costAndExpenses": 232646000, "interestIncome": 0, "interestExpense": 0, "depreciationAndAmortization": 16949000, "ebitda": 117251000, "ebitdaratio": 0.3537218156, "operatingIncome": 97362000, "operatingIncomeRatio": 0.2937208503, "totalOtherIncomeExpensesNet": -1883000, "incomeBeforeTax": 96949000, "incomeBeforeTaxRatio": 0.2924749154, "incomeTaxExpense": 36165000, "netIncome": 60784000, "netIncomeRatio": 0.1833726522, "eps": 0.84, "epsdiluted": 0.81, "weightedAverageShsOut": 72691000, "weightedAverageShsOutDil": 75458000, "link": "", "finalLink": "", "calculatedOtherExpenses": 1470000, "calculatedOperatingExpenses": 165320000, "calculatedNetInterest": 0, "calculatedOtherIncome": -413000, "calculatedIncomeNonControlling": 0, "calculatedEbitda": 114311000}, {"date": "2010-12-31", "symbol": "GMED", "reportedCurrency": "USD", "cik": "0001237831", "fillingDate": "2010-12-31", "acceptedDate": "2010-12-30 19:00:00", "calendarYear": "2010", "period": "FY", "revenue": 288195000, "costOfRevenue": 53825000, "grossProfit": 234370000, "grossProfitRatio": 0.813234095, "researchAndDevelopmentExpenses": 21309000, "generalAndAdministrativeExpenses": 0, "sellingAndMarketingExpenses": 0, "sellingGeneralAndAdministrativeExpenses": 122589000, "otherExpenses": 54000, "operatingExpenses": 143898000, "costAndExpenses": 197723000, "interestIncome": 0, "interestExpense": 0, "depreciationAndAmortization": 15196000, "ebitda": 108455000, "ebitdaratio": 0.3763250577, "operatingIncome": 87685000, "operatingIncomeRatio": 0.304255799, "totalOtherIncomeExpensesNet": -2733000, "incomeBeforeTax": 87739000, "incomeBeforeTaxRatio": 0.3044431722, "incomeTaxExpense": 33281000, "netIncome": 54458000, "netIncomeRatio": 0.1889623345, "eps": 0.75, "epsdiluted": 0.72, "weightedAverageShsOut": 72691000, "weightedAverageShsOutDil": 75458000, "link": "", "finalLink": "", "calculatedOtherExpenses": 2787000, "calculatedOperatingExpenses": 146685000, "calculatedNetInterest": 0, "calculatedOtherIncome": 54000, "calculatedIncomeNonControlling": 0, "calculatedEbitda": 102881000}, {"date": "2009-12-31", "symbol": "GMED", "reportedCurrency": "USD", "cik": "0001237831", "fillingDate": "2009-12-31", "acceptedDate": "2009-12-30 19:00:00", "calendarYear": "2009", "period": "FY", "revenue": 254344000, "costOfRevenue": 41607000, "grossProfit": 212737000, "grossProfitRatio": 0.8364144623, "researchAndDevelopmentExpenses": 20521000, "generalAndAdministrativeExpenses": 0, "sellingAndMarketingExpenses": 0, "sellingGeneralAndAdministrativeExpenses": 108422000, "otherExpenses": -127000, "operatingExpenses": 128943000, "costAndExpenses": 170550000, "interestIncome": 0, "interestExpense": 0, "depreciationAndAmortization": 13502000, "ebitda": 99185000, "ebitdaratio": 0.3899639858, "operatingIncome": 81905000, "operatingIncomeRatio": 0.3220245022, "totalOtherIncomeExpensesNet": -2016000, "incomeBeforeTax": 81778000, "incomeBeforeTaxRatio": 0.3215251785, "incomeTaxExpense": 29745000, "netIncome": 48733000, "netIncomeRatio": 0.1916027113, "eps": 0.55, "epsdiluted": 0.54, "weightedAverageShsOut": 88112000, "weightedAverageShsOutDil": 91072000, "link": "", "finalLink": "", "calculatedOtherExpenses": 1889000, "calculatedOperatingExpenses": 130832000, "calculatedNetInterest": 0, "calculatedOtherIncome": -127000, "calculatedIncomeNonControlling": 3300000, "calculatedEbitda": 95407000}]}