{"originalCurrency": "USD", "convertedCurrency": "USD", "report": [{"date": "2023-12-31", "symbol": "GNW", "reportedCurrency": "USD", "cik": "0001276520", "fillingDate": "2024-02-29", "acceptedDate": "2024-02-29 07:09:50", "calendarYear": "2023", "period": "FY", "revenue": 6913000000, "costOfRevenue": -575000000, "grossProfit": 7488000000, "grossProfitRatio": 1.0831766238, "researchAndDevelopmentExpenses": 0, "generalAndAdministrativeExpenses": 0, "sellingAndMarketingExpenses": 0, "sellingGeneralAndAdministrativeExpenses": 0, "otherExpenses": -1202000000, "operatingExpenses": 1202000000, "costAndExpenses": -6488000000, "interestIncome": 0, "interestExpense": 118000000, "depreciationAndAmortization": 40000000, "ebitda": 199000000, "ebitdaratio": 0.0287863446, "operatingIncome": 199000000, "operatingIncomeRatio": 0.0287863446, "totalOtherIncomeExpensesNet": 303000000, "incomeBeforeTax": 303000000, "incomeBeforeTaxRatio": 0.0438304643, "incomeTaxExpense": 104000000, "netIncome": 76000000, "netIncomeRatio": 0.0109937798, "eps": 0.16, "epsdiluted": 0.16, "weightedAverageShsOut": 468800000, "weightedAverageShsOutDil": 474900000, "link": "https://www.sec.gov/Archives/edgar/data/1276520/000119312524051772/0001193125-24-051772-index.htm", "finalLink": "https://www.sec.gov/Archives/edgar/data/1276520/000119312524051772/d699556d10k.htm", "calculatedOtherExpenses": 7289000000, "calculatedOperatingExpenses": 7289000000, "calculatedNetInterest": -118000000, "calculatedOtherIncome": 222000000, "calculatedIncomeNonControlling": 123000000, "calculatedEbitda": 239000000}, {"date": "2022-12-31", "symbol": "GNW", "reportedCurrency": "USD", "cik": "0001276520", "fillingDate": "2023-02-28", "acceptedDate": "2023-02-28 16:38:30", "calendarYear": "2022", "period": "FY", "revenue": 7507000000, "costOfRevenue": 0, "grossProfit": 7507000000, "grossProfitRatio": 1, "researchAndDevelopmentExpenses": 0, "generalAndAdministrativeExpenses": 0, "sellingAndMarketingExpenses": 0, "sellingGeneralAndAdministrativeExpenses": 0, "otherExpenses": 1371000000, "operatingExpenses": 1371000000, "costAndExpenses": 6529000000, "interestIncome": 106000000, "interestExpense": 106000000, "depreciationAndAmortization": 215000000, "ebitda": 954000000, "ebitdaratio": 0.1270813907, "operatingIncome": 739000000, "operatingIncomeRatio": 0.0984414546, "totalOtherIncomeExpensesNet": 239000000, "incomeBeforeTax": 978000000, "incomeBeforeTaxRatio": 0.1302784068, "incomeTaxExpense": 239000000, "netIncome": 609000000, "netIncomeRatio": 0.081124284, "eps": 1.21, "epsdiluted": 1.19, "weightedAverageShsOut": 504400000, "weightedAverageShsOutDil": 510900000, "link": "https://www.sec.gov/Archives/edgar/data/1276520/000119312523053994/0001193125-23-053994-index.htm", "finalLink": "https://www.sec.gov/Archives/edgar/data/1276520/000119312523053994/d437995d10k.htm", "calculatedOtherExpenses": 6768000000, "calculatedOperatingExpenses": 6768000000, "calculatedNetInterest": 0, "calculatedOtherIncome": 239000000, "calculatedIncomeNonControlling": 130000000, "calculatedEbitda": 954000000}, {"date": "2021-12-31", "symbol": "GNW", "reportedCurrency": "USD", "cik": "0001276520", "fillingDate": "2022-02-28", "acceptedDate": "2022-02-28 06:41:32", "calendarYear": "2021", "period": "FY", "revenue": 7832000000, "costOfRevenue": 0, "grossProfit": 7832000000, "grossProfitRatio": 1, "researchAndDevelopmentExpenses": 0, "generalAndAdministrativeExpenses": 0, "sellingAndMarketingExpenses": 0, "sellingGeneralAndAdministrativeExpenses": 0, "otherExpenses": -6665000000, "operatingExpenses": -6665000000, "costAndExpenses": 6651000000, "interestIncome": 160000000, "interestExpense": 160000000, "depreciationAndAmortization": 44000000, "ebitda": 1167000000, "ebitdaratio": 0.1490040858, "operatingIncome": 1167000000, "operatingIncomeRatio": 0.1490040858, "totalOtherIncomeExpensesNet": 14000000, "incomeBeforeTax": 1181000000, "incomeBeforeTaxRatio": 0.1507916241, "incomeTaxExpense": 263000000, "netIncome": 850000000, "netIncomeRatio": 0.1085291113, "eps": 1.78, "epsdiluted": 1.76, "weightedAverageShsOut": 506900000, "weightedAverageShsOutDil": 514700000, "link": "https://www.sec.gov/Archives/edgar/data/1276520/000119312522055674/0001193125-22-055674-index.htm", "finalLink": "https://www.sec.gov/Archives/edgar/data/1276520/000119312522055674/d299054d10k.htm", "calculatedOtherExpenses": 6665000000, "calculatedOperatingExpenses": 6665000000, "calculatedNetInterest": 0, "calculatedOtherIncome": 14000000, "calculatedIncomeNonControlling": 68000000, "calculatedEbitda": 1211000000}, {"date": "2020-12-31", "symbol": "GNW", "reportedCurrency": "USD", "cik": "0001276520", "fillingDate": "2021-02-26", "acceptedDate": "2021-02-26 06:13:44", "calendarYear": "2020", "period": "FY", "revenue": 8658000000, "costOfRevenue": 0, "grossProfit": 8658000000, "grossProfitRatio": 1, "researchAndDevelopmentExpenses": 0, "generalAndAdministrativeExpenses": 0, "sellingAndMarketingExpenses": 0, "sellingGeneralAndAdministrativeExpenses": 0, "otherExpenses": -8210000000, "operatingExpenses": -8210000000, "costAndExpenses": 7627000000, "interestIncome": 195000000, "interestExpense": 202000000, "depreciationAndAmortization": 42000000, "ebitda": 448000000, "ebitdaratio": 0.0517440517, "operatingIncome": 448000000, "operatingIncomeRatio": 0.0517440517, "totalOtherIncomeExpensesNet": 583000000, "incomeBeforeTax": 1031000000, "incomeBeforeTaxRatio": 0.1190806191, "incomeTaxExpense": 270000000, "netIncome": 761000000, "netIncomeRatio": 0.0878955879, "eps": 1.51, "epsdiluted": 1.49, "weightedAverageShsOut": 505200000, "weightedAverageShsOutDil": 511600000, "link": "https://www.sec.gov/Archives/edgar/data/1276520/000119312521058267/0001193125-21-058267-index.htm", "finalLink": "https://www.sec.gov/Archives/edgar/data/1276520/000119312521058267/d105560d10k.htm", "calculatedOtherExpenses": 8210000000, "calculatedOperatingExpenses": 8210000000, "calculatedNetInterest": -7000000, "calculatedOtherIncome": 590000000, "calculatedIncomeNonControlling": 0, "calculatedEbitda": 490000000}, {"date": "2019-12-31", "symbol": "GNW", "reportedCurrency": "USD", "cik": "0001276520", "fillingDate": "2020-02-27", "acceptedDate": "2020-02-27 07:24:40", "calendarYear": "2019", "period": "FY", "revenue": 8096000000, "costOfRevenue": 0, "grossProfit": 8096000000, "grossProfitRatio": 1, "researchAndDevelopmentExpenses": 0, "generalAndAdministrativeExpenses": 0, "sellingAndMarketingExpenses": 0, "sellingGeneralAndAdministrativeExpenses": 0, "otherExpenses": -7558000000, "operatingExpenses": -7558000000, "costAndExpenses": 7382000000, "interestIncome": 231000000, "interestExpense": 239000000, "depreciationAndAmortization": 79000000, "ebitda": 538000000, "ebitdaratio": 0.0664525692, "operatingIncome": 538000000, "operatingIncomeRatio": 0.0664525692, "totalOtherIncomeExpensesNet": 176000000, "incomeBeforeTax": 714000000, "incomeBeforeTaxRatio": 0.0881916996, "incomeTaxExpense": 195000000, "netIncome": 519000000, "netIncomeRatio": 0.0641057312, "eps": 1.03, "epsdiluted": 1.02, "weightedAverageShsOut": 502900000, "weightedAverageShsOutDil": 509700000, "link": "https://www.sec.gov/Archives/edgar/data/1276520/000119312520051019/0001193125-20-051019-index.htm", "finalLink": "https://www.sec.gov/Archives/edgar/data/1276520/000119312520051019/d849640d10k.htm", "calculatedOtherExpenses": 7558000000, "calculatedOperatingExpenses": 7558000000, "calculatedNetInterest": -8000000, "calculatedOtherIncome": 184000000, "calculatedIncomeNonControlling": 0, "calculatedEbitda": 617000000}, {"date": "2018-12-31", "symbol": "GNW", "reportedCurrency": "USD", "cik": "0001276520", "fillingDate": "2019-02-27", "acceptedDate": "2019-02-27 07:35:18", "calendarYear": "2018", "period": "FY", "revenue": 8430000000, "costOfRevenue": 0, "grossProfit": 8430000000, "grossProfitRatio": 1, "researchAndDevelopmentExpenses": 0, "generalAndAdministrativeExpenses": 0, "sellingAndMarketingExpenses": 0, "sellingGeneralAndAdministrativeExpenses": 0, "otherExpenses": 7508000000, "operatingExpenses": 7508000000, "costAndExpenses": 7982000000, "interestIncome": 0, "interestExpense": 299000000, "depreciationAndAmortization": 94000000, "ebitda": 569000000, "ebitdaratio": 0.0674970344, "operatingIncome": 569000000, "operatingIncomeRatio": 0.0674970344, "totalOtherIncomeExpensesNet": -121000000, "incomeBeforeTax": 448000000, "incomeBeforeTaxRatio": 0.053143535, "incomeTaxExpense": 151000000, "netIncome": 119000000, "netIncomeRatio": 0.0141162515, "eps": 0.24, "epsdiluted": 0.24, "weightedAverageShsOut": 500400000, "weightedAverageShsOutDil": 500400000, "link": "https://www.sec.gov/Archives/edgar/data/1276520/000119312519052835/0001193125-19-052835-index.htm", "finalLink": "https://www.sec.gov/Archives/edgar/data/1276520/000119312519052835/d680173d10k.htm", "calculatedOtherExpenses": 7861000000, "calculatedOperatingExpenses": 7861000000, "calculatedNetInterest": -299000000, "calculatedOtherIncome": 178000000, "calculatedIncomeNonControlling": 178000000, "calculatedEbitda": 663000000}, {"date": "2017-12-31", "symbol": "GNW", "reportedCurrency": "USD", "cik": "0001276520", "fillingDate": "2018-02-28", "acceptedDate": "2018-02-28 16:29:11", "calendarYear": "2017", "period": "FY", "revenue": 8295000000, "costOfRevenue": 0, "grossProfit": 8295000000, "grossProfitRatio": 1, "researchAndDevelopmentExpenses": 0, "generalAndAdministrativeExpenses": 0, "sellingAndMarketingExpenses": 0, "sellingGeneralAndAdministrativeExpenses": 0, "otherExpenses": 7120000000, "operatingExpenses": 7120000000, "costAndExpenses": 7566000000, "interestIncome": 0, "interestExpense": 284000000, "depreciationAndAmortization": -42000000, "ebitda": 894000000, "ebitdaratio": 0.1077757685, "operatingIncome": 936000000, "operatingIncomeRatio": 0.1128390597, "totalOtherIncomeExpensesNet": -207000000, "incomeBeforeTax": 729000000, "incomeBeforeTaxRatio": 0.0878842676, "incomeTaxExpense": -207000000, "netIncome": 817000000, "netIncomeRatio": 0.0984930681, "eps": 1.64, "epsdiluted": 1.63, "weightedAverageShsOut": 499000000, "weightedAverageShsOutDil": 501400000, "link": "https://www.sec.gov/Archives/edgar/data/1276520/000119312518064038/0001193125-18-064038-index.htm", "finalLink": "https://www.sec.gov/Archives/edgar/data/1276520/000119312518064038/d492876d10k.htm", "calculatedOtherExpenses": 7359000000, "calculatedOperatingExpenses": 7359000000, "calculatedNetInterest": -284000000, "calculatedOtherIncome": 77000000, "calculatedIncomeNonControlling": 119000000, "calculatedEbitda": 894000000}, {"date": "2016-12-31", "symbol": "GNW", "reportedCurrency": "USD", "cik": "0001276520", "fillingDate": "2017-02-27", "acceptedDate": "2017-02-27 17:03:46", "calendarYear": "2016", "period": "FY", "revenue": 8369000000, "costOfRevenue": 0, "grossProfit": 8369000000, "grossProfitRatio": 1, "researchAndDevelopmentExpenses": 0, "generalAndAdministrativeExpenses": 0, "sellingAndMarketingExpenses": 0, "sellingGeneralAndAdministrativeExpenses": 32000000, "otherExpenses": 7712000000, "operatingExpenses": 7712000000, "costAndExpenses": 8049000000, "interestIncome": 0, "interestExpense": 337000000, "depreciationAndAmortization": 456000000, "ebitda": 418000000, "ebitdaratio": 0.0499462301, "operatingIncome": -38000000, "operatingIncomeRatio": -0.0045405664, "totalOtherIncomeExpensesNet": 358000000, "incomeBeforeTax": 320000000, "incomeBeforeTaxRatio": 0.0382363484, "incomeTaxExpense": 358000000, "netIncome": -277000000, "netIncomeRatio": -0.0330983391, "eps": -0.56, "epsdiluted": -0.56, "weightedAverageShsOut": 496000000, "weightedAverageShsOutDil": 498300000, "link": "https://www.sec.gov/Archives/edgar/data/1276520/000119312517059195/0001193125-17-059195-index.htm", "finalLink": "https://www.sec.gov/Archives/edgar/data/1276520/000119312517059195/d277185d10k.htm", "calculatedOtherExpenses": 8375000000, "calculatedOperatingExpenses": 8407000000, "calculatedNetInterest": -337000000, "calculatedOtherIncome": 695000000, "calculatedIncomeNonControlling": 239000000, "calculatedEbitda": 418000000}, {"date": "2015-12-31", "symbol": "GNW", "reportedCurrency": "USD", "cik": "0001276520", "fillingDate": "2016-02-26", "acceptedDate": "2016-02-26 16:56:29", "calendarYear": "2015", "period": "FY", "revenue": 8548000000, "costOfRevenue": 0, "grossProfit": 8548000000, "grossProfitRatio": 1, "researchAndDevelopmentExpenses": 0, "generalAndAdministrativeExpenses": 0, "sellingAndMarketingExpenses": 0, "sellingGeneralAndAdministrativeExpenses": 16000000, "otherExpenses": 8144000000, "operatingExpenses": 8144000000, "costAndExpenses": 8563000000, "interestIncome": 0, "interestExpense": 419000000, "depreciationAndAmortization": -199000000, "ebitda": -205000000, "ebitdaratio": -0.0239822181, "operatingIncome": -6000000, "operatingIncomeRatio": -0.0007019186, "totalOtherIncomeExpensesNet": -9000000, "incomeBeforeTax": -15000000, "incomeBeforeTaxRatio": -0.0017547964, "incomeTaxExpense": -9000000, "netIncome": -615000000, "netIncomeRatio": -0.0719466542, "eps": -1.24, "epsdiluted": -1.24, "weightedAverageShsOut": 495238095, "weightedAverageShsOutDil": 497400000, "link": "https://www.sec.gov/Archives/edgar/data/1276520/000119312516482185/0001193125-16-482185-index.htm", "finalLink": "https://www.sec.gov/Archives/edgar/data/1276520/000119312516482185/d52855d10k.htm", "calculatedOtherExpenses": 8538000000, "calculatedOperatingExpenses": 8554000000, "calculatedNetInterest": -419000000, "calculatedOtherIncome": 410000000, "calculatedIncomeNonControlling": 609000000, "calculatedEbitda": -205000000}, {"date": "2014-12-31", "symbol": "GNW", "reportedCurrency": "USD", "cik": "0001276520", "fillingDate": "2015-03-02", "acceptedDate": "2015-03-02 13:36:25", "calendarYear": "2014", "period": "FY", "revenue": 9565000000, "costOfRevenue": 0, "grossProfit": 9565000000, "grossProfitRatio": 1, "researchAndDevelopmentExpenses": 0, "generalAndAdministrativeExpenses": 0, "sellingAndMarketingExpenses": 0, "sellingGeneralAndAdministrativeExpenses": 28000000, "otherExpenses": 9595000000, "operatingExpenses": 9595000000, "costAndExpenses": 10841000000, "interestIncome": 0, "interestExpense": 479000000, "depreciationAndAmortization": 55000000, "ebitda": -993000000, "ebitdaratio": -0.1038159958, "operatingIncome": -1048000000, "operatingIncomeRatio": -0.1095661265, "totalOtherIncomeExpensesNet": -228000000, "incomeBeforeTax": -1276000000, "incomeBeforeTaxRatio": -0.1334030319, "incomeTaxExpense": -228000000, "netIncome": -1244000000, "netIncomeRatio": -0.1300575013, "eps": -2.51, "epsdiluted": -2.51, "weightedAverageShsOut": 496400000, "weightedAverageShsOutDil": 496400000, "link": "https://www.sec.gov/Archives/edgar/data/1276520/000119312515072748/0001193125-15-072748-index.htm", "finalLink": "https://www.sec.gov/Archives/edgar/data/1276520/000119312515072748/d840962d10k.htm", "calculatedOtherExpenses": 10585000000, "calculatedOperatingExpenses": 10613000000, "calculatedNetInterest": -479000000, "calculatedOtherIncome": 251000000, "calculatedIncomeNonControlling": 196000000, "calculatedEbitda": -993000000}, {"date": "2013-12-31", "symbol": "GNW", "reportedCurrency": "USD", "cik": "0001276520", "fillingDate": "2014-03-03", "acceptedDate": "2014-03-03 07:14:39", "calendarYear": "2013", "period": "FY", "revenue": 9403000000, "costOfRevenue": 0, "grossProfit": 9403000000, "grossProfitRatio": 1, "researchAndDevelopmentExpenses": 0, "generalAndAdministrativeExpenses": 0, "sellingAndMarketingExpenses": 0, "sellingGeneralAndAdministrativeExpenses": 39000000, "otherExpenses": 7182000000, "operatingExpenses": 7182000000, "costAndExpenses": 8353000000, "interestIncome": 0, "interestExpense": 492000000, "depreciationAndAmortization": 650000000, "ebitda": 1376000000, "ebitdaratio": 0.1463362757, "operatingIncome": 726000000, "operatingIncomeRatio": 0.0772094013, "totalOtherIncomeExpensesNet": 324000000, "incomeBeforeTax": 1050000000, "incomeBeforeTaxRatio": 0.1116664894, "incomeTaxExpense": 324000000, "netIncome": 560000000, "netIncomeRatio": 0.059555461, "eps": 1.13, "epsdiluted": 1.12, "weightedAverageShsOut": 493600000, "weightedAverageShsOutDil": 498700000, "link": "https://www.sec.gov/Archives/edgar/data/1276520/000119312514078864/0001193125-14-078864-index.htm", "finalLink": "https://www.sec.gov/Archives/edgar/data/1276520/000119312514078864/d645067d10k.htm", "calculatedOtherExpenses": 8638000000, "calculatedOperatingExpenses": 8677000000, "calculatedNetInterest": -492000000, "calculatedOtherIncome": 816000000, "calculatedIncomeNonControlling": 166000000, "calculatedEbitda": 1376000000}, {"date": "2012-12-31", "symbol": "GNW", "reportedCurrency": "USD", "cik": "0001276520", "fillingDate": "2013-02-28", "acceptedDate": "2013-02-28 07:37:47", "calendarYear": "2012", "period": "FY", "revenue": 10023000000, "costOfRevenue": 0, "grossProfit": 10023000000, "grossProfitRatio": 1, "researchAndDevelopmentExpenses": 0, "generalAndAdministrativeExpenses": 0, "sellingAndMarketingExpenses": 0, "sellingGeneralAndAdministrativeExpenses": 26000000, "otherExpenses": 8558000000, "operatingExpenses": 8558000000, "costAndExpenses": 9311000000, "interestIncome": 0, "interestExpense": 476000000, "depreciationAndAmortization": -1171000000, "ebitda": 988000000, "ebitdaratio": 0.0985732815, "operatingIncome": 988000000, "operatingIncomeRatio": 0.0985732815, "totalOtherIncomeExpensesNet": -276000000, "incomeBeforeTax": 712000000, "incomeBeforeTaxRatio": 0.0710366158, "incomeTaxExpense": 189000000, "netIncome": 323000000, "netIncomeRatio": 0.0322258805, "eps": 0.66, "epsdiluted": 0.66, "weightedAverageShsOut": 491600000, "weightedAverageShsOutDil": 494400000, "link": "https://www.sec.gov/Archives/edgar/data/1276520/000119312513081960/0001193125-13-081960-index.htm", "finalLink": "https://www.sec.gov/Archives/edgar/data/1276520/000119312513081960/d437858d10k.htm", "calculatedOtherExpenses": 9009000000, "calculatedOperatingExpenses": 9035000000, "calculatedNetInterest": -476000000, "calculatedOtherIncome": 200000000, "calculatedIncomeNonControlling": 200000000, "calculatedEbitda": -183000000}, {"date": "2011-12-31", "symbol": "GNW", "reportedCurrency": "USD", "cik": "0001276520", "fillingDate": "2012-02-27", "acceptedDate": "2012-02-27 16:36:28", "calendarYear": "2011", "period": "FY", "revenue": 10344000000, "costOfRevenue": 0, "grossProfit": 10344000000, "grossProfitRatio": 1, "researchAndDevelopmentExpenses": 0, "generalAndAdministrativeExpenses": 0, "sellingAndMarketingExpenses": 0, "sellingGeneralAndAdministrativeExpenses": 0, "otherExpenses": 9287000000, "operatingExpenses": 9287000000, "costAndExpenses": 10030000000, "interestIncome": 0, "interestExpense": 506000000, "depreciationAndAmortization": 743000000, "ebitda": 1424000000, "ebitdaratio": 0.1376643465, "operatingIncome": 261000000, "operatingIncomeRatio": 0.0252320186, "totalOtherIncomeExpensesNet": 53000000, "incomeBeforeTax": 314000000, "incomeBeforeTaxRatio": 0.0303557618, "incomeTaxExpense": 53000000, "netIncome": 122000000, "netIncomeRatio": 0.0117942769, "eps": 0.08, "epsdiluted": 0.08, "weightedAverageShsOut": 490600000, "weightedAverageShsOutDil": 493500000, "link": "https://www.sec.gov/Archives/edgar/data/1276520/000119312512081737/0001193125-12-081737-index.htm", "finalLink": "https://www.sec.gov/Archives/edgar/data/1276520/000119312512081737/d264172d10k.htm", "calculatedOtherExpenses": 10083000000, "calculatedOperatingExpenses": 10083000000, "calculatedNetInterest": -506000000, "calculatedOtherIncome": 559000000, "calculatedIncomeNonControlling": 139000000, "calculatedEbitda": 1004000000}, {"date": "2010-12-31", "symbol": "GNW", "reportedCurrency": "USD", "cik": "0001276520", "fillingDate": "2011-02-25", "acceptedDate": "2011-02-25 16:55:50", "calendarYear": "2010", "period": "FY", "revenue": 10089000000, "costOfRevenue": 0, "grossProfit": 10089000000, "grossProfitRatio": 1, "researchAndDevelopmentExpenses": 0, "generalAndAdministrativeExpenses": 0, "sellingAndMarketingExpenses": 0, "sellingGeneralAndAdministrativeExpenses": 0, "otherExpenses": 9685000000, "operatingExpenses": 9685000000, "costAndExpenses": 10013000000, "interestIncome": 0, "interestExpense": 457000000, "depreciationAndAmortization": 756000000, "ebitda": 1146000000, "ebitdaratio": 0.1135890574, "operatingIncome": 390000000, "operatingIncomeRatio": 0.0386559619, "totalOtherIncomeExpensesNet": -314000000, "incomeBeforeTax": 76000000, "incomeBeforeTaxRatio": 0.0075329567, "incomeTaxExpense": -209000000, "netIncome": 142000000, "netIncomeRatio": 0.0140747349, "eps": 0.11, "epsdiluted": 0.11, "weightedAverageShsOut": 489300000, "weightedAverageShsOutDil": 493900000, "link": "https://www.sec.gov/Archives/edgar/data/1276520/000119312511047536/0001193125-11-047536-index.htm", "finalLink": "https://www.sec.gov/Archives/edgar/data/1276520/000119312511047536/d10k.htm", "calculatedOtherExpenses": 9699000000, "calculatedOperatingExpenses": 9699000000, "calculatedNetInterest": -457000000, "calculatedOtherIncome": 143000000, "calculatedIncomeNonControlling": 143000000, "calculatedEbitda": 1146000000}, {"date": "2009-12-31", "symbol": "GNW", "reportedCurrency": "USD", "cik": "0001276520", "fillingDate": "2010-02-26", "acceptedDate": "2010-02-26 10:24:50", "calendarYear": "2009", "period": "FY", "revenue": 9069000000, "costOfRevenue": 0, "grossProfit": 9069000000, "grossProfitRatio": 1, "researchAndDevelopmentExpenses": 0, "generalAndAdministrativeExpenses": 0, "sellingAndMarketingExpenses": 0, "sellingGeneralAndAdministrativeExpenses": 0, "otherExpenses": 9468000000, "operatingExpenses": 9468000000, "costAndExpenses": 9861000000, "interestIncome": 0, "interestExpense": 393000000, "depreciationAndAmortization": 782000000, "ebitda": 322000000, "ebitdaratio": 0.0355055684, "operatingIncome": -460000000, "operatingIncomeRatio": -0.0507222406, "totalOtherIncomeExpensesNet": -332000000, "incomeBeforeTax": -792000000, "incomeBeforeTaxRatio": -0.0873304664, "incomeTaxExpense": -393000000, "netIncome": -460000000, "netIncomeRatio": -0.0507222406, "eps": -1.02, "epsdiluted": -1.02, "weightedAverageShsOut": 451100000, "weightedAverageShsOutDil": 451100000, "link": "https://www.sec.gov/Archives/edgar/data/1276520/000119312510041949/0001193125-10-041949-index.htm", "finalLink": "https://www.sec.gov/Archives/edgar/data/1276520/000119312510041949/d10k.htm", "calculatedOtherExpenses": 9529000000, "calculatedOperatingExpenses": 9529000000, "calculatedNetInterest": -393000000, "calculatedOtherIncome": 61000000, "calculatedIncomeNonControlling": 61000000, "calculatedEbitda": 322000000}, {"date": "2008-12-31", "symbol": "GNW", "reportedCurrency": "USD", "cik": "0001276520", "fillingDate": "2009-03-02", "acceptedDate": "2009-03-02 06:19:48", "calendarYear": "2008", "period": "FY", "revenue": 9948000000, "costOfRevenue": 0, "grossProfit": 9948000000, "grossProfitRatio": 1, "researchAndDevelopmentExpenses": 0, "generalAndAdministrativeExpenses": 0, "sellingAndMarketingExpenses": 0, "sellingGeneralAndAdministrativeExpenses": 0, "otherExpenses": 10420000000, "operatingExpenses": 10420000000, "costAndExpenses": 10890000000, "interestIncome": 0, "interestExpense": 1763000000, "depreciationAndAmortization": 884000000, "ebitda": 412000000, "ebitdaratio": 0.0414153599, "operatingIncome": -472000000, "operatingIncomeRatio": -0.047446723, "totalOtherIncomeExpensesNet": -470000000, "incomeBeforeTax": -942000000, "incomeBeforeTaxRatio": -0.0946924005, "incomeTaxExpense": -370000000, "netIncome": -572000000, "netIncomeRatio": -0.0574989948, "eps": -1.32, "epsdiluted": -1.32, "weightedAverageShsOut": 433200000, "weightedAverageShsOutDil": 433200000, "link": "https://www.sec.gov/Archives/edgar/data/1276520/000119312509041694/0001193125-09-041694-index.htm", "finalLink": "https://www.sec.gov/Archives/edgar/data/1276520/000119312509041694/d10k.htm", "calculatedOtherExpenses": 10420000000, "calculatedOperatingExpenses": 10420000000, "calculatedNetInterest": -1763000000, "calculatedOtherIncome": 1293000000, "calculatedIncomeNonControlling": 0, "calculatedEbitda": 412000000}, {"date": "2007-12-31", "symbol": "GNW", "reportedCurrency": "USD", "cik": "0001276520", "fillingDate": "2008-02-28", "acceptedDate": "2008-02-28 14:12:23", "calendarYear": "2007", "period": "FY", "revenue": 11125000000, "costOfRevenue": 0, "grossProfit": 11125000000, "grossProfitRatio": 1, "researchAndDevelopmentExpenses": 0, "generalAndAdministrativeExpenses": 0, "sellingAndMarketingExpenses": 0, "sellingGeneralAndAdministrativeExpenses": 0, "otherExpenses": 9038000000, "operatingExpenses": 9038000000, "costAndExpenses": 9519000000, "interestIncome": 0, "interestExpense": 2033000000, "depreciationAndAmortization": 802000000, "ebitda": 4507000000, "ebitdaratio": 0.4051235955, "operatingIncome": 3705000000, "operatingIncomeRatio": 0.3330337079, "totalOtherIncomeExpensesNet": 992000000, "incomeBeforeTax": 1606000000, "incomeBeforeTaxRatio": 0.1443595506, "incomeTaxExpense": 452000000, "netIncome": 1220000000, "netIncomeRatio": 0.1096629213, "eps": 2.77, "epsdiluted": 2.73, "weightedAverageShsOut": 439700000, "weightedAverageShsOutDil": 447600000, "link": "https://www.sec.gov/Archives/edgar/data/1276520/000119312508041475/0001193125-08-041475-index.htm", "finalLink": "https://www.sec.gov/Archives/edgar/data/1276520/000119312508041475/d10k.htm", "calculatedOtherExpenses": 7420000000, "calculatedOperatingExpenses": 7420000000, "calculatedNetInterest": -2033000000, "calculatedOtherIncome": -66000000, "calculatedIncomeNonControlling": -66000000, "calculatedEbitda": 4507000000}, {"date": "2006-12-31", "symbol": "GNW", "reportedCurrency": "USD", "cik": "0001276520", "fillingDate": "2007-02-28", "acceptedDate": "2007-02-28 17:22:39", "calendarYear": "2006", "period": "FY", "revenue": 11029000000, "costOfRevenue": 0, "grossProfit": 11029000000, "grossProfitRatio": 1, "researchAndDevelopmentExpenses": 0, "generalAndAdministrativeExpenses": 0, "sellingAndMarketingExpenses": 0, "sellingGeneralAndAdministrativeExpenses": 0, "otherExpenses": 8068000000, "operatingExpenses": 8068000000, "costAndExpenses": 9111000000, "interestIncome": 0, "interestExpense": 1886000000, "depreciationAndAmortization": 745000000, "ebitda": 4553000000, "ebitdaratio": 0.4128207453, "operatingIncome": 1358000000, "operatingIncomeRatio": 0.1231299302, "totalOtherIncomeExpensesNet": 774000000, "incomeBeforeTax": 1918000000, "incomeBeforeTaxRatio": 0.1739051591, "incomeTaxExpense": 594000000, "netIncome": 1328000000, "netIncomeRatio": 0.1204098286, "eps": 2.91, "epsdiluted": 2.83, "weightedAverageShsOut": 455900000, "weightedAverageShsOutDil": 469400000, "link": "https://www.sec.gov/Archives/edgar/data/1276520/000119312507042851/0001193125-07-042851-index.htm", "finalLink": "https://www.sec.gov/Archives/edgar/data/1276520/000119312507042851/d10k.htm", "calculatedOtherExpenses": 9671000000, "calculatedOperatingExpenses": 9671000000, "calculatedNetInterest": -1886000000, "calculatedOtherIncome": 2446000000, "calculatedIncomeNonControlling": -4000000, "calculatedEbitda": 2103000000}, {"date": "2005-12-31", "symbol": "GNW", "reportedCurrency": "USD", "cik": "0001276520", "fillingDate": "2006-02-27", "acceptedDate": "2006-02-27 06:10:12", "calendarYear": "2005", "period": "FY", "revenue": 10504000000, "costOfRevenue": 0, "grossProfit": 10504000000, "grossProfitRatio": 1, "researchAndDevelopmentExpenses": 0, "generalAndAdministrativeExpenses": 0, "sellingAndMarketingExpenses": 0, "sellingGeneralAndAdministrativeExpenses": 0, "otherExpenses": 7748000000, "operatingExpenses": 7748000000, "costAndExpenses": 8706000000, "interestIncome": 0, "interestExpense": 1718000000, "depreciationAndAmortization": 853000000, "ebitda": 4369000000, "ebitdaratio": 0.415936786, "operatingIncome": 3516000000, "operatingIncomeRatio": 0.3347296268, "totalOtherIncomeExpensesNet": 673000000, "incomeBeforeTax": 1798000000, "incomeBeforeTaxRatio": 0.1711728865, "incomeTaxExpense": 577000000, "netIncome": 1221000000, "netIncomeRatio": 0.1162414318, "eps": 2.57, "epsdiluted": 2.52, "weightedAverageShsOut": 475300000, "weightedAverageShsOutDil": 484600000, "link": "https://www.sec.gov/Archives/edgar/data/1276520/000119312506039300/0001193125-06-039300-index.htm", "finalLink": "https://www.sec.gov/Archives/edgar/data/1276520/000119312506039300/d10k.htm", "calculatedOtherExpenses": 6988000000, "calculatedOperatingExpenses": 6988000000, "calculatedNetInterest": -1718000000, "calculatedOtherIncome": 0, "calculatedIncomeNonControlling": 0, "calculatedEbitda": 4369000000}, {"date": "2004-12-31", "symbol": "GNW", "reportedCurrency": "USD", "cik": "0001276520", "fillingDate": "2005-03-01", "acceptedDate": "2005-03-01 12:54:45", "calendarYear": "2004", "period": "FY", "revenue": 11057000000, "costOfRevenue": 0, "grossProfit": 11057000000, "grossProfitRatio": 1, "researchAndDevelopmentExpenses": 0, "generalAndAdministrativeExpenses": 0, "sellingAndMarketingExpenses": 0, "sellingGeneralAndAdministrativeExpenses": 0, "otherExpenses": -11050000000, "operatingExpenses": -11050000000, "costAndExpenses": 9419000000, "interestIncome": 0, "interestExpense": 1649000000, "depreciationAndAmortization": 1235000000, "ebitda": 4534000000, "ebitdaratio": 0.4100569775, "operatingIncome": 7000000, "operatingIncomeRatio": 0.0006330831, "totalOtherIncomeExpensesNet": 824000000, "incomeBeforeTax": 1638000000, "incomeBeforeTaxRatio": 0.1481414489, "incomeTaxExpense": 493000000, "netIncome": 1157000000, "netIncomeRatio": 0.1046395948, "eps": 2.27, "epsdiluted": 2.26, "weightedAverageShsOut": 489500000, "weightedAverageShsOutDil": 490500000, "link": "https://www.sec.gov/Archives/edgar/data/1276520/000119312505039516/0001193125-05-039516-index.htm", "finalLink": "https://www.sec.gov/Archives/edgar/data/1276520/000119312505039516/d10k.htm", "calculatedOtherExpenses": 11050000000, "calculatedOperatingExpenses": 11050000000, "calculatedNetInterest": -1649000000, "calculatedOtherIncome": 3280000000, "calculatedIncomeNonControlling": -12000000, "calculatedEbitda": 1242000000}, {"date": "2003-12-31", "symbol": "GNW", "reportedCurrency": "USD", "cik": "0001276520", "fillingDate": "2003-12-31", "acceptedDate": "2003-12-30 19:00:00", "calendarYear": "2003", "period": "FY", "revenue": 11671000000, "costOfRevenue": 0, "grossProfit": 11671000000, "grossProfitRatio": 1, "researchAndDevelopmentExpenses": 0, "generalAndAdministrativeExpenses": 0, "sellingAndMarketingExpenses": 0, "sellingGeneralAndAdministrativeExpenses": 0, "otherExpenses": -8413000000, "operatingExpenses": -8413000000, "costAndExpenses": 10289000000, "interestIncome": 0, "interestExpense": 1764000000, "depreciationAndAmortization": 1351000000, "ebitda": 4609000000, "ebitdaratio": 0.3949104618, "operatingIncome": 3258000000, "operatingIncomeRatio": 0.2791534573, "totalOtherIncomeExpensesNet": 943000000, "incomeBeforeTax": 1382000000, "incomeBeforeTaxRatio": 0.1184131608, "incomeTaxExpense": 413000000, "netIncome": 1081000000, "netIncomeRatio": 0.0926227401, "eps": 1.88, "epsdiluted": 1.88, "weightedAverageShsOut": 489500000, "weightedAverageShsOutDil": 489500000, "link": "", "finalLink": "", "calculatedOtherExpenses": 8413000000, "calculatedOperatingExpenses": 8413000000, "calculatedNetInterest": -1764000000, "calculatedOtherIncome": -112000000, "calculatedIncomeNonControlling": -112000000, "calculatedEbitda": 4609000000}, {"date": "2002-12-31", "symbol": "GNW", "reportedCurrency": "USD", "cik": "0001276520", "fillingDate": "2002-12-31", "acceptedDate": "2002-12-30 19:00:00", "calendarYear": "2002", "period": "FY", "revenue": 11229000000, "costOfRevenue": 0, "grossProfit": 11229000000, "grossProfitRatio": 1, "researchAndDevelopmentExpenses": 0, "generalAndAdministrativeExpenses": 0, "sellingAndMarketingExpenses": 0, "sellingGeneralAndAdministrativeExpenses": 0, "otherExpenses": -7875000000, "operatingExpenses": -7875000000, "costAndExpenses": 9438000000, "interestIncome": 0, "interestExpense": 1769000000, "depreciationAndAmortization": 1221000000, "ebitda": 4575000000, "ebitdaratio": 0.4074271974, "operatingIncome": 3354000000, "operatingIncomeRatio": 0.2986908897, "totalOtherIncomeExpensesNet": 939000000, "incomeBeforeTax": 1791000000, "incomeBeforeTaxRatio": 0.1594977291, "incomeTaxExpense": 411000000, "netIncome": 1174000000, "netIncomeRatio": 0.1045507169, "eps": 2.42, "epsdiluted": 2.42, "weightedAverageShsOut": 485714286, "weightedAverageShsOutDil": 485714286, "link": "", "finalLink": "", "calculatedOtherExpenses": 7875000000, "calculatedOperatingExpenses": 7875000000, "calculatedNetInterest": -1769000000, "calculatedOtherIncome": 206000000, "calculatedIncomeNonControlling": 206000000, "calculatedEbitda": 4575000000}, {"date": "2001-12-31", "symbol": "GNW", "reportedCurrency": "USD", "cik": "0001276520", "fillingDate": "2001-12-31", "acceptedDate": "2001-12-30 19:00:00", "calendarYear": "2001", "period": "FY", "revenue": 11101000000, "costOfRevenue": 0, "grossProfit": 11101000000, "grossProfitRatio": 1, "researchAndDevelopmentExpenses": 0, "generalAndAdministrativeExpenses": 0, "sellingAndMarketingExpenses": 0, "sellingGeneralAndAdministrativeExpenses": 0, "otherExpenses": 0, "operatingExpenses": 0, "costAndExpenses": 9280000000, "interestIncome": 0, "interestExpense": 126000000, "depreciationAndAmortization": 0, "ebitda": 11101000000, "ebitdaratio": 1, "operatingIncome": 11101000000, "operatingIncomeRatio": 1, "totalOtherIncomeExpensesNet": 993000000, "incomeBeforeTax": 1821000000, "incomeBeforeTaxRatio": 0.1640392757, "incomeTaxExpense": 1821000000, "netIncome": 0, "netIncomeRatio": 0, "eps": 0, "epsdiluted": 0, "weightedAverageShsOut": 485714286, "weightedAverageShsOutDil": 485714286, "link": "", "finalLink": "", "calculatedOtherExpenses": 0, "calculatedOperatingExpenses": 0, "calculatedNetInterest": -126000000, "calculatedOtherIncome": -9154000000, "calculatedIncomeNonControlling": 0, "calculatedEbitda": 11101000000}, {"date": "2000-12-31", "symbol": "GNW", "reportedCurrency": "USD", "cik": "0001276520", "fillingDate": "2000-12-31", "acceptedDate": "2000-12-30 19:00:00", "calendarYear": "2000", "period": "FY", "revenue": 10226000000, "costOfRevenue": 0, "grossProfit": 10226000000, "grossProfitRatio": 1, "researchAndDevelopmentExpenses": 0, "generalAndAdministrativeExpenses": 0, "sellingAndMarketingExpenses": 0, "sellingGeneralAndAdministrativeExpenses": 0, "otherExpenses": 0, "operatingExpenses": 0, "costAndExpenses": 8375000000, "interestIncome": 0, "interestExpense": 1582000000, "depreciationAndAmortization": 1394000000, "ebitda": 2192000000, "ebitdaratio": 0.2143555642, "operatingIncome": 10226000000, "operatingIncomeRatio": 1, "totalOtherIncomeExpensesNet": 1053000000, "incomeBeforeTax": 1851000000, "incomeBeforeTaxRatio": 0.1810091923, "incomeTaxExpense": 576000000, "netIncome": 1275000000, "netIncomeRatio": 0.1246821827, "eps": 2.62, "epsdiluted": 2.62, "weightedAverageShsOut": 485714286, "weightedAverageShsOutDil": 485714286, "link": "", "finalLink": "", "calculatedOtherExpenses": 0, "calculatedOperatingExpenses": 0, "calculatedNetInterest": -1582000000, "calculatedOtherIncome": -6793000000, "calculatedIncomeNonControlling": 0, "calculatedEbitda": 11620000000}]}