{"originalCurrency": "USD", "convertedCurrency": "USD", "report": [{"date": "2023-12-30", "symbol": "GO", "reportedCurrency": "USD", "cik": "0001771515", "fillingDate": "2024-02-28", "acceptedDate": "2024-02-28 16:01:24", "calendarYear": "2023", "period": "FY", "revenue": 3969453000, "costOfRevenue": 2727774000, "grossProfit": 1241679000, "grossProfitRatio": 0.312808591, "researchAndDevelopmentExpenses": 0, "generalAndAdministrativeExpenses": 0, "sellingAndMarketingExpenses": 0, "sellingGeneralAndAdministrativeExpenses": 1115438000, "otherExpenses": 0, "operatingExpenses": 1115438000, "costAndExpenses": 3843212000, "interestIncome": 7631000, "interestExpense": 26090000, "depreciationAndAmortization": 87982000, "ebitda": 214223000, "ebitdaratio": 0.0539678893, "operatingIncome": 126241000, "operatingIncomeRatio": 0.0318031225, "totalOtherIncomeExpensesNet": -22160000, "incomeBeforeTax": 104081000, "incomeBeforeTaxRatio": 0.0262204893, "incomeTaxExpense": 24644000, "netIncome": 79437000, "netIncomeRatio": 0.0200120772, "eps": 0.8, "epsdiluted": 0.79, "weightedAverageShsOut": 98709000, "weightedAverageShsOutDil": 100831000, "link": "https://www.sec.gov/Archives/edgar/data/1771515/000177151524000016/0001771515-24-000016-index.htm", "finalLink": "https://www.sec.gov/Archives/edgar/data/1771515/000177151524000016/go-20231230.htm", "calculatedOtherExpenses": 0, "calculatedOperatingExpenses": 1115438000, "calculatedNetInterest": -18459000, "calculatedOtherIncome": -3701000, "calculatedIncomeNonControlling": 0, "calculatedEbitda": 214223000}, {"date": "2022-12-31", "symbol": "GO", "reportedCurrency": "USD", "cik": "0001771515", "fillingDate": "2023-03-01", "acceptedDate": "2023-03-01 16:12:56", "calendarYear": "2022", "period": "FY", "revenue": 3578101000, "costOfRevenue": 2486002000, "grossProfit": 1092099000, "grossProfitRatio": 0.3052174883, "researchAndDevelopmentExpenses": 0, "generalAndAdministrativeExpenses": 921903000, "sellingAndMarketingExpenses": 34600000, "sellingGeneralAndAdministrativeExpenses": 921903000, "otherExpenses": 75206000, "operatingExpenses": 997109000, "costAndExpenses": 3483111000, "interestIncome": 3389000, "interestExpense": 17967000, "depreciationAndAmortization": 78251000, "ebitda": 173241000, "ebitdaratio": 0.0484170234, "operatingIncome": 94990000, "operatingIncomeRatio": 0.0265476016, "totalOtherIncomeExpensesNet": -19241000, "incomeBeforeTax": 75749000, "incomeBeforeTaxRatio": 0.0211701682, "incomeTaxExpense": 10697000, "netIncome": 65052000, "netIncomeRatio": 0.0181805936, "eps": 0.67, "epsdiluted": 0.65, "weightedAverageShsOut": 96812000, "weightedAverageShsOutDil": 100162000, "link": "https://www.sec.gov/Archives/edgar/data/1771515/000177151523000009/0001771515-23-000009-index.htm", "finalLink": "https://www.sec.gov/Archives/edgar/data/1771515/000177151523000009/go-20221231.htm", "calculatedOtherExpenses": 75206000, "calculatedOperatingExpenses": 997109000, "calculatedNetInterest": -14578000, "calculatedOtherIncome": -4663000, "calculatedIncomeNonControlling": 0, "calculatedEbitda": 173241000}, {"date": "2021-12-31", "symbol": "GO", "reportedCurrency": "USD", "cik": "0001771515", "fillingDate": "2022-03-02", "acceptedDate": "2022-03-02 16:04:38", "calendarYear": "2021", "period": "FY", "revenue": 3079582000, "costOfRevenue": 2130796000, "grossProfit": 948786000, "grossProfitRatio": 0.3080892147, "researchAndDevelopmentExpenses": 0, "generalAndAdministrativeExpenses": 791333000, "sellingAndMarketingExpenses": 32600000, "sellingGeneralAndAdministrativeExpenses": 791333000, "otherExpenses": 68358000, "operatingExpenses": 859691000, "costAndExpenses": 2990487000, "interestIncome": 1321000, "interestExpense": 15564000, "depreciationAndAmortization": 71124000, "ebitda": 160219000, "ebitdaratio": 0.0520262165, "operatingIncome": 89095000, "operatingIncomeRatio": 0.0289308744, "totalOtherIncomeExpensesNet": -11594000, "incomeBeforeTax": 77501000, "incomeBeforeTaxRatio": 0.0251660777, "incomeTaxExpense": 15191000, "netIncome": 62310000, "netIncomeRatio": 0.0202332654, "eps": 0.65, "epsdiluted": 0.63, "weightedAverageShsOut": 95725000, "weightedAverageShsOutDil": 99418000, "link": "https://www.sec.gov/Archives/edgar/data/1771515/000177151522000011/0001771515-22-000011-index.htm", "finalLink": "https://www.sec.gov/Archives/edgar/data/1771515/000177151522000011/go-20220101.htm", "calculatedOtherExpenses": 68358000, "calculatedOperatingExpenses": 859691000, "calculatedNetInterest": -14243000, "calculatedOtherIncome": 2649000, "calculatedIncomeNonControlling": 0, "calculatedEbitda": 160219000}, {"date": "2020-12-31", "symbol": "GO", "reportedCurrency": "USD", "cik": "0001771515", "fillingDate": "2021-03-02", "acceptedDate": "2021-03-02 17:01:07", "calendarYear": "2020", "period": "FY", "revenue": 3134640000, "costOfRevenue": 2161293000, "grossProfit": 973347000, "grossProfitRatio": 0.310513169, "researchAndDevelopmentExpenses": 0, "generalAndAdministrativeExpenses": 810493000, "sellingAndMarketingExpenses": 25900000, "sellingGeneralAndAdministrativeExpenses": 810493000, "otherExpenses": 55479000, "operatingExpenses": 865972000, "costAndExpenses": 3027265000, "interestIncome": 1767000, "interestExpense": 20043000, "depreciationAndAmortization": 58051000, "ebitda": 165426000, "ebitdaratio": 0.0527735242, "operatingIncome": 107375000, "operatingIncomeRatio": 0.0342543322, "totalOtherIncomeExpensesNet": -20241000, "incomeBeforeTax": 87134000, "incomeBeforeTaxRatio": 0.0277971314, "incomeTaxExpense": -19579000, "netIncome": 106713000, "netIncomeRatio": 0.0340431437, "eps": 1.16, "epsdiluted": 1.08, "weightedAverageShsOut": 91818000, "weightedAverageShsOutDil": 98452000, "link": "https://www.sec.gov/Archives/edgar/data/1771515/000177151521000009/0001771515-21-000009-index.htm", "finalLink": "https://www.sec.gov/Archives/edgar/data/1771515/000177151521000009/go-20210102.htm", "calculatedOtherExpenses": 55479000, "calculatedOperatingExpenses": 865972000, "calculatedNetInterest": -18276000, "calculatedOtherIncome": -1965000, "calculatedIncomeNonControlling": 0, "calculatedEbitda": 165426000}, {"date": "2019-12-28", "symbol": "GO", "reportedCurrency": "USD", "cik": "0001771515", "fillingDate": "2020-03-25", "acceptedDate": "2020-03-25 16:53:22", "calendarYear": "2019", "period": "FY", "revenue": 2559617000, "costOfRevenue": 1772515000, "grossProfit": 787102000, "grossProfitRatio": 0.3075077248, "researchAndDevelopmentExpenses": 0, "generalAndAdministrativeExpenses": 670876000, "sellingAndMarketingExpenses": 26200000, "sellingGeneralAndAdministrativeExpenses": 670876000, "otherExpenses": 47883000, "operatingExpenses": 718759000, "costAndExpenses": 2491274000, "interestIncome": 2013000, "interestExpense": 45927000, "depreciationAndAmortization": 50143000, "ebitda": 118486000, "ebitdaratio": 0.0462905192, "operatingIncome": 68343000, "operatingIncomeRatio": 0.026700479, "totalOtherIncomeExpensesNet": -51561000, "incomeBeforeTax": 16782000, "incomeBeforeTaxRatio": 0.0065564497, "incomeTaxExpense": 1363000, "netIncome": 15419000, "netIncomeRatio": 0.0060239481, "eps": 0.2, "epsdiluted": 0.19, "weightedAverageShsOut": 79044000, "weightedAverageShsOutDil": 81863000, "link": "https://www.sec.gov/Archives/edgar/data/1771515/000177151520000005/0001771515-20-000005-index.htm", "finalLink": "https://www.sec.gov/Archives/edgar/data/1771515/000177151520000005/go-20191228.htm", "calculatedOtherExpenses": 47883000, "calculatedOperatingExpenses": 718759000, "calculatedNetInterest": -43914000, "calculatedOtherIncome": -7647000, "calculatedIncomeNonControlling": 0, "calculatedEbitda": 118486000}, {"date": "2018-12-31", "symbol": "GO", "reportedCurrency": "USD", "cik": "0001771515", "fillingDate": "2018-12-31", "acceptedDate": "2018-12-30 19:00:00", "calendarYear": "2018", "period": "FY", "revenue": 2287660000, "costOfRevenue": 1592263000, "grossProfit": 695397000, "grossProfitRatio": 0.3039774267, "researchAndDevelopmentExpenses": 0, "generalAndAdministrativeExpenses": 567509000, "sellingAndMarketingExpenses": 0, "sellingGeneralAndAdministrativeExpenses": 567509000, "otherExpenses": 45421000, "operatingExpenses": 612930000, "costAndExpenses": 2205193000, "interestIncome": 1350000, "interestExpense": 52688000, "depreciationAndAmortization": 47057000, "ebitda": 126850000, "ebitdaratio": 0.0554496735, "operatingIncome": 82467000, "operatingIncomeRatio": 0.0360486261, "totalOtherIncomeExpensesNet": -5253000, "incomeBeforeTax": 21852000, "incomeBeforeTaxRatio": 0.0095521188, "incomeTaxExpense": 5984000, "netIncome": 15868000, "netIncomeRatio": 0.0069363454, "eps": 0.21, "epsdiluted": 0.21, "weightedAverageShsOut": 74189000, "weightedAverageShsOutDil": 74228000, "link": "", "finalLink": "", "calculatedOtherExpenses": 45421000, "calculatedOperatingExpenses": 612930000, "calculatedNetInterest": -51338000, "calculatedOtherIncome": -9277000, "calculatedIncomeNonControlling": 0, "calculatedEbitda": 129524000}, {"date": "2017-12-31", "symbol": "GO", "reportedCurrency": "USD", "cik": "0001771515", "fillingDate": "2017-12-31", "acceptedDate": "2017-12-30 19:00:00", "calendarYear": "2017", "period": "FY", "revenue": 2075465000, "costOfRevenue": 1443582000, "grossProfit": 631883000, "grossProfitRatio": 0.3044537007, "researchAndDevelopmentExpenses": 0, "generalAndAdministrativeExpenses": 511795000, "sellingAndMarketingExpenses": 0, "sellingGeneralAndAdministrativeExpenses": 511795000, "otherExpenses": 0, "operatingExpenses": 554947000, "costAndExpenses": 1998529000, "interestIncome": 1131000, "interestExpense": 46387000, "depreciationAndAmortization": 43156000, "ebitda": 116781000, "ebitdaratio": 0.0562673907, "operatingIncome": 76936000, "operatingIncomeRatio": 0.0370692833, "totalOtherIncomeExpensesNet": -1466000, "incomeBeforeTax": 25772000, "incomeBeforeTaxRatio": 0.0124174583, "incomeTaxExpense": 5171000, "netIncome": 20601000, "netIncomeRatio": 0.0099259684, "eps": 0.28, "epsdiluted": 0.28, "weightedAverageShsOut": 74189000, "weightedAverageShsOutDil": 74228000, "link": null, "finalLink": null, "calculatedOtherExpenses": 43152000, "calculatedOperatingExpenses": 554947000, "calculatedNetInterest": -45256000, "calculatedOtherIncome": -5908000, "calculatedIncomeNonControlling": 0, "calculatedEbitda": 120092000}, {"date": "2016-12-31", "symbol": "GO", "reportedCurrency": "USD", "cik": "0001771515", "fillingDate": "2016-12-31", "acceptedDate": "2016-12-30 19:00:00", "calendarYear": "2016", "period": "FY", "revenue": 1831531000, "costOfRevenue": 1270354000, "grossProfit": 561177000, "grossProfitRatio": 0.3063977623, "researchAndDevelopmentExpenses": 0, "generalAndAdministrativeExpenses": 459956000, "sellingAndMarketingExpenses": 0, "sellingGeneralAndAdministrativeExpenses": 459956000, "otherExpenses": 0, "operatingExpenses": 497108000, "costAndExpenses": 1767462000, "interestIncome": 961000, "interestExpense": 43807000, "depreciationAndAmortization": 37152000, "ebitda": 97881000, "ebitdaratio": 0.0534421749, "operatingIncome": 64069000, "operatingIncomeRatio": 0.0349811169, "totalOtherIncomeExpensesNet": -47147000, "incomeBeforeTax": 16922000, "incomeBeforeTaxRatio": 0.0092392649, "incomeTaxExpense": 6724000, "netIncome": 10198000, "netIncomeRatio": 0.0055680193, "eps": 0.14, "epsdiluted": 0.14, "weightedAverageShsOut": 74148000, "weightedAverageShsOutDil": 74221000, "link": null, "finalLink": null, "calculatedOtherExpenses": 37152000, "calculatedOperatingExpenses": 497108000, "calculatedNetInterest": -42846000, "calculatedOtherIncome": -4301000, "calculatedIncomeNonControlling": 0, "calculatedEbitda": 101221000}]}