{"originalCurrency": "USD", "convertedCurrency": "USD", "report": [{"date": "2023-12-31", "symbol": "GOLD", "reportedCurrency": "USD", "cik": "0000756894", "fillingDate": "2023-12-31", "acceptedDate": "2023-12-29 19:00:00", "calendarYear": "2023", "period": "FY", "revenue": 11397000000, "costOfRevenue": 7932000000, "grossProfit": 3465000000, "grossProfitRatio": 0.3040273756, "researchAndDevelopmentExpenses": 10000000, "generalAndAdministrativeExpenses": 126000000, "sellingAndMarketingExpenses": 10000000, "sellingGeneralAndAdministrativeExpenses": 487000000, "otherExpenses": -66192020, "operatingExpenses": 590000000, "costAndExpenses": 8522000000, "interestIncome": 295318256, "interestExpense": 403262170, "depreciationAndAmortization": 2381000000, "ebitda": 4850000000, "ebitdaratio": 0.4255505835, "operatingIncome": 2469000000, "operatingIncomeRatio": 0.2166359568, "totalOtherIncomeExpensesNet": 345000000, "incomeBeforeTax": 2814000000, "incomeBeforeTaxRatio": 0.2469070808, "incomeTaxExpense": 861000000, "netIncome": 1272000000, "netIncomeRatio": 0.111608318, "eps": 0.74, "epsdiluted": 0.74, "weightedAverageShsOut": 1755000000, "weightedAverageShsOutDil": 1755000000, "link": null, "finalLink": null, "calculatedOtherExpenses": 499000000, "calculatedOperatingExpenses": 996000000, "calculatedNetInterest": -107943914, "calculatedOtherIncome": 452943914, "calculatedIncomeNonControlling": 681000000, "calculatedEbitda": 4850000000}, {"date": "2022-12-31", "symbol": "GOLD", "reportedCurrency": "USD", "cik": "0000756894", "fillingDate": "2022-12-31", "acceptedDate": "2022-12-30 19:00:00", "calendarYear": "2022", "period": "FY", "revenue": 11013000000, "costOfRevenue": 7497000000, "grossProfit": 3516000000, "grossProfitRatio": 0.3192590575, "researchAndDevelopmentExpenses": 15000000, "generalAndAdministrativeExpenses": 159000000, "sellingAndMarketingExpenses": 15000000, "sellingGeneralAndAdministrativeExpenses": 159000000, "otherExpenses": 318000000, "operatingExpenses": 492000000, "costAndExpenses": 7989000000, "interestIncome": 111000000, "interestExpense": 341000000, "depreciationAndAmortization": 1997000000, "ebitda": 5359000000, "ebitdaratio": 0.4866067375, "operatingIncome": 3362000000, "operatingIncomeRatio": 0.3052755834, "totalOtherIncomeExpensesNet": -1703000000, "incomeBeforeTax": 1681000000, "incomeBeforeTaxRatio": 0.1526377917, "incomeTaxExpense": 664000000, "netIncome": 432000000, "netIncomeRatio": 0.0392263688, "eps": 0.23, "epsdiluted": 0.23, "weightedAverageShsOut": 1771000000, "weightedAverageShsOutDil": 1771000000, "link": "", "finalLink": "", "calculatedOtherExpenses": -20000000, "calculatedOperatingExpenses": 154000000, "calculatedNetInterest": -230000000, "calculatedOtherIncome": -1451000000, "calculatedIncomeNonControlling": 585000000, "calculatedEbitda": 5359000000}, {"date": "2021-12-31", "symbol": "GOLD", "reportedCurrency": "USD", "cik": "0000756894", "fillingDate": "2021-12-31", "acceptedDate": "2021-12-31 00:00:00", "calendarYear": "2021", "period": "FY", "revenue": 11985000000, "costOfRevenue": 7089000000, "grossProfit": 4896000000, "grossProfitRatio": 0.4085106383, "researchAndDevelopmentExpenses": 16000000, "generalAndAdministrativeExpenses": 151000000, "sellingAndMarketingExpenses": 16000000, "sellingGeneralAndAdministrativeExpenses": 151000000, "otherExpenses": 388000000, "operatingExpenses": 555000000, "costAndExpenses": 7644000000, "interestIncome": 58000000, "interestExpense": 346000000, "depreciationAndAmortization": 2102000000, "ebitda": 6925000000, "ebitdaratio": 0.5778055903, "operatingIncome": 4823000000, "operatingIncomeRatio": 0.4024196913, "totalOtherIncomeExpensesNet": -191000000, "incomeBeforeTax": 4632000000, "incomeBeforeTaxRatio": 0.3864831039, "incomeTaxExpense": 1344000000, "netIncome": 3288000000, "netIncomeRatio": 0.2743429287, "eps": 1.85, "epsdiluted": 1.85, "weightedAverageShsOut": 1779000000, "weightedAverageShsOutDil": 1779000000, "link": null, "finalLink": null, "calculatedOtherExpenses": -94000000, "calculatedOperatingExpenses": 73000000, "calculatedNetInterest": -288000000, "calculatedOtherIncome": 97000000, "calculatedIncomeNonControlling": 0, "calculatedEbitda": 6925000000}, {"date": "2020-12-31", "symbol": "GOLD", "reportedCurrency": "USD", "cik": "0000756894", "fillingDate": "2020-12-31", "acceptedDate": "2020-12-31 00:00:00", "calendarYear": "2020", "period": "FY", "revenue": 12595000000, "costOfRevenue": 7417000000, "grossProfit": 5178000000, "grossProfitRatio": 0.411115522, "researchAndDevelopmentExpenses": 9000000, "generalAndAdministrativeExpenses": 185000000, "sellingAndMarketingExpenses": 9000000, "sellingGeneralAndAdministrativeExpenses": 185000000, "otherExpenses": 484000000, "operatingExpenses": 669000000, "costAndExpenses": 8086000000, "interestIncome": 50000000, "interestExpense": 323000000, "depreciationAndAmortization": 2208000000, "ebitda": 7111000000, "ebitdaratio": 0.5645891227, "operatingIncome": 4903000000, "operatingIncomeRatio": 0.3892814609, "totalOtherIncomeExpensesNet": 43000000, "incomeBeforeTax": 4946000000, "incomeBeforeTaxRatio": 0.3926955141, "incomeTaxExpense": 1332000000, "netIncome": 3614000000, "netIncomeRatio": 0.2869392616, "eps": 2.03, "epsdiluted": 2.03, "weightedAverageShsOut": 1778000000, "weightedAverageShsOutDil": 1778000000, "link": null, "finalLink": null, "calculatedOtherExpenses": 81000000, "calculatedOperatingExpenses": 275000000, "calculatedNetInterest": -273000000, "calculatedOtherIncome": 316000000, "calculatedIncomeNonControlling": 0, "calculatedEbitda": 7111000000}, {"date": "2019-12-31", "symbol": "GOLD", "reportedCurrency": "USD", "cik": "0000756894", "fillingDate": "2019-12-31", "acceptedDate": "2019-12-31 00:00:00", "calendarYear": "2019", "period": "FY", "revenue": 9717000000, "costOfRevenue": 6911000000, "grossProfit": 2806000000, "grossProfitRatio": 0.2887722548, "researchAndDevelopmentExpenses": 1000000, "generalAndAdministrativeExpenses": 212000000, "sellingAndMarketingExpenses": 7000000, "sellingGeneralAndAdministrativeExpenses": 212000000, "otherExpenses": 188000000, "operatingExpenses": 400000000, "costAndExpenses": 7311000000, "interestIncome": 52000000, "interestExpense": 427000000, "depreciationAndAmortization": 2032000000, "ebitda": 7105000000, "ebitdaratio": 0.731192755, "operatingIncome": 5073000000, "operatingIncomeRatio": 0.5220747144, "totalOtherIncomeExpensesNet": 1284000000, "incomeBeforeTax": 6357000000, "incomeBeforeTaxRatio": 0.6542142637, "incomeTaxExpense": 1783000000, "netIncome": 3969000000, "netIncomeRatio": 0.408459401, "eps": 2.31, "epsdiluted": 2.31, "weightedAverageShsOut": 1758000000, "weightedAverageShsOutDil": 1758000000, "link": null, "finalLink": null, "calculatedOtherExpenses": -2480000000, "calculatedOperatingExpenses": -2267000000, "calculatedNetInterest": -375000000, "calculatedOtherIncome": 1659000000, "calculatedIncomeNonControlling": 605000000, "calculatedEbitda": 7105000000}, {"date": "2018-12-31", "symbol": "GOLD", "reportedCurrency": "USD", "cik": "0000756894", "fillingDate": "2019-03-22", "acceptedDate": "2019-03-22 17:25:43", "calendarYear": "2018", "period": "FY", "revenue": 7243000000, "costOfRevenue": 5220000000, "grossProfit": 2023000000, "grossProfitRatio": 0.2793041557, "researchAndDevelopmentExpenses": 1000000, "generalAndAdministrativeExpenses": 278000000, "sellingAndMarketingExpenses": 23000000, "sellingGeneralAndAdministrativeExpenses": 278000000, "otherExpenses": -50000000, "operatingExpenses": 735000000, "costAndExpenses": 5955000000, "interestIncome": 37000000, "interestExpense": 443000000, "depreciationAndAmortization": 1457000000, "ebitda": 2755000000, "ebitdaratio": 0.3803672511, "operatingIncome": 1288000000, "operatingIncomeRatio": 0.1778268673, "totalOtherIncomeExpensesNet": -1096000000, "incomeBeforeTax": -237000000, "incomeBeforeTaxRatio": -0.0327212481, "incomeTaxExpense": 1198000000, "netIncome": -1545000000, "netIncomeRatio": -0.2133094022, "eps": -1.32, "epsdiluted": -1.32, "weightedAverageShsOut": 1167000000, "weightedAverageShsOutDil": 1167000000, "link": "https://www.sec.gov/Archives/edgar/data/756894/000119312519083744/0001193125-19-083744-index.html", "finalLink": "https://www.sec.gov/Archives/edgar/data/756894/000119312519083744/d695547d40f.htm", "calculatedOtherExpenses": 456000000, "calculatedOperatingExpenses": 735000000, "calculatedNetInterest": -406000000, "calculatedOtherIncome": -1119000000, "calculatedIncomeNonControlling": 110000000, "calculatedEbitda": 2745000000}, {"date": "2017-12-31", "symbol": "GOLD", "reportedCurrency": "USD", "cik": "0000756894", "fillingDate": "2018-03-26", "acceptedDate": "2018-03-23 17:39:28", "calendarYear": "2017", "period": "FY", "revenue": 8374000000, "costOfRevenue": 5300000000, "grossProfit": 3074000000, "grossProfitRatio": 0.3670886076, "researchAndDevelopmentExpenses": 0, "generalAndAdministrativeExpenses": 248000000, "sellingAndMarketingExpenses": 13000000, "sellingGeneralAndAdministrativeExpenses": 248000000, "otherExpenses": -54000000, "operatingExpenses": 724000000, "costAndExpenses": 6024000000, "interestIncome": 14000000, "interestExpense": 512000000, "depreciationAndAmortization": 1647000000, "ebitda": 4005000000, "ebitdaratio": 0.4782660616, "operatingIncome": 2350000000, "operatingIncomeRatio": 0.280630523, "totalOtherIncomeExpensesNet": 923000000, "incomeBeforeTax": 2747000000, "incomeBeforeTaxRatio": 0.3280391689, "incomeTaxExpense": 1231000000, "netIncome": 1438000000, "netIncomeRatio": 0.1717219967, "eps": 1.23, "epsdiluted": 1.23, "weightedAverageShsOut": 1166000000, "weightedAverageShsOutDil": 1166000000, "link": "https://www.sec.gov/Archives/edgar/data/756894/000119312518094424/0001193125-18-094424-index.html", "finalLink": "https://www.sec.gov/Archives/edgar/data/756894/000119312518094424/d441945d40f.htm", "calculatedOtherExpenses": 476000000, "calculatedOperatingExpenses": 724000000, "calculatedNetInterest": -498000000, "calculatedOtherIncome": 895000000, "calculatedIncomeNonControlling": 78000000, "calculatedEbitda": 3997000000}, {"date": "2016-12-31", "symbol": "GOLD", "reportedCurrency": "USD", "cik": "0000756894", "fillingDate": "2017-03-24", "acceptedDate": "2017-03-24 17:30:23", "calendarYear": "2016", "period": "FY", "revenue": 8558000000, "costOfRevenue": 5405000000, "grossProfit": 3153000000, "grossProfitRatio": 0.3684272026, "researchAndDevelopmentExpenses": 0, "generalAndAdministrativeExpenses": 268000000, "sellingAndMarketingExpenses": 14000000, "sellingGeneralAndAdministrativeExpenses": 268000000, "otherExpenses": 14000000, "operatingExpenses": 685000000, "costAndExpenses": 6090000000, "interestIncome": 13000000, "interestExpense": 593000000, "depreciationAndAmortization": 1574000000, "ebitda": 4052000000, "ebitdaratio": 0.473475111, "operatingIncome": 2468000000, "operatingIncomeRatio": 0.2883851367, "totalOtherIncomeExpensesNet": -73000000, "incomeBeforeTax": 1778000000, "incomeBeforeTaxRatio": 0.2077588222, "incomeTaxExpense": 917000000, "netIncome": 655000000, "netIncomeRatio": 0.076536574, "eps": 0.56, "epsdiluted": 0.56, "weightedAverageShsOut": 1165000000, "weightedAverageShsOutDil": 1165000000, "link": "https://www.sec.gov/Archives/edgar/data/756894/000119312517095834/0001193125-17-095834-index.html", "finalLink": "https://www.sec.gov/Archives/edgar/data/756894/000119312517095834/d334629d40f.htm", "calculatedOtherExpenses": 417000000, "calculatedOperatingExpenses": 685000000, "calculatedNetInterest": -580000000, "calculatedOtherIncome": -110000000, "calculatedIncomeNonControlling": 206000000, "calculatedEbitda": 4042000000}, {"date": "2015-12-31", "symbol": "GOLD", "reportedCurrency": "USD", "cik": "0000756894", "fillingDate": "2016-03-28", "acceptedDate": "2016-03-28 08:09:43", "calendarYear": "2015", "period": "FY", "revenue": 9029000000, "costOfRevenue": 6907000000, "grossProfit": 2122000000, "grossProfitRatio": 0.2350204895, "researchAndDevelopmentExpenses": 0, "generalAndAdministrativeExpenses": 248000000, "sellingAndMarketingExpenses": 0, "sellingGeneralAndAdministrativeExpenses": 248000000, "otherExpenses": -29000000, "operatingExpenses": 606000000, "costAndExpenses": 7513000000, "interestIncome": 13000000, "interestExpense": 723000000, "depreciationAndAmortization": 1771000000, "ebitda": 3163000000, "ebitdaratio": 0.3503156496, "operatingIncome": 1516000000, "operatingIncomeRatio": 0.1679034223, "totalOtherIncomeExpensesNet": -3849000000, "incomeBeforeTax": -3144000000, "incomeBeforeTaxRatio": -0.3482113191, "incomeTaxExpense": -31000000, "netIncome": -2838000000, "netIncomeRatio": -0.3143205228, "eps": -2.44, "epsdiluted": -2.44, "weightedAverageShsOut": 1163114754, "weightedAverageShsOutDil": 1165000000, "link": "https://www.sec.gov/Archives/edgar/data/756894/000119312516518731/0001193125-16-518731-index.html", "finalLink": "https://www.sec.gov/Archives/edgar/data/756894/000119312516518731/d139103d40f.htm", "calculatedOtherExpenses": 358000000, "calculatedOperatingExpenses": 606000000, "calculatedNetInterest": -710000000, "calculatedOtherIncome": -3950000000, "calculatedIncomeNonControlling": -275000000, "calculatedEbitda": 3287000000}, {"date": "2014-12-31", "symbol": "GOLD", "reportedCurrency": "USD", "cik": "0000756894", "fillingDate": "2014-12-31", "acceptedDate": "2014-12-30 19:00:00", "calendarYear": "2014", "period": "FY", "revenue": 10239000000, "costOfRevenue": 6830000000, "grossProfit": 3409000000, "grossProfitRatio": 0.3329426702, "researchAndDevelopmentExpenses": 0, "generalAndAdministrativeExpenses": 419000000, "sellingAndMarketingExpenses": 0, "sellingGeneralAndAdministrativeExpenses": 419000000, "otherExpenses": 9000000, "operatingExpenses": 894000000, "costAndExpenses": 7724000000, "interestIncome": 25000000, "interestExpense": 702000000, "depreciationAndAmortization": 1648000000, "ebitda": 4085000000, "ebitdaratio": 0.3989647427, "operatingIncome": 2515000000, "operatingIncomeRatio": 0.245629456, "totalOtherIncomeExpensesNet": -4379000000, "incomeBeforeTax": -2653000000, "incomeBeforeTaxRatio": -0.2591073347, "incomeTaxExpense": 306000000, "netIncome": -2907000000, "netIncomeRatio": -0.2839144448, "eps": -2.5, "epsdiluted": -2.5, "weightedAverageShsOut": 1162800000, "weightedAverageShsOutDil": 1165000000, "link": "", "finalLink": "", "calculatedOtherExpenses": 475000000, "calculatedOperatingExpenses": 894000000, "calculatedNetInterest": -677000000, "calculatedOtherIncome": -4491000000, "calculatedIncomeNonControlling": -52000000, "calculatedEbitda": 4163000000}, {"date": "2013-12-31", "symbol": "GOLD", "reportedCurrency": "USD", "cik": "0000756894", "fillingDate": "2013-12-31", "acceptedDate": "2013-12-30 19:00:00", "calendarYear": "2013", "period": "FY", "revenue": 12511000000, "costOfRevenue": 7243000000, "grossProfit": 5268000000, "grossProfitRatio": 0.4210694589, "researchAndDevelopmentExpenses": 0, "generalAndAdministrativeExpenses": 400000000, "sellingAndMarketingExpenses": 0, "sellingGeneralAndAdministrativeExpenses": 400000000, "otherExpenses": -251000000, "operatingExpenses": 825000000, "costAndExpenses": 8068000000, "interestIncome": 9000000, "interestExpense": 478000000, "depreciationAndAmortization": 1732000000, "ebitda": 5843000000, "ebitdaratio": 0.4670290145, "operatingIncome": 4443000000, "operatingIncomeRatio": 0.3551274878, "totalOtherIncomeExpensesNet": -13351000000, "incomeBeforeTax": -9467000000, "incomeBeforeTaxRatio": -0.7566941092, "incomeTaxExpense": 630000000, "netIncome": -10366000000, "netIncomeRatio": -0.8285508752, "eps": -10.15, "epsdiluted": -10.14, "weightedAverageShsOut": 1021761658, "weightedAverageShsOutDil": 1022000000, "link": "", "finalLink": "", "calculatedOtherExpenses": 425000000, "calculatedOperatingExpenses": 825000000, "calculatedNetInterest": -469000000, "calculatedOtherIncome": -13441000000, "calculatedIncomeNonControlling": 269000000, "calculatedEbitda": 6175000000}, {"date": "2012-12-31", "symbol": "GOLD", "reportedCurrency": "USD", "cik": "0000756894", "fillingDate": "2013-03-28", "acceptedDate": "2013-03-28 15:01:29", "calendarYear": "2012", "period": "FY", "revenue": 14547000000, "costOfRevenue": 7654000000, "grossProfit": 6893000000, "grossProfitRatio": 0.4738434041, "researchAndDevelopmentExpenses": 0, "generalAndAdministrativeExpenses": 431000000, "sellingAndMarketingExpenses": 0, "sellingGeneralAndAdministrativeExpenses": 431000000, "otherExpenses": -215000000, "operatingExpenses": 899000000, "costAndExpenses": 8553000000, "interestIncome": 11000000, "interestExpense": 109000000, "depreciationAndAmortization": 1722000000, "ebitda": 7431000000, "ebitdaratio": 0.5108269746, "operatingIncome": 5994000000, "operatingIncomeRatio": 0.4120437204, "totalOtherIncomeExpensesNet": -6741000000, "incomeBeforeTax": -913000000, "incomeBeforeTaxRatio": -0.0627620815, "incomeTaxExpense": -236000000, "netIncome": -665000000, "netIncomeRatio": -0.0457138929, "eps": -0.66, "epsdiluted": -0.66, "weightedAverageShsOut": 1001000000, "weightedAverageShsOutDil": 1001000000, "link": "https://www.sec.gov/Archives/edgar/data/756894/000119312513131918/0001193125-13-131918-index.html", "finalLink": "https://www.sec.gov/Archives/edgar/data/756894/000119312513131918/d502385d40f.htm", "calculatedOtherExpenses": 468000000, "calculatedOperatingExpenses": 899000000, "calculatedNetInterest": -98000000, "calculatedOtherIncome": -6809000000, "calculatedIncomeNonControlling": -12000000, "calculatedEbitda": 7716000000}, {"date": "2011-12-31", "symbol": "GOLD", "reportedCurrency": "USD", "cik": "0000756894", "fillingDate": "2012-03-28", "acceptedDate": "2012-03-28 17:12:41", "calendarYear": "2011", "period": "FY", "revenue": 14312000000, "costOfRevenue": 6662000000, "grossProfit": 7650000000, "grossProfitRatio": 0.5345164897, "researchAndDevelopmentExpenses": 0, "generalAndAdministrativeExpenses": 371000000, "sellingAndMarketingExpenses": -205000000, "sellingGeneralAndAdministrativeExpenses": 166000000, "otherExpenses": 346000000, "operatingExpenses": 742000000, "costAndExpenses": 7404000000, "interestIncome": 13000000, "interestExpense": 199000000, "depreciationAndAmortization": 1419000000, "ebitda": 8677000000, "ebitdaratio": 0.606274455, "operatingIncome": 7279000000, "operatingIncomeRatio": 0.5085941867, "totalOtherIncomeExpensesNet": -227000000, "incomeBeforeTax": 6824000000, "incomeBeforeTaxRatio": 0.4768026831, "incomeTaxExpense": 2287000000, "netIncome": 4484000000, "netIncomeRatio": 0.3133035215, "eps": 4.49, "epsdiluted": 4.48, "weightedAverageShsOut": 999000000, "weightedAverageShsOutDil": 1001000000, "link": "https://www.sec.gov/Archives/edgar/data/756894/000119312512137603/0001193125-12-137603-index.html", "finalLink": "https://www.sec.gov/Archives/edgar/data/756894/000119312512137603/d320681d40f.htm", "calculatedOtherExpenses": 205000000, "calculatedOperatingExpenses": 371000000, "calculatedNetInterest": -186000000, "calculatedOtherIncome": -269000000, "calculatedIncomeNonControlling": 53000000, "calculatedEbitda": 8698000000}, {"date": "2010-12-31", "symbol": "GOLD", "reportedCurrency": "USD", "cik": "0000756894", "fillingDate": "2011-03-31", "acceptedDate": "2011-03-31 15:55:26", "calendarYear": "2010", "period": "FY", "revenue": 10924000000, "costOfRevenue": 4201000000, "grossProfit": 6723000000, "grossProfitRatio": 0.615433907, "researchAndDevelopmentExpenses": 153000000, "generalAndAdministrativeExpenses": 160000000, "sellingAndMarketingExpenses": 0, "sellingGeneralAndAdministrativeExpenses": 160000000, "otherExpenses": 1376000000, "operatingExpenses": 1689000000, "costAndExpenses": 5890000000, "interestIncome": 14000000, "interestExpense": 121000000, "depreciationAndAmortization": 1196000000, "ebitda": 6222000000, "ebitdaratio": 0.5695715855, "operatingIncome": 5034000000, "operatingIncomeRatio": 0.4608202124, "totalOtherIncomeExpensesNet": -318000000, "incomeBeforeTax": 4587000000, "incomeBeforeTaxRatio": 0.4199011351, "incomeTaxExpense": 1370000000, "netIncome": 3274000000, "netIncomeRatio": 0.299707067, "eps": 3.32, "epsdiluted": 3.28, "weightedAverageShsOut": 987000000, "weightedAverageShsOutDil": 987000000, "link": "https://www.sec.gov/Archives/edgar/data/756894/000110465911017950/0001104659-11-017950-index.html", "finalLink": "https://www.sec.gov/Archives/edgar/data/756894/000110465911017950/a10-24327_140f.htm", "calculatedOtherExpenses": 1376000000, "calculatedOperatingExpenses": 1689000000, "calculatedNetInterest": -107000000, "calculatedOtherIncome": -340000000, "calculatedIncomeNonControlling": -57000000, "calculatedEbitda": 6230000000}, {"date": "2009-12-31", "symbol": "GOLD", "reportedCurrency": "USD", "cik": "0000756894", "fillingDate": "2010-03-29", "acceptedDate": "2010-03-29 17:06:41", "calendarYear": "2009", "period": "FY", "revenue": 8136000000, "costOfRevenue": 3948000000, "grossProfit": 4188000000, "grossProfitRatio": 0.5147492625, "researchAndDevelopmentExpenses": 85000000, "generalAndAdministrativeExpenses": 180000000, "sellingAndMarketingExpenses": -9000000, "sellingGeneralAndAdministrativeExpenses": 171000000, "otherExpenses": 1214000000, "operatingExpenses": 7605000000, "costAndExpenses": 11553000000, "interestIncome": 10000000, "interestExpense": 57000000, "depreciationAndAmortization": 1073000000, "ebitda": -2334000000, "ebitdaratio": -0.2868731563, "operatingIncome": 2836000000, "operatingIncomeRatio": 0.348574238, "totalOtherIncomeExpensesNet": -166000000, "incomeBeforeTax": -3630000000, "incomeBeforeTaxRatio": -0.4461651917, "incomeTaxExpense": 648000000, "netIncome": -4274000000, "netIncomeRatio": -0.5253195674, "eps": -4.73, "epsdiluted": -4.73, "weightedAverageShsOut": 903000000, "weightedAverageShsOutDil": 903000000, "link": "https://www.sec.gov/Archives/edgar/data/756894/000110465910017012/0001104659-10-017012-index.html", "finalLink": "https://www.sec.gov/Archives/edgar/data/756894/000110465910017012/a10-4461_140f.htm", "calculatedOtherExpenses": 1096000000, "calculatedOperatingExpenses": 1352000000, "calculatedNetInterest": -47000000, "calculatedOtherIncome": -6419000000, "calculatedIncomeNonControlling": -4000000, "calculatedEbitda": 3909000000}, {"date": "2008-12-31", "symbol": "GOLD", "reportedCurrency": "USD", "cik": "0000756894", "fillingDate": "2009-01-29", "acceptedDate": "2009-01-29 16:12:35", "calendarYear": "2008", "period": "FY", "revenue": 7913029155, "costOfRevenue": 4091582935, "grossProfit": 3821446220, "grossProfitRatio": 0.482930891, "researchAndDevelopmentExpenses": 0, "generalAndAdministrativeExpenses": 0, "sellingAndMarketingExpenses": 0, "sellingGeneralAndAdministrativeExpenses": 691813540, "otherExpenses": 1032778785, "operatingExpenses": 1724592325, "costAndExpenses": 5816175260, "interestIncome": 0, "interestExpense": 0, "depreciationAndAmortization": 1032778784, "ebitda": 3792620654, "ebitdaratio": 0.4792880931, "operatingIncome": 2096853895, "operatingIncomeRatio": 0.2649875103, "totalOtherIncomeExpensesNet": -727227804, "incomeBeforeTax": 1451161258, "incomeBeforeTaxRatio": 0.1833888426, "incomeTaxExpense": 589688684, "netIncome": 784878933, "netIncomeRatio": 0.0991881766, "eps": 0.9, "epsdiluted": 0.89, "weightedAverageShsOut": 872000000, "weightedAverageShsOutDil": 872000000, "link": "https://www.sec.gov/Archives/edgar/data/1206942/000110465909005019/0001104659-09-005019-index.html", "finalLink": "https://www.sec.gov/Archives/edgar/data/1206942/000110465909005019/a09-3996_110k.htm", "calculatedOtherExpenses": 1032778785, "calculatedOperatingExpenses": 1724592325, "calculatedNetInterest": 0, "calculatedOtherIncome": -645692637, "calculatedIncomeNonControlling": 76593641, "calculatedEbitda": 3129632679}, {"date": "2007-12-31", "symbol": "GOLD", "reportedCurrency": "USD", "cik": "0000756894", "fillingDate": "2008-03-28", "acceptedDate": "2008-03-27 20:00:00", "calendarYear": "2007", "period": "FY", "revenue": 6332695600, "costOfRevenue": 3363206122, "grossProfit": 2969489478, "grossProfitRatio": 0.4689139769, "researchAndDevelopmentExpenses": 0, "generalAndAdministrativeExpenses": 0, "sellingAndMarketingExpenses": 0, "sellingGeneralAndAdministrativeExpenses": 550800524, "otherExpenses": 1003927097, "operatingExpenses": 1554727621, "costAndExpenses": 4917933743, "interestIncome": 0, "interestExpense": 0, "depreciationAndAmortization": 1009968785, "ebitda": 2387473569, "ebitdaratio": 0.3770074736, "operatingIncome": 1414761857, "operatingIncomeRatio": 0.2234059469, "totalOtherIncomeExpensesNet": -6041688, "incomeBeforeTax": 1480213473, "incomeBeforeTaxRatio": 0.2337414533, "incomeTaxExpense": 341355352, "netIncome": 1118719162, "netIncomeRatio": 0.1766576562, "eps": 1.29, "epsdiluted": 1.28, "weightedAverageShsOut": 867000000, "weightedAverageShsOutDil": 879000000, "link": "https://www.sec.gov/Archives/edgar/data/756894/000104746908003676/a2184254zex-99_3.htm", "finalLink": "https://www.sec.gov/Archives/edgar/data/756894/000104746908003676/a2184254zex-99_3.htm", "calculatedOtherExpenses": 1003927097, "calculatedOperatingExpenses": 1554727621, "calculatedNetInterest": 0, "calculatedOtherIncome": 65451616, "calculatedIncomeNonControlling": 20138959, "calculatedEbitda": 2424730642}, {"date": "2006-12-31", "symbol": "GOLD", "reportedCurrency": "USD", "cik": "0000756894", "fillingDate": "2007-04-02", "acceptedDate": "2007-04-02 16:31:13", "calendarYear": "2006", "period": "FY", "revenue": 5636535325, "costOfRevenue": 2906687269, "grossProfit": 2729848056, "grossProfitRatio": 0.4843131283, "researchAndDevelopmentExpenses": 0, "generalAndAdministrativeExpenses": 0, "sellingAndMarketingExpenses": 0, "sellingGeneralAndAdministrativeExpenses": 385440810, "otherExpenses": 734827024, "operatingExpenses": 1120267834, "costAndExpenses": 4026955103, "interestIncome": 0, "interestExpense": 0, "depreciationAndAmortization": 734827024, "ebitda": 2368443644, "ebitdaratio": 0.4201949438, "operatingIncome": 1609580222, "operatingIncomeRatio": 0.2855619861, "totalOtherIncomeExpensesNet": -28328612, "incomeBeforeTax": 1559790540, "incomeBeforeTaxRatio": 0.2767286019, "incomeTaxExpense": 347669328, "netIncome": 1505708645, "netIncomeRatio": 0.2671337192, "eps": 1.79, "epsdiluted": 1.77, "weightedAverageShsOut": 842000000, "weightedAverageShsOutDil": 855000000, "link": "https://www.sec.gov/Archives/edgar/data/756894/000090956707000544/0000909567-07-000544-index.html", "finalLink": "https://www.sec.gov/Archives/edgar/data/756894/000090956707000544/o35578e40vf.htm", "calculatedOtherExpenses": 734827024, "calculatedOperatingExpenses": 1120267834, "calculatedNetInterest": 0, "calculatedOtherIncome": -49789682, "calculatedIncomeNonControlling": -293587433, "calculatedEbitda": 2344407246}, {"date": "2005-12-31", "symbol": "GOLD", "reportedCurrency": "USD", "cik": "0000756894", "fillingDate": "2006-03-31", "acceptedDate": "2006-03-30 19:00:00", "calendarYear": "2005", "period": "FY", "revenue": 2350159085, "costOfRevenue": 1355232608, "grossProfit": 994926477, "grossProfitRatio": 0.4233443103, "researchAndDevelopmentExpenses": 0, "generalAndAdministrativeExpenses": 0, "sellingAndMarketingExpenses": 0, "sellingGeneralAndAdministrativeExpenses": 71373291, "otherExpenses": 427379827, "operatingExpenses": 498753118, "costAndExpenses": 1853985726, "interestIncome": 0, "interestExpense": 0, "depreciationAndAmortization": 429099665, "ebitda": 992346719, "ebitdaratio": 0.4222466153, "operatingIncome": 496173359, "operatingIncomeRatio": 0.2111233074, "totalOtherIncomeExpensesNet": -73093129, "incomeBeforeTax": 454897240, "incomeBeforeTaxRatio": 0.1935601904, "incomeTaxExpense": 60194342, "netIncome": 400722332, "netIncomeRatio": 0.1705085986, "eps": 0.75, "epsdiluted": 0.75, "weightedAverageShsOut": 534296443, "weightedAverageShsOutDil": 534296443, "link": "https://www.sec.gov/Archives/edgar/data/756894/000090956706000513/o30834exv2.htm", "finalLink": "https://www.sec.gov/Archives/edgar/data/756894/000090956706000513/o30834exv2.htm", "calculatedOtherExpenses": 427379827, "calculatedOperatingExpenses": 498753118, "calculatedNetInterest": 0, "calculatedOtherIncome": -41276119, "calculatedIncomeNonControlling": -6019434, "calculatedEbitda": 925273024}, {"date": "2004-12-31", "symbol": "GOLD", "reportedCurrency": "USD", "cik": "0000756894", "fillingDate": "2005-03-31", "acceptedDate": "2005-03-30 19:00:00", "calendarYear": "2004", "period": "FY", "revenue": 1931827652, "costOfRevenue": 1211767647, "grossProfit": 720060005, "grossProfitRatio": 0.3727351165, "researchAndDevelopmentExpenses": 0, "generalAndAdministrativeExpenses": 0, "sellingAndMarketingExpenses": 0, "sellingGeneralAndAdministrativeExpenses": 70839237, "otherExpenses": 451704309, "operatingExpenses": 522543546, "costAndExpenses": 1734311193, "interestIncome": 0, "interestExpense": 0, "depreciationAndAmortization": 455037920, "ebitda": 810900908, "ebitdaratio": 0.4197584123, "operatingIncome": 197516459, "operatingIncomeRatio": 0.1022433129, "totalOtherIncomeExpensesNet": -158346529, "incomeBeforeTax": 45003750, "incomeBeforeTaxRatio": 0.0232959446, "incomeTaxExpense": -203350279, "netIncome": 248354030, "netIncomeRatio": 0.128559103, "eps": 0.47, "epsdiluted": 0.46, "weightedAverageShsOut": 528412830, "weightedAverageShsOutDil": 539900065, "link": "https://www.sec.gov/Archives/edgar/data/756894/000090956705000696/t16189exv2.htm", "finalLink": "https://www.sec.gov/Archives/edgar/data/756894/000090956705000696/t16189exv2.htm", "calculatedOtherExpenses": 451704309, "calculatedOperatingExpenses": 522543546, "calculatedNetInterest": 0, "calculatedOtherIncome": -152512709, "calculatedIncomeNonControlling": -1, "calculatedEbitda": 652554379}, {"date": "2003-12-31", "symbol": "GOLD", "reportedCurrency": "USD", "cik": "0000756894", "fillingDate": "2004-05-19", "acceptedDate": "2004-05-18 20:00:00", "calendarYear": "2003", "period": "FY", "revenue": 2034621953, "costOfRevenue": 1270765409, "grossProfit": 763856544, "grossProfitRatio": 0.3754292255, "researchAndDevelopmentExpenses": 0, "generalAndAdministrativeExpenses": 0, "sellingAndMarketingExpenses": 0, "sellingGeneralAndAdministrativeExpenses": 83061636, "otherExpenses": 521658128, "operatingExpenses": 604719764, "costAndExpenses": 1875485173, "interestIncome": 0, "interestExpense": 0, "depreciationAndAmortization": 513895358, "ebitda": 573668685, "ebitdaratio": 0.2819534529, "operatingIncome": 159136780, "operatingIncomeRatio": 0.078214422, "totalOtherIncomeExpensesNet": 107126223, "incomeBeforeTax": 222015215, "incomeBeforeTaxRatio": 0.109118657, "incomeTaxExpense": 4657662, "netIncome": 200279460, "netIncomeRatio": 0.0984357117, "eps": 0.37, "epsdiluted": 0.37, "weightedAverageShsOut": 541295838, "weightedAverageShsOutDil": 541295838, "link": "https://www.sec.gov/Archives/edgar/data/756894/000090956704000785/t12971exv2.htm", "finalLink": "https://www.sec.gov/Archives/edgar/data/756894/000090956704000785/t12971exv2.htm", "calculatedOtherExpenses": 521658128, "calculatedOperatingExpenses": 604719764, "calculatedNetInterest": 0, "calculatedOtherIncome": 62878435, "calculatedIncomeNonControlling": 17078093, "calculatedEbitda": 673032138}, {"date": "2002-12-31", "symbol": "GOLD", "reportedCurrency": "USD", "cik": "0000756894", "fillingDate": "2002-12-31", "acceptedDate": "2002-12-30 19:00:00", "calendarYear": "2002", "period": "FY", "revenue": 1947003876, "costOfRevenue": 1125373324, "grossProfit": 821630552, "grossProfitRatio": 0.421997389, "researchAndDevelopmentExpenses": 0, "generalAndAdministrativeExpenses": 0, "sellingAndMarketingExpenses": 0, "sellingGeneralAndAdministrativeExpenses": 64179958, "otherExpenses": 482938298, "operatingExpenses": 547118256, "costAndExpenses": 1672491580, "interestIncome": 0, "interestExpense": 0, "depreciationAndAmortization": 482938298, "ebitda": 789222850, "ebitdaratio": 0.4053524802, "operatingIncome": 274512296, "operatingIncomeRatio": 0.1409921672, "totalOtherIncomeExpensesNet": -31772256, "incomeBeforeTax": 228124801, "incomeBeforeTaxRatio": 0.1171671016, "incomeTaxExpense": -1270890, "netIncome": 228760247, "netIncomeRatio": 0.1174934728, "eps": 0.36, "epsdiluted": 0.36, "weightedAverageShsOut": 536598108, "weightedAverageShsOutDil": 541000000, "link": "", "finalLink": "", "calculatedOtherExpenses": 482938298, "calculatedOperatingExpenses": 547118256, "calculatedNetInterest": 0, "calculatedOtherIncome": -46387495, "calculatedIncomeNonControlling": 635444, "calculatedEbitda": 757450594}, {"date": "2001-12-31", "symbol": "GOLD", "reportedCurrency": "USD", "cik": "0000756894", "fillingDate": "2002-04-29", "acceptedDate": "2002-05-06 10:21:32", "calendarYear": "2001", "period": "FY", "revenue": 1282196256, "costOfRevenue": 660887046, "grossProfit": 621309210, "grossProfitRatio": 0.4845663892, "researchAndDevelopmentExpenses": 0, "generalAndAdministrativeExpenses": 0, "sellingAndMarketingExpenses": 0, "sellingGeneralAndAdministrativeExpenses": 45860033, "otherExpenses": 331071742, "operatingExpenses": 376931775, "costAndExpenses": 1037818821, "interestIncome": 0, "interestExpense": 0, "depreciationAndAmortization": 481216233, "ebitda": 698580224, "ebitdaratio": 0.5448309654, "operatingIncome": 244377435, "operatingIncomeRatio": 0.1905928471, "totalOtherIncomeExpensesNet": 27013444, "incomeBeforeTax": 268249780, "incomeBeforeTaxRatio": 0.2092111709, "incomeTaxExpense": 10051514, "netIncome": 258198266, "netIncomeRatio": 0.2013718764, "eps": 0.18, "epsdiluted": 0.18, "weightedAverageShsOut": 396000000, "weightedAverageShsOutDil": 396000000, "link": "https://www.sec.gov/Archives/edgar/data/756894/999999999702026337/9999999997-02-026337-index.htm", "finalLink": "https://www.sec.gov/Archives/edgar/data/756894/999999999702026337/9999999997-02-026337.paper", "calculatedOtherExpenses": 331071742, "calculatedOperatingExpenses": 376931775, "calculatedNetInterest": 0, "calculatedOtherIncome": 23872345, "calculatedIncomeNonControlling": 0, "calculatedEbitda": 725593668}, {"date": "2000-12-31", "symbol": "GOLD", "reportedCurrency": "USD", "cik": "0000756894", "fillingDate": "2000-12-31", "acceptedDate": "2000-12-30 19:00:00", "calendarYear": "2000", "period": "FY", "revenue": 1330177357, "costOfRevenue": 590078678, "grossProfit": 740098679, "grossProfitRatio": 0.5563909768, "researchAndDevelopmentExpenses": 0, "generalAndAdministrativeExpenses": 0, "sellingAndMarketingExpenses": 0, "sellingGeneralAndAdministrativeExpenses": 34671290, "otherExpenses": 338711827, "operatingExpenses": 373383117, "costAndExpenses": 963461795, "interestIncome": 0, "interestExpense": 0, "depreciationAndAmortization": 338711828, "ebitda": 2035604747, "ebitdaratio": 1.5303258143, "operatingIncome": 366715562, "operatingIncomeRatio": 0.275689223, "totalOtherIncomeExpensesNet": -1330177357, "incomeBeforeTax": -944125883, "incomeBeforeTaxRatio": -0.7097744357, "incomeTaxExpense": -178023736, "netIncome": -766102147, "netIncomeRatio": -0.5759398497, "eps": -2.21, "epsdiluted": -2.21, "weightedAverageShsOut": 345992078, "weightedAverageShsOutDil": 345992078, "link": "", "finalLink": "", "calculatedOtherExpenses": 338711827, "calculatedOperatingExpenses": 373383117, "calculatedNetInterest": 0, "calculatedOtherIncome": -1310841445, "calculatedIncomeNonControlling": 0, "calculatedEbitda": 705427390}, {"date": "1999-12-31", "symbol": "GOLD", "reportedCurrency": "USD", "cik": "0000756894", "fillingDate": "1999-12-31", "acceptedDate": "1999-12-30 19:00:00", "calendarYear": "1999", "period": "FY", "revenue": 1421027165, "costOfRevenue": 560033179, "grossProfit": 860993986, "grossProfitRatio": 0.605895515, "researchAndDevelopmentExpenses": 0, "generalAndAdministrativeExpenses": 0, "sellingAndMarketingExpenses": 0, "sellingGeneralAndAdministrativeExpenses": 34976153, "otherExpenses": 385014169, "operatingExpenses": 419990322, "costAndExpenses": 980023501, "interestIncome": 0, "interestExpense": 0, "depreciationAndAmortization": 385014170, "ebitda": 826017834, "ebitdaratio": 0.5812822262, "operatingIncome": 441003664, "operatingIncomeRatio": 0.3103414733, "totalOtherIncomeExpensesNet": 0, "incomeBeforeTax": 441003664, "incomeBeforeTaxRatio": 0.3103414733, "incomeTaxExpense": 109974425, "netIncome": 331029239, "netIncomeRatio": 0.2329506762, "eps": 0.85, "epsdiluted": 0.83, "weightedAverageShsOut": 389446164, "weightedAverageShsOutDil": 398830408, "link": "", "finalLink": "", "calculatedOtherExpenses": 385014169, "calculatedOperatingExpenses": 419990322, "calculatedNetInterest": 0, "calculatedOtherIncome": 0, "calculatedIncomeNonControlling": 0, "calculatedEbitda": 826017834}, {"date": "1998-12-31", "symbol": "GOLD", "reportedCurrency": "USD", "cik": "0000756894", "fillingDate": "1998-12-31", "acceptedDate": "1998-12-30 19:00:00", "calendarYear": "1998", "period": "FY", "revenue": 1287098650, "costOfRevenue": 631048518, "grossProfit": 656050132, "grossProfitRatio": 0.5097123923, "researchAndDevelopmentExpenses": 0, "generalAndAdministrativeExpenses": 0, "sellingAndMarketingExpenses": 0, "sellingGeneralAndAdministrativeExpenses": 50003230, "otherExpenses": 216034628, "operatingExpenses": 266037858, "costAndExpenses": 897086376, "interestIncome": 0, "interestExpense": 0, "depreciationAndAmortization": 216034628, "ebitda": 553071903, "ebitdaratio": 0.429704361, "operatingIncome": 390012274, "operatingIncomeRatio": 0.3030166134, "totalOtherIncomeExpensesNet": 52974999, "incomeBeforeTax": 442987273, "incomeBeforeTaxRatio": 0.3441750739, "incomeTaxExpense": 141998837, "netIncome": 300988436, "netIncomeRatio": 0.2338503237, "eps": 0.8, "epsdiluted": 0.79, "weightedAverageShsOut": 376235545, "weightedAverageShsOutDil": 380998020, "link": "", "finalLink": "", "calculatedOtherExpenses": 216034628, "calculatedOperatingExpenses": 266037858, "calculatedNetInterest": 0, "calculatedOtherIncome": 52974999, "calculatedIncomeNonControlling": 0, "calculatedEbitda": 606046902}, {"date": "1997-12-31", "symbol": "GOLD", "reportedCurrency": "USD", "cik": "0000756894", "fillingDate": "1997-12-31", "acceptedDate": "1997-12-30 19:00:00", "calendarYear": "1997", "period": "FY", "revenue": 1284085345, "costOfRevenue": 719062610, "grossProfit": 565022735, "grossProfitRatio": 0.4400196118, "researchAndDevelopmentExpenses": 0, "generalAndAdministrativeExpenses": 0, "sellingAndMarketingExpenses": 0, "sellingGeneralAndAdministrativeExpenses": 36026583, "otherExpenses": 188037775, "operatingExpenses": 224064358, "costAndExpenses": 943126968, "interestIncome": 0, "interestExpense": 0, "depreciationAndAmortization": 188037775, "ebitda": 950052465, "ebitdaratio": 0.7398670725, "operatingIncome": 340958377, "operatingIncomeRatio": 0.2655262583, "totalOtherIncomeExpensesNet": -421056313, "incomeBeforeTax": -79958027, "incomeBeforeTaxRatio": -0.0622684678, "incomeTaxExpense": 43022036, "netIncome": -122980063, "netIncomeRatio": -0.0957724995, "eps": -0.33, "epsdiluted": -0.33, "weightedAverageShsOut": 372666858, "weightedAverageShsOutDil": 372666858, "link": "", "finalLink": "", "calculatedOtherExpenses": 188037775, "calculatedOperatingExpenses": 224064358, "calculatedNetInterest": 0, "calculatedOtherIncome": -420916404, "calculatedIncomeNonControlling": 0, "calculatedEbitda": 528996152}, {"date": "1996-12-31", "symbol": "GOLD", "reportedCurrency": "USD", "cik": "0000756894", "fillingDate": "1996-12-31", "acceptedDate": "1996-12-30 19:00:00", "calendarYear": "1996", "period": "FY", "revenue": 1298941992, "costOfRevenue": 756950018, "grossProfit": 541991974, "grossProfitRatio": 0.4172564882, "researchAndDevelopmentExpenses": 0, "generalAndAdministrativeExpenses": 0, "sellingAndMarketingExpenses": 0, "sellingGeneralAndAdministrativeExpenses": 32980664, "otherExpenses": 182998905, "operatingExpenses": 215979569, "costAndExpenses": 972929587, "interestIncome": 0, "interestExpense": 0, "depreciationAndAmortization": 182998906, "ebitda": 535060199, "ebitdaratio": 0.4119200105, "operatingIncome": 326012405, "operatingIncomeRatio": 0.2509830362, "totalOtherIncomeExpensesNet": -26048888, "incomeBeforeTax": 290040131, "incomeBeforeTaxRatio": 0.2232895178, "incomeTaxExpense": 72017512, "netIncome": 218022619, "netIncomeRatio": 0.167846309, "eps": 0.6, "epsdiluted": 0.6, "weightedAverageShsOut": 364373058, "weightedAverageShsOutDil": 364373058, "link": "", "finalLink": "", "calculatedOtherExpenses": 182998905, "calculatedOperatingExpenses": 215979569, "calculatedNetInterest": 0, "calculatedOtherIncome": -35972274, "calculatedIncomeNonControlling": 0, "calculatedEbitda": 509011311}, {"date": "1995-12-31", "symbol": "GOLD", "reportedCurrency": "USD", "cik": "0000756894", "fillingDate": "1995-12-31", "acceptedDate": "1995-12-30 19:00:00", "calendarYear": "1995", "period": "FY", "revenue": 1282361569, "costOfRevenue": 684415108, "grossProfit": 597946461, "grossProfitRatio": 0.4662853874, "researchAndDevelopmentExpenses": 0, "generalAndAdministrativeExpenses": 0, "sellingAndMarketingExpenses": 0, "sellingGeneralAndAdministrativeExpenses": 31023102, "otherExpenses": 181298131, "operatingExpenses": 212321233, "costAndExpenses": 896736341, "interestIncome": 0, "interestExpense": 0, "depreciationAndAmortization": 181298130, "ebitda": 541180784, "ebitdaratio": 0.4220188729, "operatingIncome": 385625228, "operatingIncomeRatio": 0.3007148977, "totalOtherIncomeExpensesNet": 25742574, "incomeBeforeTax": 390465714, "incomeBeforeTaxRatio": 0.3044895632, "incomeTaxExpense": 97983132, "netIncome": 292482582, "netIncomeRatio": 0.2280812129, "eps": 0.83, "epsdiluted": 0.82, "weightedAverageShsOut": 352566177, "weightedAverageShsOutDil": 355712326, "link": "", "finalLink": "", "calculatedOtherExpenses": 181298131, "calculatedOperatingExpenses": 212321233, "calculatedNetInterest": 0, "calculatedOtherIncome": 4840486, "calculatedIncomeNonControlling": 0, "calculatedEbitda": 566923358}, {"date": "1994-12-31", "symbol": "GOLD", "reportedCurrency": "USD", "cik": "0000756894", "fillingDate": "1994-12-31", "acceptedDate": "1994-12-30 19:00:00", "calendarYear": "1994", "period": "FY", "revenue": -1313100000, "costOfRevenue": -670900000, "grossProfit": -642200000, "grossProfitRatio": 0.4890716625, "researchAndDevelopmentExpenses": 0, "generalAndAdministrativeExpenses": 0, "sellingAndMarketingExpenses": 0, "sellingGeneralAndAdministrativeExpenses": -32100000, "otherExpenses": -148800000, "operatingExpenses": -180900000, "costAndExpenses": -851800000, "interestIncome": 0, "interestExpense": 0, "depreciationAndAmortization": -148800000, "ebitda": -584300000, "ebitdaratio": 0.4449775341, "operatingIncome": -461300000, "operatingIncomeRatio": 0.3513060696, "totalOtherIncomeExpensesNet": -25800000, "incomeBeforeTax": -471100000, "incomeBeforeTaxRatio": 0.3587693245, "incomeTaxExpense": -119700000, "netIncome": -351400000, "netIncomeRatio": 0.2676109969, "eps": -1.14, "epsdiluted": -1.12, "weightedAverageShsOut": 308859649, "weightedAverageShsOutDil": 314375000, "link": "", "finalLink": "", "calculatedOtherExpenses": -148800000, "calculatedOperatingExpenses": -180900000, "calculatedNetInterest": 0, "calculatedOtherIncome": -9800000, "calculatedIncomeNonControlling": 0, "calculatedEbitda": -610100000}, {"date": "1993-12-31", "symbol": "GOLD", "reportedCurrency": "USD", "cik": "0000756894", "fillingDate": "1993-12-31", "acceptedDate": "1993-12-30 19:00:00", "calendarYear": "1993", "period": "FY", "revenue": -883700000, "costOfRevenue": -416000000, "grossProfit": -467700000, "grossProfitRatio": 0.5292520086, "researchAndDevelopmentExpenses": 0, "generalAndAdministrativeExpenses": 0, "sellingAndMarketingExpenses": 0, "sellingGeneralAndAdministrativeExpenses": -21300000, "otherExpenses": -94100000, "operatingExpenses": -115400000, "costAndExpenses": -531400000, "interestIncome": 0, "interestExpense": 0, "depreciationAndAmortization": -94100000, "ebitda": -429100000, "ebitdaratio": 0.4855720267, "operatingIncome": -352300000, "operatingIncomeRatio": 0.3986647052, "totalOtherIncomeExpensesNet": -17300000, "incomeBeforeTax": -357900000, "incomeBeforeTaxRatio": 0.4050016974, "incomeTaxExpense": -75400000, "netIncome": -282500000, "netIncomeRatio": 0.319678624, "eps": -0.99, "epsdiluted": -0.98, "weightedAverageShsOut": 285353535, "weightedAverageShsOutDil": 288265306, "link": "", "finalLink": "", "calculatedOtherExpenses": -94100000, "calculatedOperatingExpenses": -115400000, "calculatedNetInterest": 0, "calculatedOtherIncome": -5600000, "calculatedIncomeNonControlling": 0, "calculatedEbitda": -446400000}, {"date": "1992-12-31", "symbol": "GOLD", "reportedCurrency": "USD", "cik": "0000756894", "fillingDate": "1992-12-31", "acceptedDate": "1992-12-30 19:00:00", "calendarYear": "1992", "period": "FY", "revenue": 540400000, "costOfRevenue": 0, "grossProfit": 540400000, "grossProfitRatio": 1, "researchAndDevelopmentExpenses": 0, "generalAndAdministrativeExpenses": 0, "sellingAndMarketingExpenses": 0, "sellingGeneralAndAdministrativeExpenses": 0, "otherExpenses": 0, "operatingExpenses": 0, "costAndExpenses": 0, "interestIncome": 0, "interestExpense": 0, "depreciationAndAmortization": 0, "ebitda": 540400000, "ebitdaratio": 1, "operatingIncome": 540400000, "operatingIncomeRatio": 1, "totalOtherIncomeExpensesNet": 0, "incomeBeforeTax": 0, "incomeBeforeTaxRatio": 0, "incomeTaxExpense": -174900000, "netIncome": 174900000, "netIncomeRatio": 0.3236491488, "eps": 0.61, "epsdiluted": 0.61, "weightedAverageShsOut": 286721311, "weightedAverageShsOutDil": 286721311, "link": "", "finalLink": "", "calculatedOtherExpenses": 0, "calculatedOperatingExpenses": 0, "calculatedNetInterest": 0, "calculatedOtherIncome": -540400000, "calculatedIncomeNonControlling": 0, "calculatedEbitda": 540400000}, {"date": "1991-12-31", "symbol": "GOLD", "reportedCurrency": "USD", "cik": "0000756894", "fillingDate": "1991-12-31", "acceptedDate": "1991-12-30 19:00:00", "calendarYear": "1991", "period": "FY", "revenue": 344700000, "costOfRevenue": 0, "grossProfit": 344700000, "grossProfitRatio": 1, "researchAndDevelopmentExpenses": 0, "generalAndAdministrativeExpenses": 0, "sellingAndMarketingExpenses": 0, "sellingGeneralAndAdministrativeExpenses": 0, "otherExpenses": 0, "operatingExpenses": 0, "costAndExpenses": 0, "interestIncome": 0, "interestExpense": 0, "depreciationAndAmortization": 0, "ebitda": 344700000, "ebitdaratio": 1, "operatingIncome": 344700000, "operatingIncomeRatio": 1, "totalOtherIncomeExpensesNet": 0, "incomeBeforeTax": 0, "incomeBeforeTaxRatio": 0, "incomeTaxExpense": -92400000, "netIncome": 92400000, "netIncomeRatio": 0.2680591819, "eps": 0.34, "epsdiluted": 0.34, "weightedAverageShsOut": 271764706, "weightedAverageShsOutDil": 271764706, "link": "", "finalLink": "", "calculatedOtherExpenses": 0, "calculatedOperatingExpenses": 0, "calculatedNetInterest": 0, "calculatedOtherIncome": -344700000, "calculatedIncomeNonControlling": 0, "calculatedEbitda": 344700000}, {"date": "1990-12-31", "symbol": "GOLD", "reportedCurrency": "USD", "cik": "0000756894", "fillingDate": "1990-12-31", "acceptedDate": "1990-12-30 19:00:00", "calendarYear": "1990", "period": "FY", "revenue": 251600000, "costOfRevenue": 0, "grossProfit": 251600000, "grossProfitRatio": 1, "researchAndDevelopmentExpenses": 0, "generalAndAdministrativeExpenses": 0, "sellingAndMarketingExpenses": 0, "sellingGeneralAndAdministrativeExpenses": 0, "otherExpenses": 0, "operatingExpenses": 0, "costAndExpenses": 0, "interestIncome": 0, "interestExpense": 0, "depreciationAndAmortization": 0, "ebitda": 251600000, "ebitdaratio": 1, "operatingIncome": 251600000, "operatingIncomeRatio": 1, "totalOtherIncomeExpensesNet": 0, "incomeBeforeTax": 0, "incomeBeforeTaxRatio": 0, "incomeTaxExpense": -58200000, "netIncome": 58200000, "netIncomeRatio": 0.2313195548, "eps": 0.23, "epsdiluted": 0.23, "weightedAverageShsOut": 253043478, "weightedAverageShsOutDil": 253043478, "link": "", "finalLink": "", "calculatedOtherExpenses": 0, "calculatedOperatingExpenses": 0, "calculatedNetInterest": 0, "calculatedOtherIncome": -251600000, "calculatedIncomeNonControlling": 0, "calculatedEbitda": 251600000}, {"date": "1989-12-31", "symbol": "GOLD", "reportedCurrency": "USD", "cik": "0000756894", "fillingDate": "1989-12-31", "acceptedDate": "1989-12-30 19:00:00", "calendarYear": "1989", "period": "FY", "revenue": 206100000, "costOfRevenue": 0, "grossProfit": 206100000, "grossProfitRatio": 1, "researchAndDevelopmentExpenses": 0, "generalAndAdministrativeExpenses": 0, "sellingAndMarketingExpenses": 0, "sellingGeneralAndAdministrativeExpenses": 0, "otherExpenses": 0, "operatingExpenses": 0, "costAndExpenses": 0, "interestIncome": 0, "interestExpense": 0, "depreciationAndAmortization": 0, "ebitda": 206100000, "ebitdaratio": 1, "operatingIncome": 206100000, "operatingIncomeRatio": 1, "totalOtherIncomeExpensesNet": 0, "incomeBeforeTax": 0, "incomeBeforeTaxRatio": 0, "incomeTaxExpense": -35800000, "netIncome": 35800000, "netIncomeRatio": 0.1737020864, "eps": 0.14, "epsdiluted": 0.14, "weightedAverageShsOut": 255714286, "weightedAverageShsOutDil": 255714286, "link": "", "finalLink": "", "calculatedOtherExpenses": 0, "calculatedOperatingExpenses": 0, "calculatedNetInterest": 0, "calculatedOtherIncome": -206100000, "calculatedIncomeNonControlling": 0, "calculatedEbitda": 206100000}, {"date": "1988-12-31", "symbol": "GOLD", "reportedCurrency": "USD", "cik": "0000756894", "fillingDate": "1988-12-31", "acceptedDate": "1988-12-30 19:00:00", "calendarYear": "1988", "period": "FY", "revenue": 147500000, "costOfRevenue": 0, "grossProfit": 147500000, "grossProfitRatio": 1, "researchAndDevelopmentExpenses": 0, "generalAndAdministrativeExpenses": 0, "sellingAndMarketingExpenses": 0, "sellingGeneralAndAdministrativeExpenses": 0, "otherExpenses": 0, "operatingExpenses": 0, "costAndExpenses": 0, "interestIncome": 0, "interestExpense": 0, "depreciationAndAmortization": 0, "ebitda": 147500000, "ebitdaratio": 1, "operatingIncome": 147500000, "operatingIncomeRatio": 1, "totalOtherIncomeExpensesNet": 0, "incomeBeforeTax": 0, "incomeBeforeTaxRatio": 0, "incomeTaxExpense": -30500000, "netIncome": 30500000, "netIncomeRatio": 0.206779661, "eps": 0.12, "epsdiluted": 0.12, "weightedAverageShsOut": 254166667, "weightedAverageShsOutDil": 254166667, "link": "", "finalLink": "", "calculatedOtherExpenses": 0, "calculatedOperatingExpenses": 0, "calculatedNetInterest": 0, "calculatedOtherIncome": -147500000, "calculatedIncomeNonControlling": 0, "calculatedEbitda": 147500000}, {"date": "1987-12-31", "symbol": "GOLD", "reportedCurrency": "USD", "cik": "0000756894", "fillingDate": "1987-12-31", "acceptedDate": "1987-12-30 19:00:00", "calendarYear": "1987", "period": "FY", "revenue": 119700000, "costOfRevenue": 0, "grossProfit": 119700000, "grossProfitRatio": 1, "researchAndDevelopmentExpenses": 0, "generalAndAdministrativeExpenses": 0, "sellingAndMarketingExpenses": 0, "sellingGeneralAndAdministrativeExpenses": 0, "otherExpenses": 0, "operatingExpenses": 0, "costAndExpenses": 0, "interestIncome": 0, "interestExpense": 0, "depreciationAndAmortization": 0, "ebitda": 119700000, "ebitdaratio": 1, "operatingIncome": 119700000, "operatingIncomeRatio": 1, "totalOtherIncomeExpensesNet": 0, "incomeBeforeTax": 0, "incomeBeforeTaxRatio": 0, "incomeTaxExpense": -26700000, "netIncome": 26700000, "netIncomeRatio": 0.2230576441, "eps": 0.13, "epsdiluted": 0.13, "weightedAverageShsOut": 205384615, "weightedAverageShsOutDil": 205384615, "link": "", "finalLink": "", "calculatedOtherExpenses": 0, "calculatedOperatingExpenses": 0, "calculatedNetInterest": 0, "calculatedOtherIncome": -119700000, "calculatedIncomeNonControlling": 0, "calculatedEbitda": 119700000}, {"date": "1986-12-31", "symbol": "GOLD", "reportedCurrency": "USD", "cik": "0000756894", "fillingDate": "1986-12-31", "acceptedDate": "1986-12-30 19:00:00", "calendarYear": "1986", "period": "FY", "revenue": 89800000, "costOfRevenue": 0, "grossProfit": 89800000, "grossProfitRatio": 1, "researchAndDevelopmentExpenses": 0, "generalAndAdministrativeExpenses": 0, "sellingAndMarketingExpenses": 0, "sellingGeneralAndAdministrativeExpenses": 0, "otherExpenses": 0, "operatingExpenses": 0, "costAndExpenses": 0, "interestIncome": 0, "interestExpense": 0, "depreciationAndAmortization": 0, "ebitda": 89800000, "ebitdaratio": 1, "operatingIncome": 89800000, "operatingIncomeRatio": 1, "totalOtherIncomeExpensesNet": 0, "incomeBeforeTax": 0, "incomeBeforeTaxRatio": 0, "incomeTaxExpense": -15100000, "netIncome": 15100000, "netIncomeRatio": 0.1681514477, "eps": 0.1, "epsdiluted": 0.09, "weightedAverageShsOut": 151000000, "weightedAverageShsOutDil": 167777778, "link": "", "finalLink": "", "calculatedOtherExpenses": 0, "calculatedOperatingExpenses": 0, "calculatedNetInterest": 0, "calculatedOtherIncome": -89800000, "calculatedIncomeNonControlling": 0, "calculatedEbitda": 89800000}]}