{"originalCurrency": "USD", "convertedCurrency": "USD", "report": [{"date": "2023-12-31", "symbol": "GOLF", "reportedCurrency": "USD", "cik": "0001672013", "fillingDate": "2024-02-29", "acceptedDate": "2024-02-29 16:05:34", "calendarYear": "2023", "period": "FY", "revenue": 2381995000, "costOfRevenue": 1150688000, "grossProfit": 1231307000, "grossProfitRatio": 0.5169225796, "researchAndDevelopmentExpenses": 64839000, "generalAndAdministrativeExpenses": 653410000, "sellingAndMarketingExpenses": 231400000, "sellingGeneralAndAdministrativeExpenses": 884810000, "otherExpenses": -2417000, "operatingExpenses": 949649000, "costAndExpenses": 2100337000, "interestIncome": 1652000, "interestExpense": 43630000, "depreciationAndAmortization": 51356000, "ebitda": 333014000, "ebitdaratio": 0.1398046595, "operatingIncome": 281658000, "operatingIncomeRatio": 0.1182445807, "totalOtherIncomeExpensesNet": -40058000, "incomeBeforeTax": 241600000, "incomeBeforeTaxRatio": 0.1014275849, "incomeTaxExpense": 42993000, "netIncome": 198429000, "netIncomeRatio": 0.0833037013, "eps": 2.96, "epsdiluted": 2.94, "weightedAverageShsOut": 67063933, "weightedAverageShsOutDil": 67517105, "link": "https://www.sec.gov/Archives/edgar/data/1672013/000167201324000008/0001672013-24-000008-index.htm", "finalLink": "https://www.sec.gov/Archives/edgar/data/1672013/000167201324000008/golf-20231231.htm", "calculatedOtherExpenses": 0, "calculatedOperatingExpenses": 949649000, "calculatedNetInterest": -41978000, "calculatedOtherIncome": 1920000, "calculatedIncomeNonControlling": 178000, "calculatedEbitda": 333014000}, {"date": "2022-12-31", "symbol": "GOLF", "reportedCurrency": "USD", "cik": "0001672013", "fillingDate": "2023-03-01", "acceptedDate": "2023-03-01 16:10:39", "calendarYear": "2022", "period": "FY", "revenue": 2270336000, "costOfRevenue": 1091103000, "grossProfit": 1179233000, "grossProfitRatio": 0.5194090214, "researchAndDevelopmentExpenses": 56393000, "generalAndAdministrativeExpenses": 621522000, "sellingAndMarketingExpenses": 211900000, "sellingGeneralAndAdministrativeExpenses": 833422000, "otherExpenses": 7885000, "operatingExpenses": 897700000, "costAndExpenses": 1988803000, "interestIncome": 743000, "interestExpense": 13269000, "depreciationAndAmortization": 32877000, "ebitda": 314410000, "ebitdaratio": 0.1384861095, "operatingIncome": 281533000, "operatingIncomeRatio": 0.1240049931, "totalOtherIncomeExpensesNet": -22098000, "incomeBeforeTax": 259435000, "incomeBeforeTaxRatio": 0.114271632, "incomeTaxExpense": 54351000, "netIncome": 199278000, "netIncomeRatio": 0.087774673, "eps": 2.77, "epsdiluted": 2.75, "weightedAverageShsOut": 71958879, "weightedAverageShsOutDil": 72560098, "link": "https://www.sec.gov/Archives/edgar/data/1672013/000167201323000011/0001672013-23-000011-index.htm", "finalLink": "https://www.sec.gov/Archives/edgar/data/1672013/000167201323000011/golf-20221231.htm", "calculatedOtherExpenses": 7885000, "calculatedOperatingExpenses": 897700000, "calculatedNetInterest": -12526000, "calculatedOtherIncome": -9572000, "calculatedIncomeNonControlling": 5806000, "calculatedEbitda": 314410000}, {"date": "2021-12-31", "symbol": "GOLF", "reportedCurrency": "USD", "cik": "0001672013", "fillingDate": "2022-03-01", "acceptedDate": "2022-03-01 16:34:30", "calendarYear": "2021", "period": "FY", "revenue": 2147930000, "costOfRevenue": 1029493000, "grossProfit": 1118437000, "grossProfitRatio": 0.5207045853, "researchAndDevelopmentExpenses": 55335000, "generalAndAdministrativeExpenses": 579022000, "sellingAndMarketingExpenses": 216400000, "sellingGeneralAndAdministrativeExpenses": 795422000, "otherExpenses": 7868000, "operatingExpenses": 858625000, "costAndExpenses": 1888118000, "interestIncome": 590000, "interestExpense": 7709000, "depreciationAndAmortization": 36963000, "ebitda": 296775000, "ebitdaratio": 0.1381679105, "operatingIncome": 259812000, "operatingIncomeRatio": 0.1209592491, "totalOtherIncomeExpensesNet": -11989000, "incomeBeforeTax": 247823000, "incomeBeforeTaxRatio": 0.1153775961, "incomeTaxExpense": 63583000, "netIncome": 178873000, "netIncomeRatio": 0.0832769224, "eps": 2.4, "epsdiluted": 2.38, "weightedAverageShsOut": 74536637, "weightedAverageShsOutDil": 75265074, "link": "https://www.sec.gov/Archives/edgar/data/1672013/000167201322000009/0001672013-22-000009-index.htm", "finalLink": "https://www.sec.gov/Archives/edgar/data/1672013/000167201322000009/golf-20211231.htm", "calculatedOtherExpenses": 7868000, "calculatedOperatingExpenses": 858625000, "calculatedNetInterest": -7119000, "calculatedOtherIncome": -4870000, "calculatedIncomeNonControlling": 5367000, "calculatedEbitda": 296775000}, {"date": "2020-12-31", "symbol": "GOLF", "reportedCurrency": "USD", "cik": "0001672013", "fillingDate": "2021-02-25", "acceptedDate": "2021-02-25 16:14:53", "calendarYear": "2020", "period": "FY", "revenue": 1612169000, "costOfRevenue": 782333000, "grossProfit": 829836000, "grossProfitRatio": 0.5147326366, "researchAndDevelopmentExpenses": 48942000, "generalAndAdministrativeExpenses": 448503000, "sellingAndMarketingExpenses": 162100000, "sellingGeneralAndAdministrativeExpenses": 610603000, "otherExpenses": 11629000, "operatingExpenses": 671174000, "costAndExpenses": 1453507000, "interestIncome": 484000, "interestExpense": 15630000, "depreciationAndAmortization": 71843000, "ebitda": 217298000, "ebitdaratio": 0.1347861173, "operatingIncome": 145455000, "operatingIncomeRatio": 0.0902231714, "totalOtherIncomeExpensesNet": -32406000, "incomeBeforeTax": 113049000, "incomeBeforeTaxRatio": 0.0701223011, "incomeTaxExpense": 13038000, "netIncome": 96006000, "netIncomeRatio": 0.0595508287, "eps": 1.29, "epsdiluted": 1.28, "weightedAverageShsOut": 74494310, "weightedAverageShsOutDil": 75060610, "link": "https://www.sec.gov/Archives/edgar/data/1672013/000167201321000013/0001672013-21-000013-index.htm", "finalLink": "https://www.sec.gov/Archives/edgar/data/1672013/000167201321000013/golf-20201231.htm", "calculatedOtherExpenses": 24836000, "calculatedOperatingExpenses": 684381000, "calculatedNetInterest": -15146000, "calculatedOtherIncome": -17260000, "calculatedIncomeNonControlling": 4005000, "calculatedEbitda": 217298000}, {"date": "2019-12-31", "symbol": "GOLF", "reportedCurrency": "USD", "cik": "0001672013", "fillingDate": "2020-02-27", "acceptedDate": "2020-02-27 16:50:21", "calendarYear": "2019", "period": "FY", "revenue": 1681357000, "costOfRevenue": 809122000, "grossProfit": 872235000, "grossProfitRatio": 0.5187684709, "researchAndDevelopmentExpenses": 51601000, "generalAndAdministrativeExpenses": 434003000, "sellingAndMarketingExpenses": 193500000, "sellingGeneralAndAdministrativeExpenses": 627503000, "otherExpenses": 7478000, "operatingExpenses": 686582000, "costAndExpenses": 1495704000, "interestIncome": 848000, "interestExpense": 19613000, "depreciationAndAmortization": 43002000, "ebitda": 228655000, "ebitdaratio": 0.1359943189, "operatingIncome": 185653000, "operatingIncomeRatio": 0.1104185488, "totalOtherIncomeExpensesNet": -20488000, "incomeBeforeTax": 165165000, "incomeBeforeTaxRatio": 0.0982331533, "incomeTaxExpense": 40600000, "netIncome": 121070000, "netIncomeRatio": 0.0720073131, "eps": 1.61, "epsdiluted": 1.6, "weightedAverageShsOut": 75418204, "weightedAverageShsOutDil": 75759605, "link": "https://www.sec.gov/Archives/edgar/data/1672013/000167201320000008/0001672013-20-000008-index.htm", "finalLink": "https://www.sec.gov/Archives/edgar/data/1672013/000167201320000008/golf12311910-kdoc.htm", "calculatedOtherExpenses": 7478000, "calculatedOperatingExpenses": 686582000, "calculatedNetInterest": -18765000, "calculatedOtherIncome": -1723000, "calculatedIncomeNonControlling": 3495000, "calculatedEbitda": 228655000}, {"date": "2018-12-31", "symbol": "GOLF", "reportedCurrency": "USD", "cik": "0001672013", "fillingDate": "2019-02-28", "acceptedDate": "2019-02-28 17:02:53", "calendarYear": "2018", "period": "FY", "revenue": 1633721000, "costOfRevenue": 791370000, "grossProfit": 842351000, "grossProfitRatio": 0.5156027253, "researchAndDevelopmentExpenses": 51489000, "generalAndAdministrativeExpenses": 611883000, "sellingAndMarketingExpenses": 0, "sellingGeneralAndAdministrativeExpenses": 611883000, "otherExpenses": -3629000, "operatingExpenses": 670016000, "costAndExpenses": 1461386000, "interestIncome": 0, "interestExpense": 18402000, "depreciationAndAmortization": 40496000, "ebitda": 212831000, "ebitdaratio": 0.1302737738, "operatingIncome": 172335000, "operatingIncomeRatio": 0.1054861877, "totalOtherIncomeExpensesNet": -3629000, "incomeBeforeTax": 150304000, "incomeBeforeTaxRatio": 0.092001021, "incomeTaxExpense": 47232000, "netIncome": 99872000, "netIncomeRatio": 0.061131613, "eps": 1.34, "epsdiluted": 1.34, "weightedAverageShsOut": 74760062, "weightedAverageShsOutDil": 74760062, "link": "https://www.sec.gov/Archives/edgar/data/1672013/000167201319000009/0001672013-19-000009-index.htm", "finalLink": "https://www.sec.gov/Archives/edgar/data/1672013/000167201319000009/golf12311810-kdoc.htm", "calculatedOtherExpenses": 6644000, "calculatedOperatingExpenses": 670016000, "calculatedNetInterest": -18402000, "calculatedOtherIncome": -3629000, "calculatedIncomeNonControlling": 3200000, "calculatedEbitda": 212831000}, {"date": "2017-12-31", "symbol": "GOLF", "reportedCurrency": "USD", "cik": "0001672013", "fillingDate": "2018-03-07", "acceptedDate": "2018-03-07 16:32:24", "calendarYear": "2017", "period": "FY", "revenue": 1560258000, "costOfRevenue": 759466000, "grossProfit": 800792000, "grossProfitRatio": 0.5132433226, "researchAndDevelopmentExpenses": 48148000, "generalAndAdministrativeExpenses": 579837000, "sellingAndMarketingExpenses": 0, "sellingGeneralAndAdministrativeExpenses": 579837000, "otherExpenses": 1254000, "operatingExpenses": 634484000, "costAndExpenses": 1393950000, "interestIncome": 0, "interestExpense": 15709000, "depreciationAndAmortization": 40871000, "ebitda": 209631000, "ebitdaratio": 0.1343566256, "operatingIncome": 166308000, "operatingIncomeRatio": 0.106590064, "totalOtherIncomeExpensesNet": 1077000, "incomeBeforeTax": 151676000, "incomeBeforeTaxRatio": 0.0972121277, "incomeTaxExpense": 55056000, "netIncome": 92114000, "netIncomeRatio": 0.059037672, "eps": 1.33, "epsdiluted": 1.32, "weightedAverageShsOut": 74399836, "weightedAverageShsOutDil": 74590999, "link": "https://www.sec.gov/Archives/edgar/data/1672013/000155837018001635/0001558370-18-001635-index.htm", "finalLink": "https://www.sec.gov/Archives/edgar/data/1672013/000155837018001635/golf-20171231x10k.htm", "calculatedOtherExpenses": 6499000, "calculatedOperatingExpenses": 634484000, "calculatedNetInterest": -15709000, "calculatedOtherIncome": 1077000, "calculatedIncomeNonControlling": 4506000, "calculatedEbitda": 207179000}, {"date": "2016-12-31", "symbol": "GOLF", "reportedCurrency": "USD", "cik": "0001672013", "fillingDate": "2017-03-30", "acceptedDate": "2017-03-30 17:25:25", "calendarYear": "2016", "period": "FY", "revenue": 1572275000, "costOfRevenue": 773550000, "grossProfit": 798725000, "grossProfitRatio": 0.508005915, "researchAndDevelopmentExpenses": 48804000, "generalAndAdministrativeExpenses": 600804000, "sellingAndMarketingExpenses": 0, "sellingGeneralAndAdministrativeExpenses": 600804000, "otherExpenses": -1706000, "operatingExpenses": 656216000, "costAndExpenses": 1429766000, "interestIncome": 0, "interestExpense": 49908000, "depreciationAndAmortization": 40834000, "ebitda": 185016000, "ebitdaratio": 0.117674071, "operatingIncome": 140836000, "operatingIncomeRatio": 0.0895746609, "totalOtherIncomeExpensesNet": -3379000, "incomeBeforeTax": 89222000, "incomeBeforeTaxRatio": 0.0567470703, "incomeTaxExpense": 39707000, "netIncome": 45012000, "netIncomeRatio": 0.0286285796, "eps": 0.74, "epsdiluted": 0.62, "weightedAverageShsOut": 31247643, "weightedAverageShsOutDil": 64323742, "link": "https://www.sec.gov/Archives/edgar/data/1672013/000155837017002327/0001558370-17-002327-index.htm", "finalLink": "https://www.sec.gov/Archives/edgar/data/1672013/000155837017002327/golf-20161231x10k.htm", "calculatedOtherExpenses": 8281000, "calculatedOperatingExpenses": 657889000, "calculatedNetInterest": -49908000, "calculatedOtherIncome": -1706000, "calculatedIncomeNonControlling": 4503000, "calculatedEbitda": 181670000}, {"date": "2015-12-31", "symbol": "GOLF", "reportedCurrency": "USD", "cik": "0001672013", "fillingDate": "2015-12-31", "acceptedDate": "2015-12-30 19:00:00", "calendarYear": "2015", "period": "FY", "revenue": 1502958000, "costOfRevenue": 727120000, "grossProfit": 775838000, "grossProfitRatio": 0.5162073724, "researchAndDevelopmentExpenses": 45977000, "generalAndAdministrativeExpenses": 0, "sellingAndMarketingExpenses": 0, "sellingGeneralAndAdministrativeExpenses": 604018000, "otherExpenses": 218000, "operatingExpenses": 656612000, "costAndExpenses": 1383732000, "interestIncome": 1693000, "interestExpense": 61987000, "depreciationAndAmortization": 41702000, "ebitda": 162839000, "ebitdaratio": 0.1083456757, "operatingIncome": 117583000, "operatingIncomeRatio": 0.0782343885, "totalOtherIncomeExpensesNet": -26782000, "incomeBeforeTax": 32150000, "incomeBeforeTaxRatio": 0.02139115, "incomeTaxExpense": 27994000, "netIncome": -966000, "netIncomeRatio": -0.0006427325, "eps": -0.0136, "epsdiluted": -0.0136, "weightedAverageShsOut": 70988319, "weightedAverageShsOutDil": 70992198, "link": "", "finalLink": "", "calculatedOtherExpenses": 8260000, "calculatedOperatingExpenses": 658255000, "calculatedNetInterest": -60294000, "calculatedOtherIncome": -25139000, "calculatedIncomeNonControlling": 5122000, "calculatedEbitda": 159285000}, {"date": "2014-12-31", "symbol": "GOLF", "reportedCurrency": "USD", "cik": "0001672013", "fillingDate": "2014-12-31", "acceptedDate": "2014-12-30 19:00:00", "calendarYear": "2014", "period": "FY", "revenue": 1537610000, "costOfRevenue": 779678000, "grossProfit": 757932000, "grossProfitRatio": 0.492928636, "researchAndDevelopmentExpenses": 44243000, "generalAndAdministrativeExpenses": 0, "sellingAndMarketingExpenses": 0, "sellingGeneralAndAdministrativeExpenses": 602755000, "otherExpenses": 847000, "operatingExpenses": 653685000, "costAndExpenses": 1433363000, "interestIncome": 924000, "interestExpense": 64453000, "depreciationAndAmortization": 43159000, "ebitda": 149177000, "ebitdaratio": 0.0970187499, "operatingIncome": 104247000, "operatingIncomeRatio": 0.0677980762, "totalOtherIncomeExpensesNet": 1348000, "incomeBeforeTax": 42066000, "incomeBeforeTaxRatio": 0.0273580427, "incomeTaxExpense": 16700000, "netIncome": 21557000, "netIncomeRatio": 0.01401981, "eps": 0.23, "epsdiluted": 0.23, "weightedAverageShsOut": 16716825, "weightedAverageShsOutDil": 16716825, "link": "", "finalLink": "", "calculatedOtherExpenses": 6687000, "calculatedOperatingExpenses": 653685000, "calculatedNetInterest": -63529000, "calculatedOtherIncome": 1348000, "calculatedIncomeNonControlling": 3809000, "calculatedEbitda": 147406000}, {"date": "2013-12-31", "symbol": "GOLF", "reportedCurrency": "USD", "cik": "0001672013", "fillingDate": "2013-12-31", "acceptedDate": "2013-12-30 19:00:00", "calendarYear": "2013", "period": "FY", "revenue": 1477219000, "costOfRevenue": 744090000, "grossProfit": 733129000, "grossProfitRatio": 0.4962899881, "researchAndDevelopmentExpenses": 42152000, "generalAndAdministrativeExpenses": 0, "sellingAndMarketingExpenses": 0, "sellingGeneralAndAdministrativeExpenses": 568421000, "otherExpenses": 84000, "operatingExpenses": 617277000, "costAndExpenses": 1361367000, "interestIncome": 570000, "interestExpense": 68719000, "depreciationAndAmortization": 39423000, "ebitda": 155929000, "ebitdaratio": 0.1055557774, "operatingIncome": 114897000, "operatingIncomeRatio": 0.0777792595, "totalOtherIncomeExpensesNet": -6240000, "incomeBeforeTax": 41463000, "incomeBeforeTaxRatio": 0.0280682824, "incomeTaxExpense": 17150000, "netIncome": 19636000, "netIncomeRatio": 0.013292545, "eps": 0.28, "epsdiluted": 0.28, "weightedAverageShsOut": 70988319, "weightedAverageShsOutDil": 70992198, "link": "", "finalLink": "", "calculatedOtherExpenses": 7659000, "calculatedOperatingExpenses": 618232000, "calculatedNetInterest": -68149000, "calculatedOtherIncome": -5285000, "calculatedIncomeNonControlling": 4677000, "calculatedEbitda": 154320000}]}