{"originalCurrency": "USD", "convertedCurrency": "USD", "report": [{"date": "2023-12-31", "symbol": "GPC", "reportedCurrency": "USD", "cik": "0000040987", "fillingDate": "2024-02-22", "acceptedDate": "2024-02-22 13:13:47", "calendarYear": "2023", "period": "FY", "revenue": 23090610000, "costOfRevenue": 15150467000, "grossProfit": 7940143000, "grossProfitRatio": 0.3438689147, "researchAndDevelopmentExpenses": 0, "generalAndAdministrativeExpenses": 5959090000, "sellingAndMarketingExpenses": 234000000, "sellingGeneralAndAdministrativeExpenses": 6193090000, "otherExpenses": 59764000, "operatingExpenses": 6193090000, "costAndExpenses": 21343557000, "interestIncome": 0, "interestExpense": 64468999, "depreciationAndAmortization": 350529000, "ebitda": 2097581999, "ebitdaratio": 0.090841342, "operatingIncome": 1747053000, "operatingIncomeRatio": 0.0756607556, "totalOtherIncomeExpensesNet": -4705000, "incomeBeforeTax": 1742348000, "incomeBeforeTaxRatio": 0.0754569931, "incomeTaxExpense": 425824000, "netIncome": 1316524000, "netIncomeRatio": 0.0570155574, "eps": 9.38, "epsdiluted": 9.33, "weightedAverageShsOut": 140367000, "weightedAverageShsOutDil": 141034000, "link": "https://www.sec.gov/Archives/edgar/data/40987/000004098724000024/0000040987-24-000024-index.htm", "finalLink": "https://www.sec.gov/Archives/edgar/data/40987/000004098724000024/gpc-20231231.htm", "calculatedOtherExpenses": 0, "calculatedOperatingExpenses": 6193090000, "calculatedNetInterest": -64468999, "calculatedOtherIncome": 59763999, "calculatedIncomeNonControlling": 0, "calculatedEbitda": 2097582000}, {"date": "2022-12-31", "symbol": "GPC", "reportedCurrency": "USD", "cik": "0000040987", "fillingDate": "2023-02-23", "acceptedDate": "2023-02-23 14:29:01", "calendarYear": "2022", "period": "FY", "revenue": 22095973000, "costOfRevenue": 14355869000, "grossProfit": 7740104000, "grossProfitRatio": 0.35029478, "researchAndDevelopmentExpenses": 0, "generalAndAdministrativeExpenses": 5522295000, "sellingAndMarketingExpenses": 236000000, "sellingGeneralAndAdministrativeExpenses": 5758295000, "otherExpenses": 367610000, "operatingExpenses": 6125905000, "costAndExpenses": 20481774000, "interestIncome": 73887000, "interestExpense": 73887000, "depreciationAndAmortization": 347819000, "ebitda": 1994308000, "ebitdaratio": 0.0902566273, "operatingIncome": 1646489000, "operatingIncomeRatio": 0.0745153427, "totalOtherIncomeExpensesNet": -73887000, "incomeBeforeTax": 1572602000, "incomeBeforeTaxRatio": 0.0711714302, "incomeTaxExpense": 389901000, "netIncome": 1182701000, "netIncomeRatio": 0.0535256356, "eps": 8.36, "epsdiluted": 8.31, "weightedAverageShsOut": 141468000, "weightedAverageShsOutDil": 142322000, "link": "https://www.sec.gov/Archives/edgar/data/40987/000004098723000008/0000040987-23-000008-index.htm", "finalLink": "https://www.sec.gov/Archives/edgar/data/40987/000004098723000008/gpc-20221231.htm", "calculatedOtherExpenses": 335320000, "calculatedOperatingExpenses": 6093615000, "calculatedNetInterest": 0, "calculatedOtherIncome": -73887000, "calculatedIncomeNonControlling": 0, "calculatedEbitda": 1994308000}, {"date": "2021-12-31", "symbol": "GPC", "reportedCurrency": "USD", "cik": "0000040987", "fillingDate": "2022-02-17", "acceptedDate": "2022-02-17 15:05:47", "calendarYear": "2021", "period": "FY", "revenue": 18870510000, "costOfRevenue": 12236374000, "grossProfit": 6634136000, "grossProfitRatio": 0.3515610336, "researchAndDevelopmentExpenses": 61063000, "generalAndAdministrativeExpenses": 4951506000, "sellingAndMarketingExpenses": 211000000, "sellingGeneralAndAdministrativeExpenses": 5162506000, "otherExpenses": 308710000, "operatingExpenses": 5471216000, "costAndExpenses": 17707590000, "interestIncome": 62150000, "interestExpense": 62150000, "depreciationAndAmortization": 290971000, "ebitda": 1553467000, "ebitdaratio": 0.0823224704, "operatingIncome": 1262496000, "operatingIncomeRatio": 0.0669031203, "totalOtherIncomeExpensesNet": -62150000, "incomeBeforeTax": 1200346000, "incomeBeforeTaxRatio": 0.0636096216, "incomeTaxExpense": 301556000, "netIncome": 898790000, "netIncomeRatio": 0.0476293434, "eps": 6.27, "epsdiluted": 6.23, "weightedAverageShsOut": 143435000, "weightedAverageShsOutDil": 144221000, "link": "https://www.sec.gov/Archives/edgar/data/40987/000004098722000013/0000040987-22-000013-index.htm", "finalLink": "https://www.sec.gov/Archives/edgar/data/40987/000004098722000013/gpc-20211231.htm", "calculatedOtherExpenses": 148071000, "calculatedOperatingExpenses": 5371640000, "calculatedNetInterest": 0, "calculatedOtherIncome": -62150000, "calculatedIncomeNonControlling": 0, "calculatedEbitda": 1553467000}, {"date": "2020-12-31", "symbol": "GPC", "reportedCurrency": "USD", "cik": "0000040987", "fillingDate": "2021-02-19", "acceptedDate": "2021-02-19 15:52:51", "calendarYear": "2020", "period": "FY", "revenue": 16537433000, "costOfRevenue": 10882592000, "grossProfit": 5654841000, "grossProfitRatio": 0.3419418842, "researchAndDevelopmentExpenses": 0, "generalAndAdministrativeExpenses": 4192739000, "sellingAndMarketingExpenses": 194000000, "sellingGeneralAndAdministrativeExpenses": 4386739000, "otherExpenses": 296419000, "operatingExpenses": 4683158000, "costAndExpenses": 15565750000, "interestIncome": 91048000, "interestExpense": 91048000, "depreciationAndAmortization": 272842000, "ebitda": 1302663000, "ebitdaratio": 0.0787705686, "operatingIncome": 1029821000, "operatingIncomeRatio": 0.0622721193, "totalOtherIncomeExpensesNet": -650453000, "incomeBeforeTax": 379368000, "incomeBeforeTaxRatio": 0.0229399569, "incomeTaxExpense": 215973000, "netIncome": 163395000, "netIncomeRatio": 0.0098803121, "eps": 1.13, "epsdiluted": 1.13, "weightedAverageShsOut": 144474000, "weightedAverageShsOutDil": 145115000, "link": "https://www.sec.gov/Archives/edgar/data/40987/000004098721000009/0000040987-21-000009-index.htm", "finalLink": "https://www.sec.gov/Archives/edgar/data/40987/000004098721000009/gpc-20201231.htm", "calculatedOtherExpenses": 238281000, "calculatedOperatingExpenses": 4625020000, "calculatedNetInterest": 0, "calculatedOtherIncome": -650453000, "calculatedIncomeNonControlling": 0, "calculatedEbitda": 1302663000}, {"date": "2019-12-31", "symbol": "GPC", "reportedCurrency": "USD", "cik": "0000040987", "fillingDate": "2020-02-21", "acceptedDate": "2020-02-21 12:58:42", "calendarYear": "2019", "period": "FY", "revenue": 17522234000, "costOfRevenue": 11662551000, "grossProfit": 5859683000, "grossProfitRatio": 0.3344141506, "researchAndDevelopmentExpenses": 0, "generalAndAdministrativeExpenses": 4376010000, "sellingAndMarketingExpenses": 201600000, "sellingGeneralAndAdministrativeExpenses": 4577610000, "otherExpenses": 271139000, "operatingExpenses": 4848749000, "costAndExpenses": 16511300000, "interestIncome": 91405000, "interestExpense": 91405000, "depreciationAndAmortization": 257263000, "ebitda": 1354909000, "ebitdaratio": 0.0773251287, "operatingIncome": 1097646000, "operatingIncomeRatio": 0.0626430397, "totalOtherIncomeExpensesNet": -238363000, "incomeBeforeTax": 859283000, "incomeBeforeTaxRatio": 0.0490395802, "incomeTaxExpense": 212808000, "netIncome": 621085000, "netIncomeRatio": 0.0354455374, "eps": 4.32, "epsdiluted": 4.3, "weightedAverageShsOut": 145736000, "weightedAverageShsOutDil": 146417000, "link": "https://www.sec.gov/Archives/edgar/data/40987/000004098720000010/0000040987-20-000010-index.htm", "finalLink": "https://www.sec.gov/Archives/edgar/data/40987/000004098720000010/gpc-12312019x10k.htm", "calculatedOtherExpenses": 184427000, "calculatedOperatingExpenses": 4762037000, "calculatedNetInterest": 0, "calculatedOtherIncome": -238363000, "calculatedIncomeNonControlling": 25390000, "calculatedEbitda": 1354909000}, {"date": "2018-12-31", "symbol": "GPC", "reportedCurrency": "USD", "cik": "0000040987", "fillingDate": "2019-02-25", "acceptedDate": "2019-02-25 07:17:43", "calendarYear": "2018", "period": "FY", "revenue": 18735073000, "costOfRevenue": 12751286000, "grossProfit": 5983787000, "grossProfitRatio": 0.3193895748, "researchAndDevelopmentExpenses": 0, "generalAndAdministrativeExpenses": 4615290000, "sellingAndMarketingExpenses": 203500000, "sellingGeneralAndAdministrativeExpenses": 4615290000, "otherExpenses": 67822000, "operatingExpenses": 4874072000, "costAndExpenses": 17625358000, "interestIncome": 0, "interestExpense": 93281000, "depreciationAndAmortization": 241635000, "ebitda": 1419172000, "ebitdaratio": 0.075749478, "operatingIncome": 1109715000, "operatingIncomeRatio": 0.059231955, "totalOtherIncomeExpensesNet": 67822000, "incomeBeforeTax": 1075612000, "incomeBeforeTaxRatio": 0.0574116792, "incomeTaxExpense": 265138000, "netIncome": 810474000, "netIncomeRatio": 0.0432597194, "eps": 5.53, "epsdiluted": 5.5, "weightedAverageShsOut": 146657000, "weightedAverageShsOutDil": 147241000, "link": "https://www.sec.gov/Archives/edgar/data/40987/000004098719000015/0000040987-19-000015-index.htm", "finalLink": "https://www.sec.gov/Archives/edgar/data/40987/000004098719000015/gpc-12312018x10k.htm", "calculatedOtherExpenses": 258782000, "calculatedOperatingExpenses": 4874072000, "calculatedNetInterest": -93281000, "calculatedOtherIncome": 59178000, "calculatedIncomeNonControlling": 0, "calculatedEbitda": 1351350000}, {"date": "2017-12-31", "symbol": "GPC", "reportedCurrency": "USD", "cik": "0000040987", "fillingDate": "2018-02-27", "acceptedDate": "2018-02-27 07:02:11", "calendarYear": "2017", "period": "FY", "revenue": 16308801000, "costOfRevenue": 11402403000, "grossProfit": 4906398000, "grossProfitRatio": 0.3008435752, "researchAndDevelopmentExpenses": 0, "generalAndAdministrativeExpenses": 3705136000, "sellingAndMarketingExpenses": 24303000, "sellingGeneralAndAdministrativeExpenses": 3729439000, "otherExpenses": 31115000, "operatingExpenses": 3897130000, "costAndExpenses": 15299533000, "interestIncome": 0, "interestExpense": 38677000, "depreciationAndAmortization": 167691000, "ebitda": 1176959000, "ebitdaratio": 0.0721671078, "operatingIncome": 1019639000, "operatingIncomeRatio": 0.0625207825, "totalOtherIncomeExpensesNet": 31115000, "incomeBeforeTax": 1009268000, "incomeBeforeTaxRatio": 0.0618848682, "incomeTaxExpense": 392511000, "netIncome": 616757000, "netIncomeRatio": 0.0378174337, "eps": 4.19, "epsdiluted": 4.18, "weightedAverageShsOut": 147140000, "weightedAverageShsOutDil": 147701000, "link": "https://www.sec.gov/Archives/edgar/data/40987/000004098718000002/0000040987-18-000002-index.htm", "finalLink": "https://www.sec.gov/Archives/edgar/data/40987/000004098718000002/gpc-12312017x10k.htm", "calculatedOtherExpenses": 157320000, "calculatedOperatingExpenses": 3886759000, "calculatedNetInterest": -38677000, "calculatedOtherIncome": 28306000, "calculatedIncomeNonControlling": 0, "calculatedEbitda": 1187330000}, {"date": "2016-12-31", "symbol": "GPC", "reportedCurrency": "USD", "cik": "0000040987", "fillingDate": "2017-02-27", "acceptedDate": "2017-02-27 15:02:36", "calendarYear": "2016", "period": "FY", "revenue": 15339713000, "costOfRevenue": 10740106000, "grossProfit": 4599607000, "grossProfitRatio": 0.2998496126, "researchAndDevelopmentExpenses": 0, "generalAndAdministrativeExpenses": 3370833000, "sellingAndMarketingExpenses": 6947000, "sellingGeneralAndAdministrativeExpenses": 3377780000, "otherExpenses": 25652000, "operatingExpenses": 3525267000, "costAndExpenses": 14265373000, "interestIncome": 0, "interestExpense": 19525000, "depreciationAndAmortization": 147487000, "ebitda": 1221827000, "ebitdaratio": 0.0796512295, "operatingIncome": 1069772000, "operatingIncomeRatio": 0.0697387233, "totalOtherIncomeExpensesNet": 25652000, "incomeBeforeTax": 1074340000, "incomeBeforeTaxRatio": 0.0700365124, "incomeTaxExpense": 387100000, "netIncome": 687240000, "netIncomeRatio": 0.0448013597, "eps": 4.61, "epsdiluted": 4.59, "weightedAverageShsOut": 149051000, "weightedAverageShsOutDil": 149804000, "link": "https://www.sec.gov/Archives/edgar/data/40987/000004098717000007/0000040987-17-000007-index.htm", "finalLink": "https://www.sec.gov/Archives/edgar/data/40987/000004098717000007/gpc-12312016x10k.htm", "calculatedOtherExpenses": 152055000, "calculatedOperatingExpenses": 3529835000, "calculatedNetInterest": -19525000, "calculatedOtherIncome": 24093000, "calculatedIncomeNonControlling": 0, "calculatedEbitda": 1217259000}, {"date": "2015-12-31", "symbol": "GPC", "reportedCurrency": "USD", "cik": "0000040987", "fillingDate": "2016-02-26", "acceptedDate": "2016-02-26 09:15:23", "calendarYear": "2015", "period": "FY", "revenue": 15280044000, "costOfRevenue": 10724192000, "grossProfit": 4555852000, "grossProfitRatio": 0.2981569948, "researchAndDevelopmentExpenses": 0, "generalAndAdministrativeExpenses": 3277390000, "sellingAndMarketingExpenses": 13106000, "sellingGeneralAndAdministrativeExpenses": 3290496000, "otherExpenses": 20929000, "operatingExpenses": 3432171000, "costAndExpenses": 14156363000, "interestIncome": 0, "interestExpense": 20354000, "depreciationAndAmortization": 141675000, "ebitda": 1265356000, "ebitdaratio": 0.0828110181, "operatingIncome": 1124414000, "operatingIncomeRatio": 0.0735870918, "totalOtherIncomeExpensesNet": 20929000, "incomeBeforeTax": 1123681000, "incomeBeforeTaxRatio": 0.0735391207, "incomeTaxExpense": 418009000, "netIncome": 705672000, "netIncomeRatio": 0.0461825895, "eps": 4.65, "epsdiluted": 4.63, "weightedAverageShsOut": 151667000, "weightedAverageShsOutDil": 152496000, "link": "https://www.sec.gov/Archives/edgar/data/40987/000119312516479829/0001193125-16-479829-index.htm", "finalLink": "https://www.sec.gov/Archives/edgar/data/40987/000119312516479829/d67913d10k.htm", "calculatedOtherExpenses": 140942000, "calculatedOperatingExpenses": 3431438000, "calculatedNetInterest": -20354000, "calculatedOtherIncome": 19621000, "calculatedIncomeNonControlling": 0, "calculatedEbitda": 1266089000}, {"date": "2014-12-31", "symbol": "GPC", "reportedCurrency": "USD", "cik": "0000040987", "fillingDate": "2015-02-26", "acceptedDate": "2015-02-26 08:04:09", "calendarYear": "2014", "period": "FY", "revenue": 15341647000, "costOfRevenue": 10747886000, "grossProfit": 4593761000, "grossProfitRatio": 0.2994307586, "researchAndDevelopmentExpenses": 0, "generalAndAdministrativeExpenses": 3314030000, "sellingAndMarketingExpenses": 13679000, "sellingGeneralAndAdministrativeExpenses": 3327709000, "otherExpenses": 18601000, "operatingExpenses": 3476022000, "costAndExpenses": 14223908000, "interestIncome": 0, "interestExpense": 25088000, "depreciationAndAmortization": 148313000, "ebitda": 1266052000, "ebitdaratio": 0.0825238646, "operatingIncome": 1124226000, "operatingIncomeRatio": 0.0732793552, "totalOtherIncomeExpensesNet": 18601000, "incomeBeforeTax": 1117739000, "incomeBeforeTaxRatio": 0.0728565193, "incomeTaxExpense": 406453000, "netIncome": 711286000, "netIncomeRatio": 0.0463630795, "eps": 4.64, "epsdiluted": 4.61, "weightedAverageShsOut": 153299000, "weightedAverageShsOutDil": 154375000, "link": "https://www.sec.gov/Archives/edgar/data/40987/000119312515064165/0001193125-15-064165-index.htm", "finalLink": "https://www.sec.gov/Archives/edgar/data/40987/000119312515064165/d829495d10k.htm", "calculatedOtherExpenses": 141826000, "calculatedOperatingExpenses": 3469535000, "calculatedNetInterest": -25088000, "calculatedOtherIncome": 18601000, "calculatedIncomeNonControlling": 0, "calculatedEbitda": 1272539000}, {"date": "2013-12-31", "symbol": "GPC", "reportedCurrency": "USD", "cik": "0000040987", "fillingDate": "2014-02-27", "acceptedDate": "2014-02-27 08:07:31", "calendarYear": "2013", "period": "FY", "revenue": 14077843000, "costOfRevenue": 9857923000, "grossProfit": 4219920000, "grossProfitRatio": 0.2997561487, "researchAndDevelopmentExpenses": 0, "generalAndAdministrativeExpenses": 3019036000, "sellingAndMarketingExpenses": 22623000, "sellingGeneralAndAdministrativeExpenses": 3041659000, "otherExpenses": 13039000, "operatingExpenses": 3175616000, "costAndExpenses": 13033539000, "interestIncome": 0, "interestExpense": 26971000, "depreciationAndAmortization": 133957000, "ebitda": 1178261000, "ebitdaratio": 0.0836961316, "operatingIncome": 1058236000, "operatingIncomeRatio": 0.0751703226, "totalOtherIncomeExpensesNet": 13039000, "incomeBeforeTax": 1044304000, "incomeBeforeTaxRatio": 0.0741806824, "incomeTaxExpense": 359345000, "netIncome": 684959000, "netIncomeRatio": 0.04865511, "eps": 4.43, "epsdiluted": 4.4, "weightedAverageShsOut": 154636000, "weightedAverageShsOutDil": 155714000, "link": "https://www.sec.gov/Archives/edgar/data/40987/000119312514071170/0001193125-14-071170-index.htm", "finalLink": "https://www.sec.gov/Archives/edgar/data/40987/000119312514071170/d633944d10k.htm", "calculatedOtherExpenses": 120025000, "calculatedOperatingExpenses": 3161684000, "calculatedNetInterest": -26971000, "calculatedOtherIncome": 13039000, "calculatedIncomeNonControlling": 0, "calculatedEbitda": 1192193000}, {"date": "2012-12-31", "symbol": "GPC", "reportedCurrency": "USD", "cik": "0000040987", "fillingDate": "2013-02-26", "acceptedDate": "2013-02-26 15:16:25", "calendarYear": "2012", "period": "FY", "revenue": 13013868000, "costOfRevenue": 9235777000, "grossProfit": 3778091000, "grossProfitRatio": 0.290312688, "researchAndDevelopmentExpenses": 0, "generalAndAdministrativeExpenses": 2648430000, "sellingAndMarketingExpenses": 12346000, "sellingGeneralAndAdministrativeExpenses": 2660776000, "otherExpenses": 16183000, "operatingExpenses": 2759159000, "costAndExpenses": 11994936000, "interestIncome": 0, "interestExpense": 20482000, "depreciationAndAmortization": 98383000, "ebitda": 1117315000, "ebitdaratio": 0.0858557195, "operatingIncome": 1023231000, "operatingIncomeRatio": 0.0786262009, "totalOtherIncomeExpensesNet": 16183000, "incomeBeforeTax": 1018932000, "incomeBeforeTaxRatio": 0.078295861, "incomeTaxExpense": 370891000, "netIncome": 648041000, "netIncomeRatio": 0.0497961867, "eps": 4.17, "epsdiluted": 4.14, "weightedAverageShsOut": 155413000, "weightedAverageShsOutDil": 156420000, "link": "https://www.sec.gov/Archives/edgar/data/40987/000119312513076665/0001193125-13-076665-index.htm", "finalLink": "https://www.sec.gov/Archives/edgar/data/40987/000119312513076665/d455931d10k.htm", "calculatedOtherExpenses": 94084000, "calculatedOperatingExpenses": 2754860000, "calculatedNetInterest": -20482000, "calculatedOtherIncome": 16183000, "calculatedIncomeNonControlling": 0, "calculatedEbitda": 1121614000}, {"date": "2011-12-31", "symbol": "GPC", "reportedCurrency": "USD", "cik": "0000040987", "fillingDate": "2012-02-27", "acceptedDate": "2012-02-27 07:08:17", "calendarYear": "2011", "period": "FY", "revenue": 12458877000, "costOfRevenue": 8852837000, "grossProfit": 3606040000, "grossProfitRatio": 0.2894353961, "researchAndDevelopmentExpenses": 0, "generalAndAdministrativeExpenses": 2594372000, "sellingAndMarketingExpenses": 31926000, "sellingGeneralAndAdministrativeExpenses": 2626298000, "otherExpenses": 102184000, "operatingExpenses": 2715234000, "costAndExpenses": 11568071000, "interestIncome": 0, "interestExpense": 27036000, "depreciationAndAmortization": 88936000, "ebitda": 979742000, "ebitdaratio": 0.0786380667, "operatingIncome": 909484000, "operatingIncomeRatio": 0.0729988746, "totalOtherIncomeExpensesNet": 8358000, "incomeBeforeTax": 890806000, "incomeBeforeTaxRatio": 0.0714997026, "incomeTaxExpense": 325690000, "netIncome": 565116000, "netIncomeRatio": 0.0453585022, "eps": 3.61, "epsdiluted": 3.58, "weightedAverageShsOut": 156656000, "weightedAverageShsOutDil": 157660000, "link": "https://www.sec.gov/Archives/edgar/data/40987/000119312512079802/0001193125-12-079802-index.htm", "finalLink": "https://www.sec.gov/Archives/edgar/data/40987/000119312512079802/d264270d10k.htm", "calculatedOtherExpenses": 70258000, "calculatedOperatingExpenses": 2696556000, "calculatedNetInterest": -27036000, "calculatedOtherIncome": 8358000, "calculatedIncomeNonControlling": 0, "calculatedEbitda": 998420000}, {"date": "2010-12-31", "symbol": "GPC", "reportedCurrency": "USD", "cik": "0000040987", "fillingDate": "2011-02-25", "acceptedDate": "2011-02-25 08:35:16", "calendarYear": "2010", "period": "FY", "revenue": 11207589000, "costOfRevenue": 7954645000, "grossProfit": 3252944000, "grossProfitRatio": 0.2902447618, "researchAndDevelopmentExpenses": 0, "generalAndAdministrativeExpenses": 2366667000, "sellingAndMarketingExpenses": 35162000, "sellingGeneralAndAdministrativeExpenses": 2401829000, "otherExpenses": 99929000, "operatingExpenses": 2491161000, "costAndExpenses": 10445806000, "interestIncome": 0, "interestExpense": 28061000, "depreciationAndAmortization": 89332000, "ebitda": 851115000, "ebitdaratio": 0.0759409539, "operatingIncome": 786348000, "operatingIncomeRatio": 0.0701621018, "totalOtherIncomeExpensesNet": 3496000, "incomeBeforeTax": 761783000, "incomeBeforeTaxRatio": 0.0679702833, "incomeTaxExpense": 286272000, "netIncome": 475511000, "netIncomeRatio": 0.0424275908, "eps": 3.01, "epsdiluted": 3, "weightedAverageShsOut": 158032000, "weightedAverageShsOutDil": 158461000, "link": "https://www.sec.gov/Archives/edgar/data/40987/000095012311018264/0000950123-11-018264-index.htm", "finalLink": "https://www.sec.gov/Archives/edgar/data/40987/000095012311018264/g25551xxe10vk.htm", "calculatedOtherExpenses": 64767000, "calculatedOperatingExpenses": 2466596000, "calculatedNetInterest": -28061000, "calculatedOtherIncome": 3496000, "calculatedIncomeNonControlling": 0, "calculatedEbitda": 875680000}, {"date": "2009-12-31", "symbol": "GPC", "reportedCurrency": "USD", "cik": "0000040987", "fillingDate": "2010-02-26", "acceptedDate": "2010-02-26 11:40:00", "calendarYear": "2009", "period": "FY", "revenue": 10057512000, "costOfRevenue": 7047750000, "grossProfit": 3009762000, "grossProfitRatio": 0.2992551239, "researchAndDevelopmentExpenses": 0, "generalAndAdministrativeExpenses": 2219935000, "sellingAndMarketingExpenses": 145662000, "sellingGeneralAndAdministrativeExpenses": 2365597000, "otherExpenses": 118874000, "operatingExpenses": 2365597000, "costAndExpenses": 9413347000, "interestIncome": 1097000, "interestExpense": 27885000, "depreciationAndAmortization": 90411000, "ebitda": 734576000, "ebitdaratio": 0.0730375465, "operatingIncome": 670953000, "operatingIncomeRatio": 0.0667116281, "totalOtherIncomeExpensesNet": 1097000, "incomeBeforeTax": 644165000, "incomeBeforeTaxRatio": 0.0640481463, "incomeTaxExpense": 244590000, "netIncome": 399575000, "netIncomeRatio": 0.0397290105, "eps": 2.51, "epsdiluted": 2.5, "weightedAverageShsOut": 159410000, "weightedAverageShsOutDil": 159707000, "link": "https://www.sec.gov/Archives/edgar/data/40987/000095012310017728/0000950123-10-017728-index.htm", "finalLink": "https://www.sec.gov/Archives/edgar/data/40987/000095012310017728/g21781e10vk.htm", "calculatedOtherExpenses": -26788000, "calculatedOperatingExpenses": 2338809000, "calculatedNetInterest": -26788000, "calculatedOtherIncome": 0, "calculatedIncomeNonControlling": 0, "calculatedEbitda": 761364000}, {"date": "2008-12-31", "symbol": "GPC", "reportedCurrency": "USD", "cik": "0000040987", "fillingDate": "2009-02-27", "acceptedDate": "2009-02-27 08:33:25", "calendarYear": "2008", "period": "FY", "revenue": 11015263000, "costOfRevenue": 7742773000, "grossProfit": 3272490000, "grossProfitRatio": 0.2970868694, "researchAndDevelopmentExpenses": 0, "generalAndAdministrativeExpenses": 2383712000, "sellingAndMarketingExpenses": 0, "sellingGeneralAndAdministrativeExpenses": 2383712000, "otherExpenses": 88698000, "operatingExpenses": 2472410000, "costAndExpenses": 10215183000, "interestIncome": 0, "interestExpense": 0, "depreciationAndAmortization": 88698000, "ebitda": 888669000, "ebitdaratio": 0.0806761491, "operatingIncome": 800080000, "operatingIncomeRatio": 0.0726337628, "totalOtherIncomeExpensesNet": 109000, "incomeBeforeTax": 768468000, "incomeBeforeTaxRatio": 0.0697639267, "incomeTaxExpense": 293051000, "netIncome": 475417000, "netIncomeRatio": 0.043159841, "eps": 2.93, "epsdiluted": 2.92, "weightedAverageShsOut": 162351000, "weightedAverageShsOutDil": 162986000, "link": "https://www.sec.gov/Archives/edgar/data/40987/000095014409001684/0000950144-09-001684-index.htm", "finalLink": "https://www.sec.gov/Archives/edgar/data/40987/000095014409001684/g17012e10vk.htm", "calculatedOtherExpenses": 88698000, "calculatedOperatingExpenses": 2472410000, "calculatedNetInterest": 0, "calculatedOtherIncome": -31612000, "calculatedIncomeNonControlling": 0, "calculatedEbitda": 888778000}, {"date": "2007-12-31", "symbol": "GPC", "reportedCurrency": "USD", "cik": "0000040987", "fillingDate": "2008-02-29", "acceptedDate": "2008-02-28 20:30:24", "calendarYear": "2007", "period": "FY", "revenue": 10843195000, "costOfRevenue": 7625972000, "grossProfit": 3217223000, "grossProfitRatio": 0.2967043385, "researchAndDevelopmentExpenses": 0, "generalAndAdministrativeExpenses": 2291669000, "sellingAndMarketingExpenses": 0, "sellingGeneralAndAdministrativeExpenses": 2291669000, "otherExpenses": 87702000, "operatingExpenses": 2379371000, "costAndExpenses": 10005343000, "interestIncome": 0, "interestExpense": 0, "depreciationAndAmortization": 87702000, "ebitda": 915334000, "ebitdaratio": 0.0844155251, "operatingIncome": 837852000, "operatingIncomeRatio": 0.0772698453, "totalOtherIncomeExpensesNet": 10220000, "incomeBeforeTax": 816745000, "incomeBeforeTaxRatio": 0.0753232788, "incomeTaxExpense": 310406000, "netIncome": 506339000, "netIncomeRatio": 0.0466964765, "eps": 2.99, "epsdiluted": 2.98, "weightedAverageShsOut": 169129000, "weightedAverageShsOutDil": 170135000, "link": "https://www.sec.gov/Archives/edgar/data/40987/000095014408001503/0000950144-08-001503-index.htm", "finalLink": "https://www.sec.gov/Archives/edgar/data/40987/000095014408001503/g11900e10vk.htm", "calculatedOtherExpenses": 87702000, "calculatedOperatingExpenses": 2379371000, "calculatedNetInterest": 0, "calculatedOtherIncome": -21107000, "calculatedIncomeNonControlling": 0, "calculatedEbitda": 925554000}, {"date": "2006-12-31", "symbol": "GPC", "reportedCurrency": "USD", "cik": "0000040987", "fillingDate": "2007-02-28", "acceptedDate": "2007-02-28 12:33:46", "calendarYear": "2006", "period": "FY", "revenue": 10457942000, "costOfRevenue": 7182447000, "grossProfit": 3275495000, "grossProfitRatio": 0.3132064607, "researchAndDevelopmentExpenses": 0, "generalAndAdministrativeExpenses": 2405354000, "sellingAndMarketingExpenses": 0, "sellingGeneralAndAdministrativeExpenses": 2405354000, "otherExpenses": 73423000, "operatingExpenses": 2478777000, "costAndExpenses": 9661224000, "interestIncome": 0, "interestExpense": 0, "depreciationAndAmortization": 73423000, "ebitda": 864367000, "ebitdaratio": 0.0826517301, "operatingIncome": 796718000, "operatingIncomeRatio": 0.0761830578, "totalOtherIncomeExpensesNet": 5774000, "incomeBeforeTax": 770916000, "incomeBeforeTaxRatio": 0.073715842, "incomeTaxExpense": 295511000, "netIncome": 475405000, "netIncomeRatio": 0.0454587528, "eps": 2.77, "epsdiluted": 2.76, "weightedAverageShsOut": 171576000, "weightedAverageShsOutDil": 172486000, "link": "https://www.sec.gov/Archives/edgar/data/40987/000095014407001699/0000950144-07-001699-index.htm", "finalLink": "https://www.sec.gov/Archives/edgar/data/40987/000095014407001699/g05682e10vk.htm", "calculatedOtherExpenses": 73423000, "calculatedOperatingExpenses": 2478777000, "calculatedNetInterest": 0, "calculatedOtherIncome": -25802000, "calculatedIncomeNonControlling": 0, "calculatedEbitda": 870141000}, {"date": "2005-12-31", "symbol": "GPC", "reportedCurrency": "USD", "cik": "0000040987", "fillingDate": "2006-03-03", "acceptedDate": "2006-03-03 15:17:45", "calendarYear": "2005", "period": "FY", "revenue": 9783050000, "costOfRevenue": 6718964000, "grossProfit": 3064086000, "grossProfitRatio": 0.313203551, "researchAndDevelopmentExpenses": 0, "generalAndAdministrativeExpenses": 2355022000, "sellingAndMarketingExpenses": 0, "sellingGeneralAndAdministrativeExpenses": 2355022000, "otherExpenses": 0, "operatingExpenses": 2355022000, "costAndExpenses": 9073986000, "interestIncome": 0, "interestExpense": 0, "depreciationAndAmortization": 65529000, "ebitda": 774593000, "ebitdaratio": 0.079177046, "operatingIncome": 709064000, "operatingIncomeRatio": 0.0724788282, "totalOtherIncomeExpensesNet": 0, "incomeBeforeTax": 709064000, "incomeBeforeTaxRatio": 0.0724788282, "incomeTaxExpense": 271630000, "netIncome": 437434000, "netIncomeRatio": 0.0447134585, "eps": 2.51, "epsdiluted": 2.5, "weightedAverageShsOut": 174054000, "weightedAverageShsOutDil": 175007000, "link": "https://www.sec.gov/Archives/edgar/data/40987/000095014406001772/0000950144-06-001772-index.htm", "finalLink": "https://www.sec.gov/Archives/edgar/data/40987/000095014406001772/g99860e10vk.htm", "calculatedOtherExpenses": 0, "calculatedOperatingExpenses": 2355022000, "calculatedNetInterest": 0, "calculatedOtherIncome": 0, "calculatedIncomeNonControlling": 0, "calculatedEbitda": 774593000}, {"date": "2004-12-31", "symbol": "GPC", "reportedCurrency": "USD", "cik": "0000040987", "fillingDate": "2005-03-07", "acceptedDate": "2005-03-07 15:25:09", "calendarYear": "2004", "period": "FY", "revenue": 9097267000, "costOfRevenue": 6267544000, "grossProfit": 2829723000, "grossProfitRatio": 0.3110519896, "researchAndDevelopmentExpenses": 0, "generalAndAdministrativeExpenses": 2193804000, "sellingAndMarketingExpenses": 0, "sellingGeneralAndAdministrativeExpenses": 2193804000, "otherExpenses": 0, "operatingExpenses": 2193804000, "costAndExpenses": 8461348000, "interestIncome": 0, "interestExpense": 0, "depreciationAndAmortization": 62207000, "ebitda": 698126000, "ebitdaratio": 0.0767401902, "operatingIncome": 635919000, "operatingIncomeRatio": 0.0699022025, "totalOtherIncomeExpensesNet": 0, "incomeBeforeTax": 635919000, "incomeBeforeTaxRatio": 0.0699022025, "incomeTaxExpense": 240367000, "netIncome": 395552000, "netIncomeRatio": 0.0434803112, "eps": 2.26, "epsdiluted": 2.25, "weightedAverageShsOut": 174687000, "weightedAverageShsOutDil": 175660000, "link": "https://www.sec.gov/Archives/edgar/data/40987/000095014405002175/0000950144-05-002175-index.htm", "finalLink": "https://www.sec.gov/Archives/edgar/data/40987/000095014405002175/g93577e10vk.htm", "calculatedOtherExpenses": 0, "calculatedOperatingExpenses": 2193804000, "calculatedNetInterest": 0, "calculatedOtherIncome": 0, "calculatedIncomeNonControlling": 0, "calculatedEbitda": 698126000}, {"date": "2003-12-31", "symbol": "GPC", "reportedCurrency": "USD", "cik": "0000040987", "fillingDate": "2004-03-08", "acceptedDate": "2004-03-08 11:46:47", "calendarYear": "2003", "period": "FY", "revenue": 8449300000, "costOfRevenue": 5826684000, "grossProfit": 2622616000, "grossProfitRatio": 0.3103944705, "researchAndDevelopmentExpenses": 0, "generalAndAdministrativeExpenses": 2050873000, "sellingAndMarketingExpenses": 0, "sellingGeneralAndAdministrativeExpenses": 2050873000, "otherExpenses": 0, "operatingExpenses": 2050873000, "costAndExpenses": 7877557000, "interestIncome": 0, "interestExpense": 0, "depreciationAndAmortization": 69013000, "ebitda": 640756000, "ebitdaratio": 0.0758353946, "operatingIncome": 571743000, "operatingIncomeRatio": 0.0676674991, "totalOtherIncomeExpensesNet": 0, "incomeBeforeTax": 571743000, "incomeBeforeTaxRatio": 0.0676674991, "incomeTaxExpense": 218101000, "netIncome": 334101000, "netIncomeRatio": 0.0395418555, "eps": 1.92, "epsdiluted": 1.91, "weightedAverageShsOut": 173995000, "weightedAverageShsOutDil": 174480000, "link": "https://www.sec.gov/Archives/edgar/data/40987/000095014404002091/0000950144-04-002091-index.htm", "finalLink": "https://www.sec.gov/Archives/edgar/data/40987/000095014404002091/g87625e10vk.htm", "calculatedOtherExpenses": 0, "calculatedOperatingExpenses": 2050873000, "calculatedNetInterest": 0, "calculatedOtherIncome": 0, "calculatedIncomeNonControlling": 19541000, "calculatedEbitda": 640756000}, {"date": "2002-12-31", "symbol": "GPC", "reportedCurrency": "USD", "cik": "0000040987", "fillingDate": "2003-03-21", "acceptedDate": "2003-03-21 14:12:34", "calendarYear": "2002", "period": "FY", "revenue": 8258927000, "costOfRevenue": 5704749000, "grossProfit": 2554178000, "grossProfitRatio": 0.3092626924, "researchAndDevelopmentExpenses": 0, "generalAndAdministrativeExpenses": 1948442000, "sellingAndMarketingExpenses": 0, "sellingGeneralAndAdministrativeExpenses": 1948442000, "otherExpenses": 0, "operatingExpenses": 1948442000, "costAndExpenses": 7653191000, "interestIncome": 0, "interestExpense": 0, "depreciationAndAmortization": 70151000, "ebitda": 675887000, "ebitdaratio": 0.0818371442, "operatingIncome": 605736000, "operatingIncomeRatio": 0.0733431837, "totalOtherIncomeExpensesNet": 0, "incomeBeforeTax": 605736000, "incomeBeforeTaxRatio": 0.0733431837, "incomeTaxExpense": 238236000, "netIncome": -27590000, "netIncomeRatio": -0.0033406277, "eps": -0.16, "epsdiluted": -0.16, "weightedAverageShsOut": 174369000, "weightedAverageShsOutDil": 175104000, "link": "https://www.sec.gov/Archives/edgar/data/40987/000095014403003508/0000950144-03-003508-index.htm", "finalLink": "https://www.sec.gov/Archives/edgar/data/40987/000095014403003508/g80985e10vk.htm", "calculatedOtherExpenses": 0, "calculatedOperatingExpenses": 1948442000, "calculatedNetInterest": 0, "calculatedOtherIncome": 0, "calculatedIncomeNonControlling": 395090000, "calculatedEbitda": 675887000}, {"date": "2001-12-31", "symbol": "GPC", "reportedCurrency": "USD", "cik": "0000040987", "fillingDate": "2002-03-07", "acceptedDate": "2002-03-07 00:00:00", "calendarYear": "2001", "period": "FY", "revenue": 8220668000, "costOfRevenue": 5699174000, "grossProfit": 2521494000, "grossProfitRatio": 0.3067261687, "researchAndDevelopmentExpenses": 0, "generalAndAdministrativeExpenses": 1951559000, "sellingAndMarketingExpenses": 0, "sellingGeneralAndAdministrativeExpenses": 1951559000, "otherExpenses": 0, "operatingExpenses": 1951559000, "costAndExpenses": 7650733000, "interestIncome": 0, "interestExpense": 0, "depreciationAndAmortization": 85793000, "ebitda": 729650000, "ebitdaratio": 0.0887579939, "operatingIncome": 569935000, "operatingIncomeRatio": 0.0693295241, "totalOtherIncomeExpensesNet": -73922000, "incomeBeforeTax": 496013000, "incomeBeforeTaxRatio": 0.0603373108, "incomeTaxExpense": 198866000, "netIncome": 297147000, "netIncomeRatio": 0.0361463326, "eps": 1.72, "epsdiluted": 1.71, "weightedAverageShsOut": 172765000, "weightedAverageShsOutDil": 173633000, "link": "https://www.sec.gov/Archives/edgar/data/40987/000095014402002108/0000950144-02-002108-index.htm", "finalLink": "https://www.sec.gov/Archives/edgar/data/40987/000095014402002108/g74408e10-k.htm", "calculatedOtherExpenses": 0, "calculatedOperatingExpenses": 1951559000, "calculatedNetInterest": 0, "calculatedOtherIncome": -73922000, "calculatedIncomeNonControlling": 0, "calculatedEbitda": 655728000}, {"date": "2000-12-31", "symbol": "GPC", "reportedCurrency": "USD", "cik": "0000040987", "fillingDate": "2001-03-12", "acceptedDate": "2001-03-12 00:00:00", "calendarYear": "2000", "period": "FY", "revenue": 8369857000, "costOfRevenue": 5672057000, "grossProfit": 2697800000, "grossProfitRatio": 0.3223233085, "researchAndDevelopmentExpenses": 0, "generalAndAdministrativeExpenses": 1958747000, "sellingAndMarketingExpenses": 0, "sellingGeneralAndAdministrativeExpenses": 1958747000, "otherExpenses": 92303000, "operatingExpenses": 2051050000, "costAndExpenses": 7723107000, "interestIncome": 0, "interestExpense": 0, "depreciationAndAmortization": 92303000, "ebitda": 739053000, "ebitdaratio": 0.088299358, "operatingIncome": 646750000, "operatingIncomeRatio": 0.0772713321, "totalOtherIncomeExpensesNet": 0, "incomeBeforeTax": 646750000, "incomeBeforeTaxRatio": 0.0772713321, "incomeTaxExpense": 261427000, "netIncome": 385323000, "netIncomeRatio": 0.0460369873, "eps": 2.2, "epsdiluted": 2.2, "weightedAverageShsOut": 175009000, "weightedAverageShsOutDil": 175327000, "link": "https://www.sec.gov/Archives/edgar/data/40987/000095014401003447/0000950144-01-003447-index.htm", "finalLink": "https://www.sec.gov/Archives/edgar/data/40987/000095014401003447/g67483e10-k.txt", "calculatedOtherExpenses": 92303000, "calculatedOperatingExpenses": 2051050000, "calculatedNetInterest": 0, "calculatedOtherIncome": 0, "calculatedIncomeNonControlling": 0, "calculatedEbitda": 739053000}, {"date": "1999-12-31", "symbol": "GPC", "reportedCurrency": "USD", "cik": "0000040987", "fillingDate": "2000-03-10", "acceptedDate": "2000-03-10 00:00:00", "calendarYear": "1999", "period": "FY", "revenue": 7981700000, "costOfRevenue": 5497600000, "grossProfit": 2484100000, "grossProfitRatio": 0.3112244259, "researchAndDevelopmentExpenses": 0, "generalAndAdministrativeExpenses": 1766100000, "sellingAndMarketingExpenses": 0, "sellingGeneralAndAdministrativeExpenses": 1766100000, "otherExpenses": 90000000, "operatingExpenses": 1856100000, "costAndExpenses": 7353700000, "interestIncome": 0, "interestExpense": 0, "depreciationAndAmortization": 90000000, "ebitda": 718000000, "ebitdaratio": 0.0899557738, "operatingIncome": 628000000, "operatingIncomeRatio": 0.0786799805, "totalOtherIncomeExpensesNet": 0, "incomeBeforeTax": 628000000, "incomeBeforeTaxRatio": 0.0786799805, "incomeTaxExpense": 250400000, "netIncome": 377600000, "netIncomeRatio": 0.0473082175, "eps": 2.11, "epsdiluted": 2.11, "weightedAverageShsOut": 178746000, "weightedAverageShsOutDil": 179238000, "link": "https://www.sec.gov/Archives/edgar/data/40987/000095014400003057/0000950144-00-003057-index.html", "finalLink": "https://www.sec.gov/Archives/edgar/data/40987/000095014400003057/", "calculatedOtherExpenses": 90000000, "calculatedOperatingExpenses": 1856100000, "calculatedNetInterest": 0, "calculatedOtherIncome": 0, "calculatedIncomeNonControlling": 0, "calculatedEbitda": 718000000}, {"date": "1998-12-31", "symbol": "GPC", "reportedCurrency": "USD", "cik": "0000040987", "fillingDate": "1999-03-10", "acceptedDate": "1999-03-10 00:00:00", "calendarYear": "1998", "period": "FY", "revenue": 6614000000, "costOfRevenue": 4542200000, "grossProfit": 2071800000, "grossProfitRatio": 0.3132446326, "researchAndDevelopmentExpenses": 0, "generalAndAdministrativeExpenses": 1413400000, "sellingAndMarketingExpenses": 0, "sellingGeneralAndAdministrativeExpenses": 1413400000, "otherExpenses": 69300000, "operatingExpenses": 1482700000, "costAndExpenses": 6024900000, "interestIncome": 0, "interestExpense": 0, "depreciationAndAmortization": 69300000, "ebitda": 658400000, "ebitdaratio": 0.0995464167, "operatingIncome": 589100000, "operatingIncomeRatio": 0.0890686423, "totalOtherIncomeExpensesNet": 0, "incomeBeforeTax": 589100000, "incomeBeforeTaxRatio": 0.0890686423, "incomeTaxExpense": 233300000, "netIncome": 355800000, "netIncomeRatio": 0.0537949803, "eps": 1.98, "epsdiluted": 1.98, "weightedAverageShsOut": 179416000, "weightedAverageShsOutDil": 180081000, "link": "https://www.sec.gov/Archives/edgar/data/40987/000095014499002489/0000950144-99-002489-index.html", "finalLink": "https://www.sec.gov/Archives/edgar/data/40987/", "calculatedOtherExpenses": 69300000, "calculatedOperatingExpenses": 1482700000, "calculatedNetInterest": 0, "calculatedOtherIncome": 0, "calculatedIncomeNonControlling": 0, "calculatedEbitda": 658400000}, {"date": "1997-12-31", "symbol": "GPC", "reportedCurrency": "USD", "cik": "0000040987", "fillingDate": "1998-03-10", "acceptedDate": "1998-03-10 00:00:00", "calendarYear": "1997", "period": "FY", "revenue": 6005200000, "costOfRevenue": 4119800000, "grossProfit": 1885400000, "grossProfitRatio": 0.3139612336, "researchAndDevelopmentExpenses": 0, "generalAndAdministrativeExpenses": 1261000000, "sellingAndMarketingExpenses": 0, "sellingGeneralAndAdministrativeExpenses": 1261000000, "otherExpenses": 58900000, "operatingExpenses": 1319900000, "costAndExpenses": 5439700000, "interestIncome": 0, "interestExpense": 0, "depreciationAndAmortization": 58900000, "ebitda": 624400000, "ebitdaratio": 0.1039765537, "operatingIncome": 565500000, "operatingIncomeRatio": 0.0941683874, "totalOtherIncomeExpensesNet": 100000, "incomeBeforeTax": 565600000, "incomeBeforeTaxRatio": 0.0941850396, "incomeTaxExpense": 223200000, "netIncome": 342400000, "netIncomeRatio": 0.0570172517, "eps": 1.91, "epsdiluted": 1.9, "weightedAverageShsOut": 179267016, "weightedAverageShsOutDil": 180210526, "link": "https://www.sec.gov/Archives/edgar/data/40987/000095014498002466/0000950144-98-002466-index.html", "finalLink": "https://www.sec.gov/Archives/edgar/data/40987/", "calculatedOtherExpenses": 58900000, "calculatedOperatingExpenses": 1319900000, "calculatedNetInterest": 0, "calculatedOtherIncome": 100000, "calculatedIncomeNonControlling": 0, "calculatedEbitda": 624400000}, {"date": "1996-12-31", "symbol": "GPC", "reportedCurrency": "USD", "cik": "0000040987", "fillingDate": "1997-03-10", "acceptedDate": "1997-03-10 00:00:00", "calendarYear": "1996", "period": "FY", "revenue": 5720500000, "costOfRevenue": 3952500000, "grossProfit": 1768000000, "grossProfitRatio": 0.309063893, "researchAndDevelopmentExpenses": 0, "generalAndAdministrativeExpenses": 1172300000, "sellingAndMarketingExpenses": 0, "sellingGeneralAndAdministrativeExpenses": 1172300000, "otherExpenses": 50400000, "operatingExpenses": 1222700000, "costAndExpenses": 5175200000, "interestIncome": 0, "interestExpense": 0, "depreciationAndAmortization": 50400000, "ebitda": 595700000, "ebitdaratio": 0.104134254, "operatingIncome": 545300000, "operatingIncomeRatio": 0.0953238353, "totalOtherIncomeExpensesNet": 0, "incomeBeforeTax": 545300000, "incomeBeforeTaxRatio": 0.0953238353, "incomeTaxExpense": 215200000, "netIncome": 330100000, "netIncomeRatio": 0.0577047461, "eps": 1.82, "epsdiluted": 1.81, "weightedAverageShsOut": 181373626, "weightedAverageShsOutDil": 182375691, "link": "https://www.sec.gov/Archives/edgar/data/40987/000095014497002226/0000950144-97-002226-index.html", "finalLink": "https://www.sec.gov/Archives/edgar/data/40987/", "calculatedOtherExpenses": 50400000, "calculatedOperatingExpenses": 1222700000, "calculatedNetInterest": 0, "calculatedOtherIncome": 0, "calculatedIncomeNonControlling": 0, "calculatedEbitda": 595700000}, {"date": "1995-12-31", "symbol": "GPC", "reportedCurrency": "USD", "cik": "0000040987", "fillingDate": "1996-03-19", "acceptedDate": "1996-03-19 00:00:00", "calendarYear": "1995", "period": "FY", "revenue": 5261900000, "costOfRevenue": 3611500000, "grossProfit": 1650400000, "grossProfitRatio": 0.3136509626, "researchAndDevelopmentExpenses": 0, "generalAndAdministrativeExpenses": 1096400000, "sellingAndMarketingExpenses": 0, "sellingGeneralAndAdministrativeExpenses": 1096400000, "otherExpenses": 43200000, "operatingExpenses": 1139600000, "costAndExpenses": 4751100000, "interestIncome": 0, "interestExpense": 0, "depreciationAndAmortization": 43200000, "ebitda": 554000000, "ebitdaratio": 0.1052851632, "operatingIncome": 510800000, "operatingIncomeRatio": 0.097075201, "totalOtherIncomeExpensesNet": 0, "incomeBeforeTax": 510800000, "incomeBeforeTaxRatio": 0.097075201, "incomeTaxExpense": 201600000, "netIncome": 309200000, "netIncomeRatio": 0.0587620441, "eps": 1.68, "epsdiluted": 1.68, "weightedAverageShsOut": 183922500, "weightedAverageShsOutDil": 184083333, "link": "https://www.sec.gov/Archives/edgar/data/40987/000095014496001008/0000950144-96-001008-index.html", "finalLink": "https://www.sec.gov/Archives/edgar/data/40987/", "calculatedOtherExpenses": 43200000, "calculatedOperatingExpenses": 1139600000, "calculatedNetInterest": 0, "calculatedOtherIncome": 0, "calculatedIncomeNonControlling": 0, "calculatedEbitda": 554000000}, {"date": "1994-12-31", "symbol": "GPC", "reportedCurrency": "USD", "cik": "0000040987", "fillingDate": "1995-03-22", "acceptedDate": "1995-03-22 00:00:00", "calendarYear": "1994", "period": "FY", "revenue": 4858400000, "costOfRevenue": 3306300000, "grossProfit": 1552100000, "grossProfitRatio": 0.3194673143, "researchAndDevelopmentExpenses": 0, "generalAndAdministrativeExpenses": 1039800000, "sellingAndMarketingExpenses": 0, "sellingGeneralAndAdministrativeExpenses": 1039800000, "otherExpenses": 37400000, "operatingExpenses": 1077200000, "costAndExpenses": 4383500000, "interestIncome": 0, "interestExpense": 0, "depreciationAndAmortization": 37400000, "ebitda": 512300000, "ebitdaratio": 0.1054462374, "operatingIncome": 474900000, "operatingIncomeRatio": 0.0977482299, "totalOtherIncomeExpensesNet": -100000, "incomeBeforeTax": 474800000, "incomeBeforeTaxRatio": 0.097727647, "incomeTaxExpense": 186300000, "netIncome": 288500000, "netIncomeRatio": 0.0593816894, "eps": 1.55, "epsdiluted": 1.55, "weightedAverageShsOut": 186061500, "weightedAverageShsOutDil": 186306306, "link": "https://www.sec.gov/Archives/edgar/data/40987/000095014495000710/0000950144-95-000710-index.html", "finalLink": "https://www.sec.gov/Archives/edgar/data/40987/", "calculatedOtherExpenses": 37400000, "calculatedOperatingExpenses": 1077200000, "calculatedNetInterest": 0, "calculatedOtherIncome": -100000, "calculatedIncomeNonControlling": 0, "calculatedEbitda": 512300000}, {"date": "1993-12-31", "symbol": "GPC", "reportedCurrency": "USD", "cik": "0000040987", "fillingDate": "1994-03-24", "acceptedDate": "1994-03-24 00:00:00", "calendarYear": "1993", "period": "FY", "revenue": 4384300000, "costOfRevenue": 2988600000, "grossProfit": 1395700000, "grossProfitRatio": 0.318340442, "researchAndDevelopmentExpenses": 0, "generalAndAdministrativeExpenses": 0, "sellingAndMarketingExpenses": 0, "sellingGeneralAndAdministrativeExpenses": 935400000, "otherExpenses": 34400000, "operatingExpenses": 969800000, "costAndExpenses": 3958400000, "interestIncome": 0, "interestExpense": 0, "depreciationAndAmortization": 34400000, "ebitda": 460300000, "ebitdaratio": 0.1049882535, "operatingIncome": 425900000, "operatingIncomeRatio": 0.0971420751, "totalOtherIncomeExpensesNet": 0, "incomeBeforeTax": 425900000, "incomeBeforeTaxRatio": 0.0971420751, "incomeTaxExpense": 167000000, "netIncome": 257800000, "netIncomeRatio": 0.0588007208, "eps": 1.38, "epsdiluted": 1.38, "weightedAverageShsOut": 186811594, "weightedAverageShsOutDil": 186811594, "link": "https://www.sec.gov/Archives/edgar/data/40987/000095014494000672/0000950144-94-000672-index.html", "finalLink": "https://www.sec.gov/Archives/edgar/data/40987/", "calculatedOtherExpenses": 34400000, "calculatedOperatingExpenses": 969800000, "calculatedNetInterest": 0, "calculatedOtherIncome": 0, "calculatedIncomeNonControlling": 1100000, "calculatedEbitda": 460300000}, {"date": "1992-12-31", "symbol": "GPC", "reportedCurrency": "USD", "cik": "0000040987", "fillingDate": "1992-12-31", "acceptedDate": "1992-12-30 19:00:00", "calendarYear": "1992", "period": "FY", "revenue": 3668800000, "costOfRevenue": 2497600000, "grossProfit": 1171200000, "grossProfitRatio": 0.3192324466, "researchAndDevelopmentExpenses": 0, "generalAndAdministrativeExpenses": 0, "sellingAndMarketingExpenses": 0, "sellingGeneralAndAdministrativeExpenses": 786100000, "otherExpenses": 31100000, "operatingExpenses": 817200000, "costAndExpenses": 3314800000, "interestIncome": 0, "interestExpense": 0, "depreciationAndAmortization": 31100000, "ebitda": 385100000, "ebitdaratio": 0.1049662015, "operatingIncome": 354000000, "operatingIncomeRatio": 0.0964893153, "totalOtherIncomeExpensesNet": 0, "incomeBeforeTax": 354000000, "incomeBeforeTaxRatio": 0.0964893153, "incomeTaxExpense": 134200000, "netIncome": 219800000, "netIncomeRatio": 0.0599105975, "eps": 1.28, "epsdiluted": 1.28, "weightedAverageShsOut": 171718750, "weightedAverageShsOutDil": 171718750, "link": "", "finalLink": "", "calculatedOtherExpenses": 31100000, "calculatedOperatingExpenses": 817200000, "calculatedNetInterest": 0, "calculatedOtherIncome": 0, "calculatedIncomeNonControlling": 0, "calculatedEbitda": 385100000}, {"date": "1991-12-31", "symbol": "GPC", "reportedCurrency": "USD", "cik": "0000040987", "fillingDate": "1991-12-31", "acceptedDate": "1991-12-30 19:00:00", "calendarYear": "1991", "period": "FY", "revenue": 3434600000, "costOfRevenue": 2343700000, "grossProfit": 1090900000, "grossProfitRatio": 0.3176206836, "researchAndDevelopmentExpenses": 0, "generalAndAdministrativeExpenses": 0, "sellingAndMarketingExpenses": 0, "sellingGeneralAndAdministrativeExpenses": 726100000, "otherExpenses": 29800000, "operatingExpenses": 755900000, "costAndExpenses": 3099600000, "interestIncome": 0, "interestExpense": 0, "depreciationAndAmortization": 29800000, "ebitda": 364800000, "ebitdaratio": 0.1062132417, "operatingIncome": 335000000, "operatingIncomeRatio": 0.0975368311, "totalOtherIncomeExpensesNet": 100000, "incomeBeforeTax": 335100000, "incomeBeforeTaxRatio": 0.0975659465, "incomeTaxExpense": 127400000, "netIncome": 207700000, "netIncomeRatio": 0.0604728353, "eps": 1.21, "epsdiluted": 1.21, "weightedAverageShsOut": 171652893, "weightedAverageShsOutDil": 171652893, "link": "", "finalLink": "", "calculatedOtherExpenses": 29800000, "calculatedOperatingExpenses": 755900000, "calculatedNetInterest": 0, "calculatedOtherIncome": 100000, "calculatedIncomeNonControlling": 0, "calculatedEbitda": 364800000}, {"date": "1990-12-31", "symbol": "GPC", "reportedCurrency": "USD", "cik": "0000040987", "fillingDate": "1990-12-31", "acceptedDate": "1990-12-30 19:00:00", "calendarYear": "1990", "period": "FY", "revenue": 3319400000, "costOfRevenue": 2266000000, "grossProfit": 1053400000, "grossProfitRatio": 0.3173465084, "researchAndDevelopmentExpenses": 0, "generalAndAdministrativeExpenses": 0, "sellingAndMarketingExpenses": 0, "sellingGeneralAndAdministrativeExpenses": 691400000, "otherExpenses": 28800000, "operatingExpenses": 720200000, "costAndExpenses": 2986200000, "interestIncome": 0, "interestExpense": 0, "depreciationAndAmortization": 28800000, "ebitda": 362000000, "ebitdaratio": 0.1090558535, "operatingIncome": 333200000, "operatingIncomeRatio": 0.1003795867, "totalOtherIncomeExpensesNet": 0, "incomeBeforeTax": 333200000, "incomeBeforeTaxRatio": 0.1003795867, "incomeTaxExpense": 126600000, "netIncome": 206600000, "netIncomeRatio": 0.0622401639, "eps": 1.19, "epsdiluted": 1.19, "weightedAverageShsOut": 173613445, "weightedAverageShsOutDil": 173613445, "link": "", "finalLink": "", "calculatedOtherExpenses": 28800000, "calculatedOperatingExpenses": 720200000, "calculatedNetInterest": 0, "calculatedOtherIncome": 0, "calculatedIncomeNonControlling": 0, "calculatedEbitda": 362000000}, {"date": "1989-12-31", "symbol": "GPC", "reportedCurrency": "USD", "cik": "0000040987", "fillingDate": "1989-12-31", "acceptedDate": "1989-12-30 19:00:00", "calendarYear": "1989", "period": "FY", "revenue": 3161200000, "costOfRevenue": 2170300000, "grossProfit": 990900000, "grossProfitRatio": 0.3134569151, "researchAndDevelopmentExpenses": 0, "generalAndAdministrativeExpenses": 0, "sellingAndMarketingExpenses": 0, "sellingGeneralAndAdministrativeExpenses": 644500000, "otherExpenses": 24600000, "operatingExpenses": 669100000, "costAndExpenses": 2839400000, "interestIncome": 0, "interestExpense": 0, "depreciationAndAmortization": 24600000, "ebitda": 346400000, "ebitdaratio": 0.109578641, "operatingIncome": 321800000, "operatingIncomeRatio": 0.101796786, "totalOtherIncomeExpensesNet": 100000, "incomeBeforeTax": 321900000, "incomeBeforeTaxRatio": 0.1018284196, "incomeTaxExpense": 122400000, "netIncome": 199500000, "netIncomeRatio": 0.063108946, "eps": 1.15, "epsdiluted": 1.15, "weightedAverageShsOut": 173478261, "weightedAverageShsOutDil": 173478261, "link": "", "finalLink": "", "calculatedOtherExpenses": 24600000, "calculatedOperatingExpenses": 669100000, "calculatedNetInterest": 0, "calculatedOtherIncome": 100000, "calculatedIncomeNonControlling": 0, "calculatedEbitda": 346400000}, {"date": "1988-12-31", "symbol": "GPC", "reportedCurrency": "USD", "cik": "0000040987", "fillingDate": "1988-12-31", "acceptedDate": "1988-12-30 19:00:00", "calendarYear": "1988", "period": "FY", "revenue": 2942000000, "costOfRevenue": 2029200000, "grossProfit": 912800000, "grossProfitRatio": 0.3102651258, "researchAndDevelopmentExpenses": 0, "generalAndAdministrativeExpenses": 0, "sellingAndMarketingExpenses": 0, "sellingGeneralAndAdministrativeExpenses": 598000000, "otherExpenses": 24300000, "operatingExpenses": 622300000, "costAndExpenses": 2651500000, "interestIncome": 0, "interestExpense": 0, "depreciationAndAmortization": 24300000, "ebitda": 314800000, "ebitdaratio": 0.1070020394, "operatingIncome": 290500000, "operatingIncomeRatio": 0.0987423521, "totalOtherIncomeExpensesNet": 0, "incomeBeforeTax": 290500000, "incomeBeforeTaxRatio": 0.0987423521, "incomeTaxExpense": 109100000, "netIncome": 181400000, "netIncomeRatio": 0.0616587356, "eps": 1.05, "epsdiluted": 1.05, "weightedAverageShsOut": 172761905, "weightedAverageShsOutDil": 172761905, "link": "", "finalLink": "", "calculatedOtherExpenses": 24300000, "calculatedOperatingExpenses": 622300000, "calculatedNetInterest": 0, "calculatedOtherIncome": 0, "calculatedIncomeNonControlling": 0, "calculatedEbitda": 314800000}, {"date": "1987-12-31", "symbol": "GPC", "reportedCurrency": "USD", "cik": "0000040987", "fillingDate": "1987-12-31", "acceptedDate": "1987-12-30 19:00:00", "calendarYear": "1987", "period": "FY", "revenue": 2606200000, "costOfRevenue": 1796200000, "grossProfit": 810000000, "grossProfitRatio": 0.3107973294, "researchAndDevelopmentExpenses": 0, "generalAndAdministrativeExpenses": 0, "sellingAndMarketingExpenses": 0, "sellingGeneralAndAdministrativeExpenses": 526400000, "otherExpenses": 21600000, "operatingExpenses": 548000000, "costAndExpenses": 2344200000, "interestIncome": 0, "interestExpense": 0, "depreciationAndAmortization": 21600000, "ebitda": 283600000, "ebitdaratio": 0.1088174353, "operatingIncome": 262000000, "operatingIncomeRatio": 0.1005295066, "totalOtherIncomeExpensesNet": 100000, "incomeBeforeTax": 262100000, "incomeBeforeTaxRatio": 0.1005678766, "incomeTaxExpense": 113800000, "netIncome": 148300000, "netIncomeRatio": 0.0569027703, "eps": 0.83, "epsdiluted": 0.83, "weightedAverageShsOut": 178674699, "weightedAverageShsOutDil": 178674699, "link": "", "finalLink": "", "calculatedOtherExpenses": 21600000, "calculatedOperatingExpenses": 548000000, "calculatedNetInterest": 0, "calculatedOtherIncome": 100000, "calculatedIncomeNonControlling": 0, "calculatedEbitda": 283600000}, {"date": "1986-12-31", "symbol": "GPC", "reportedCurrency": "USD", "cik": "0000040987", "fillingDate": "1986-12-31", "acceptedDate": "1986-12-30 19:00:00", "calendarYear": "1986", "period": "FY", "revenue": 2394100000, "costOfRevenue": 1653000000, "grossProfit": 741100000, "grossProfitRatio": 0.3095526503, "researchAndDevelopmentExpenses": 0, "generalAndAdministrativeExpenses": 0, "sellingAndMarketingExpenses": 0, "sellingGeneralAndAdministrativeExpenses": 480600000, "otherExpenses": 19900000, "operatingExpenses": 500500000, "costAndExpenses": 2153500000, "interestIncome": 0, "interestExpense": 0, "depreciationAndAmortization": 19900000, "ebitda": 260500000, "ebitdaratio": 0.1088091558, "operatingIncome": 240600000, "operatingIncomeRatio": 0.1004970553, "totalOtherIncomeExpensesNet": 0, "incomeBeforeTax": 240600000, "incomeBeforeTaxRatio": 0.1004970553, "incomeTaxExpense": 119000000, "netIncome": 121600000, "netIncomeRatio": 0.0507915292, "eps": 0.67, "epsdiluted": 0.67, "weightedAverageShsOut": 181492537, "weightedAverageShsOutDil": 181492537, "link": "", "finalLink": "", "calculatedOtherExpenses": 19900000, "calculatedOperatingExpenses": 500500000, "calculatedNetInterest": 0, "calculatedOtherIncome": 0, "calculatedIncomeNonControlling": 0, "calculatedEbitda": 260500000}, {"date": "1985-12-31", "symbol": "GPC", "reportedCurrency": "USD", "cik": "0000040987", "fillingDate": "1985-12-31", "acceptedDate": "1985-12-30 19:00:00", "calendarYear": "1985", "period": "FY", "revenue": 2279500000, "costOfRevenue": 1575000000, "grossProfit": 704500000, "grossProfitRatio": 0.3090590042, "researchAndDevelopmentExpenses": 0, "generalAndAdministrativeExpenses": 0, "sellingAndMarketingExpenses": 0, "sellingGeneralAndAdministrativeExpenses": 451200000, "otherExpenses": 17200000, "operatingExpenses": 468400000, "costAndExpenses": 2043400000, "interestIncome": 0, "interestExpense": 0, "depreciationAndAmortization": 17200000, "ebitda": 253300000, "ebitdaratio": 0.1111208598, "operatingIncome": 236100000, "operatingIncomeRatio": 0.1035753455, "totalOtherIncomeExpensesNet": 100000, "incomeBeforeTax": 236200000, "incomeBeforeTaxRatio": 0.1036192147, "incomeTaxExpense": 115800000, "netIncome": 126200000, "netIncomeRatio": 0.0553630182, "eps": 0.69, "epsdiluted": 0.69, "weightedAverageShsOut": 182898551, "weightedAverageShsOutDil": 182898551, "link": "", "finalLink": "", "calculatedOtherExpenses": 17200000, "calculatedOperatingExpenses": 468400000, "calculatedNetInterest": 0, "calculatedOtherIncome": 100000, "calculatedIncomeNonControlling": -5800000, "calculatedEbitda": 253300000}]}