{"originalCurrency": "USD", "convertedCurrency": "USD", "report": [{"date": "2023-12-31", "symbol": "GPI", "reportedCurrency": "USD", "cik": "0001031203", "fillingDate": "2024-02-14", "acceptedDate": "2024-02-14 17:05:53", "calendarYear": "2023", "period": "FY", "revenue": 17873700000, "costOfRevenue": 14945400000, "grossProfit": 2928300000, "grossProfitRatio": 0.1638328941, "researchAndDevelopmentExpenses": 0, "generalAndAdministrativeExpenses": 1861400000, "sellingAndMarketingExpenses": 83000000, "sellingGeneralAndAdministrativeExpenses": 1944400000, "otherExpenses": -4500000, "operatingExpenses": 1944400000, "costAndExpenses": 16889800000, "interestIncome": 0, "interestExpense": 199200000, "depreciationAndAmortization": 92000000, "ebitda": 1075900000, "ebitdaratio": 0.0601945876, "operatingIncome": 983900000, "operatingIncomeRatio": 0.0550473601, "totalOtherIncomeExpensesNet": -183700000, "incomeBeforeTax": 800200000, "incomeBeforeTaxRatio": 0.0447696895, "incomeTaxExpense": 198200000, "netIncome": 601600000, "netIncomeRatio": 0.0336583919, "eps": 42.89, "epsdiluted": 42.73, "weightedAverageShsOut": 13681660, "weightedAverageShsOutDil": 13734799, "link": "https://www.sec.gov/Archives/edgar/data/1031203/000103120324000013/0001031203-24-000013-index.htm", "finalLink": "https://www.sec.gov/Archives/edgar/data/1031203/000103120324000013/gpi-20231231.htm", "calculatedOtherExpenses": 0, "calculatedOperatingExpenses": 1944400000, "calculatedNetInterest": -199200000, "calculatedOtherIncome": 15500000, "calculatedIncomeNonControlling": 400000, "calculatedEbitda": 1075900000}, {"date": "2022-12-31", "symbol": "GPI", "reportedCurrency": "USD", "cik": "0001031203", "fillingDate": "2023-02-16", "acceptedDate": "2023-02-16 13:12:46", "calendarYear": "2022", "period": "FY", "revenue": 16222100000, "costOfRevenue": 13256900000, "grossProfit": 2965200000, "grossProfitRatio": 0.1827876785, "researchAndDevelopmentExpenses": 0, "generalAndAdministrativeExpenses": 1706800000, "sellingAndMarketingExpenses": 76500000, "sellingGeneralAndAdministrativeExpenses": 1783300000, "otherExpenses": 88400000, "operatingExpenses": 1871700000, "costAndExpenses": 15128600000, "interestIncome": 104800000, "interestExpense": 104800000, "depreciationAndAmortization": 89200000, "ebitda": 1180600000, "ebitdaratio": 0.0727772607, "operatingIncome": 1091400000, "operatingIncomeRatio": 0.0672785891, "totalOtherIncomeExpensesNet": -106100000, "incomeBeforeTax": 985300000, "incomeBeforeTaxRatio": 0.0607381288, "incomeTaxExpense": 231100000, "netIncome": 751500000, "netIncomeRatio": 0.0463256915, "eps": 47.3, "epsdiluted": 47.14, "weightedAverageShsOut": 15441292, "weightedAverageShsOutDil": 15493616, "link": "https://www.sec.gov/Archives/edgar/data/1031203/000103120323000007/0001031203-23-000007-index.htm", "finalLink": "https://www.sec.gov/Archives/edgar/data/1031203/000103120323000007/gpi-20221231.htm", "calculatedOtherExpenses": 90500000, "calculatedOperatingExpenses": 1873800000, "calculatedNetInterest": 0, "calculatedOtherIncome": -106100000, "calculatedIncomeNonControlling": 2700000, "calculatedEbitda": 1180600000}, {"date": "2021-12-31", "symbol": "GPI", "reportedCurrency": "USD", "cik": "0001031203", "fillingDate": "2022-02-23", "acceptedDate": "2022-02-23 16:46:37", "calendarYear": "2021", "period": "FY", "revenue": 13481900000, "costOfRevenue": 11041200000, "grossProfit": 2440700000, "grossProfitRatio": 0.181035314, "researchAndDevelopmentExpenses": 0, "generalAndAdministrativeExpenses": 1411400000, "sellingAndMarketingExpenses": 65800000, "sellingGeneralAndAdministrativeExpenses": 1477200000, "otherExpenses": 77400000, "operatingExpenses": 1554600000, "costAndExpenses": 12595800000, "interestIncome": 83400000, "interestExpense": 83400000, "depreciationAndAmortization": 79000000, "ebitda": 963400000, "ebitdaratio": 0.0714587706, "operatingIncome": 884400000, "operatingIncomeRatio": 0.0655990624, "totalOtherIncomeExpensesNet": -83500000, "incomeBeforeTax": 800900000, "incomeBeforeTaxRatio": 0.0594055734, "incomeTaxExpense": 175500000, "netIncome": 552100000, "netIncomeRatio": 0.0409512012, "eps": 30.22, "epsdiluted": 30.11, "weightedAverageShsOut": 17655365, "weightedAverageShsOutDil": 17722212, "link": "https://www.sec.gov/Archives/edgar/data/1031203/000103120322000007/0001031203-22-000007-index.htm", "finalLink": "https://www.sec.gov/Archives/edgar/data/1031203/000103120322000007/gpi-20211231.htm", "calculatedOtherExpenses": 79100000, "calculatedOperatingExpenses": 1556300000, "calculatedNetInterest": 0, "calculatedOtherIncome": -83500000, "calculatedIncomeNonControlling": 73300000, "calculatedEbitda": 963400000}, {"date": "2020-12-31", "symbol": "GPI", "reportedCurrency": "USD", "cik": "0001031203", "fillingDate": "2021-02-24", "acceptedDate": "2021-02-24 12:44:50", "calendarYear": "2020", "period": "FY", "revenue": 10851800000, "costOfRevenue": 9082900000, "grossProfit": 1768900000, "grossProfitRatio": 0.1630052157, "researchAndDevelopmentExpenses": 0, "generalAndAdministrativeExpenses": 1120300000, "sellingAndMarketingExpenses": 49000000, "sellingGeneralAndAdministrativeExpenses": 1169300000, "otherExpenses": 75800000, "operatingExpenses": 1245100000, "costAndExpenses": 10328000000, "interestIncome": 101100000, "interestExpense": 102100000, "depreciationAndAmortization": 113500000, "ebitda": 599600000, "ebitdaratio": 0.0552535063, "operatingIncome": 486100000, "operatingIncomeRatio": 0.044794412, "totalOtherIncomeExpensesNet": -115800000, "incomeBeforeTax": 370300000, "incomeBeforeTaxRatio": 0.0341233712, "incomeTaxExpense": 83800000, "netIncome": 286500000, "netIncomeRatio": 0.02640115, "eps": 15.56, "epsdiluted": 15.51, "weightedAverageShsOut": 17754666, "weightedAverageShsOutDil": 17806578, "link": "https://www.sec.gov/Archives/edgar/data/1031203/000103120321000007/0001031203-21-000007-index.htm", "finalLink": "https://www.sec.gov/Archives/edgar/data/1031203/000103120321000007/gpi-20201231.htm", "calculatedOtherExpenses": 113500000, "calculatedOperatingExpenses": 1282800000, "calculatedNetInterest": -1000000, "calculatedOtherIncome": -114800000, "calculatedIncomeNonControlling": 0, "calculatedEbitda": 599600000}, {"date": "2019-12-31", "symbol": "GPI", "reportedCurrency": "USD", "cik": "0001031203", "fillingDate": "2020-02-13", "acceptedDate": "2020-02-13 16:46:22", "calendarYear": "2019", "period": "FY", "revenue": 12043800000, "costOfRevenue": 10227800000, "grossProfit": 1816000000, "grossProfitRatio": 0.1507829755, "researchAndDevelopmentExpenses": 0, "generalAndAdministrativeExpenses": 1284300000, "sellingAndMarketingExpenses": 74100000, "sellingGeneralAndAdministrativeExpenses": 1358400000, "otherExpenses": 71600000, "operatingExpenses": 1430000000, "costAndExpenses": 11657800000, "interestIncome": 135700000, "interestExpense": 136500000, "depreciationAndAmortization": 93900000, "ebitda": 457600000, "ebitdaratio": 0.0379946529, "operatingIncome": 363700000, "operatingIncomeRatio": 0.0301981102, "totalOtherIncomeExpensesNet": -136400000, "incomeBeforeTax": 227300000, "incomeBeforeTaxRatio": 0.018872781, "incomeTaxExpense": 53300000, "netIncome": 174000000, "netIncomeRatio": 0.0144472675, "eps": 9.35, "epsdiluted": 9.34, "weightedAverageShsOut": 17917195, "weightedAverageShsOutDil": 17936074, "link": "https://www.sec.gov/Archives/edgar/data/1031203/000103120320000006/0001031203-20-000006-index.htm", "finalLink": "https://www.sec.gov/Archives/edgar/data/1031203/000103120320000006/a2019form10-k.htm", "calculatedOtherExpenses": 93900000, "calculatedOperatingExpenses": 1452300000, "calculatedNetInterest": -800000, "calculatedOtherIncome": -135600000, "calculatedIncomeNonControlling": 0, "calculatedEbitda": 457600000}, {"date": "2018-12-31", "symbol": "GPI", "reportedCurrency": "USD", "cik": "0001031203", "fillingDate": "2019-02-19", "acceptedDate": "2019-02-19 08:34:21", "calendarYear": "2018", "period": "FY", "revenue": 11601358000, "costOfRevenue": 9876265000, "grossProfit": 1725093000, "grossProfitRatio": 0.1486975059, "researchAndDevelopmentExpenses": 0, "generalAndAdministrativeExpenses": 1273057000, "sellingAndMarketingExpenses": 75200000, "sellingGeneralAndAdministrativeExpenses": 1273057000, "otherExpenses": 67070000, "operatingExpenses": 1340127000, "costAndExpenses": 11216392000, "interestIncome": 0, "interestExpense": 135680000, "depreciationAndAmortization": 67070000, "ebitda": 452036000, "ebitdaratio": 0.0389640592, "operatingIncome": 341083000, "operatingIncomeRatio": 0.029400265, "totalOtherIncomeExpensesNet": -43883000, "incomeBeforeTax": 205403000, "incomeBeforeTaxRatio": 0.0177050825, "incomeTaxExpense": 47631000, "netIncome": 157772000, "netIncomeRatio": 0.0135994424, "eps": 8.11, "epsdiluted": 8.11, "weightedAverageShsOut": 19452560, "weightedAverageShsOutDil": 19461052, "link": "https://www.sec.gov/Archives/edgar/data/1031203/000103120319000007/0001031203-19-000007-index.htm", "finalLink": "https://www.sec.gov/Archives/edgar/data/1031203/000103120319000007/a2018form10-knew.htm", "calculatedOtherExpenses": 110953000, "calculatedOperatingExpenses": 1384010000, "calculatedNetInterest": -135680000, "calculatedOtherIncome": 0, "calculatedIncomeNonControlling": 0, "calculatedEbitda": 408153000}, {"date": "2017-12-31", "symbol": "GPI", "reportedCurrency": "USD", "cik": "0001031203", "fillingDate": "2018-02-20", "acceptedDate": "2018-02-16 17:58:37", "calendarYear": "2017", "period": "FY", "revenue": 11123721000, "costOfRevenue": 9478212000, "grossProfit": 1645509000, "grossProfitRatio": 0.1479279281, "researchAndDevelopmentExpenses": 0, "generalAndAdministrativeExpenses": 1226195000, "sellingAndMarketingExpenses": 74100000, "sellingGeneralAndAdministrativeExpenses": 1226195000, "otherExpenses": 57936000, "operatingExpenses": 1284131000, "costAndExpenses": 10762343000, "interestIncome": 0, "interestExpense": 122869000, "depreciationAndAmortization": 57936000, "ebitda": 419314000, "ebitdaratio": 0.0376954798, "operatingIncome": 341872000, "operatingIncomeRatio": 0.0307336007, "totalOtherIncomeExpensesNet": -19506000, "incomeBeforeTax": 219003000, "incomeBeforeTaxRatio": 0.0196879264, "incomeTaxExpense": 5561000, "netIncome": 213442000, "netIncomeRatio": 0.0191880037, "eps": 9.85, "epsdiluted": 9.85, "weightedAverageShsOut": 20420000, "weightedAverageShsOutDil": 20898000, "link": "https://www.sec.gov/Archives/edgar/data/1031203/000103120318000013/0001031203-18-000013-index.htm", "finalLink": "https://www.sec.gov/Archives/edgar/data/1031203/000103120318000013/a2017form10-k.htm", "calculatedOtherExpenses": 77442000, "calculatedOperatingExpenses": 1303637000, "calculatedNetInterest": -122869000, "calculatedOtherIncome": 0, "calculatedIncomeNonControlling": 0, "calculatedEbitda": 399808000}, {"date": "2016-12-31", "symbol": "GPI", "reportedCurrency": "USD", "cik": "0001031203", "fillingDate": "2017-02-17", "acceptedDate": "2017-02-17 17:21:20", "calendarYear": "2016", "period": "FY", "revenue": 10887612000, "costOfRevenue": 9292543000, "grossProfit": 1595069000, "grossProfitRatio": 0.1465031083, "researchAndDevelopmentExpenses": 0, "generalAndAdministrativeExpenses": 1170763000, "sellingAndMarketingExpenses": 75332000, "sellingGeneralAndAdministrativeExpenses": 1170763000, "otherExpenses": 51234000, "operatingExpenses": 1221997000, "costAndExpenses": 10514540000, "interestIncome": 0, "interestExpense": 112863000, "depreciationAndAmortization": 51234000, "ebitda": 424306000, "ebitdaratio": 0.0389714475, "operatingIncome": 340234000, "operatingIncomeRatio": 0.0312496441, "totalOtherIncomeExpensesNet": -32838000, "incomeBeforeTax": 227371000, "incomeBeforeTaxRatio": 0.0208834591, "incomeTaxExpense": 80306000, "netIncome": 147065000, "netIncomeRatio": 0.0135075534, "eps": 6.67, "epsdiluted": 6.67, "weightedAverageShsOut": 21161000, "weightedAverageShsOutDil": 21170000, "link": "https://www.sec.gov/Archives/edgar/data/1031203/000103120317000007/0001031203-17-000007-index.htm", "finalLink": "https://www.sec.gov/Archives/edgar/data/1031203/000103120317000007/a2016form10-k.htm", "calculatedOtherExpenses": 84072000, "calculatedOperatingExpenses": 1254835000, "calculatedNetInterest": -112863000, "calculatedOtherIncome": 0, "calculatedIncomeNonControlling": 0, "calculatedEbitda": 391468000}, {"date": "2015-12-31", "symbol": "GPI", "reportedCurrency": "USD", "cik": "0001031203", "fillingDate": "2016-02-17", "acceptedDate": "2016-02-17 17:19:52", "calendarYear": "2015", "period": "FY", "revenue": 10632505000, "costOfRevenue": 9098533000, "grossProfit": 1533972000, "grossProfitRatio": 0.1442719284, "researchAndDevelopmentExpenses": 0, "generalAndAdministrativeExpenses": 1120833000, "sellingAndMarketingExpenses": 74628000, "sellingGeneralAndAdministrativeExpenses": 1120833000, "otherExpenses": 47239000, "operatingExpenses": 1168072000, "costAndExpenses": 10266605000, "interestIncome": 0, "interestExpense": 96167000, "depreciationAndAmortization": 47239000, "ebitda": 413139000, "ebitdaratio": 0.0388562244, "operatingIncome": 278338000, "operatingIncomeRatio": 0.0261780267, "totalOtherIncomeExpensesNet": -87562000, "incomeBeforeTax": 182171000, "incomeBeforeTaxRatio": 0.0171334037, "incomeTaxExpense": 88172000, "netIncome": 93999000, "netIncomeRatio": 0.00884072, "eps": 3.86, "epsdiluted": 3.86, "weightedAverageShsOut": 23415000, "weightedAverageShsOutDil": 24076000, "link": "https://www.sec.gov/Archives/edgar/data/1031203/000103120316000045/0001031203-16-000045-index.htm", "finalLink": "https://www.sec.gov/Archives/edgar/data/1031203/000103120316000045/a2015form10-k.htm", "calculatedOtherExpenses": 134801000, "calculatedOperatingExpenses": 1255634000, "calculatedNetInterest": -96167000, "calculatedOtherIncome": 0, "calculatedIncomeNonControlling": 0, "calculatedEbitda": 325577000}, {"date": "2014-12-31", "symbol": "GPI", "reportedCurrency": "USD", "cik": "0001031203", "fillingDate": "2015-02-24", "acceptedDate": "2015-02-24 17:23:31", "calendarYear": "2014", "period": "FY", "revenue": 9937889000, "costOfRevenue": 8489951000, "grossProfit": 1447938000, "grossProfitRatio": 0.1456987495, "researchAndDevelopmentExpenses": 0, "generalAndAdministrativeExpenses": 1061964000, "sellingAndMarketingExpenses": 73812000, "sellingGeneralAndAdministrativeExpenses": 1061964000, "otherExpenses": 42344000, "operatingExpenses": 1104308000, "costAndExpenses": 9594259000, "interestIncome": 0, "interestExpense": 91307000, "depreciationAndAmortization": 42344000, "ebitda": 385974000, "ebitdaratio": 0.0388386306, "operatingIncome": 302110000, "operatingIncomeRatio": 0.0303998163, "totalOtherIncomeExpensesNet": -87923000, "incomeBeforeTax": 164400000, "incomeBeforeTaxRatio": 0.0165427487, "incomeTaxExpense": 71396000, "netIncome": 93004000, "netIncomeRatio": 0.0093585267, "eps": 3.68, "epsdiluted": 3.6, "weightedAverageShsOut": 24339000, "weightedAverageShsOutDil": 25846000, "link": "https://www.sec.gov/Archives/edgar/data/1031203/000103120315000009/0001031203-15-000009-index.htm", "finalLink": "https://www.sec.gov/Archives/edgar/data/1031203/000103120315000009/a2014form10-k.htm", "calculatedOtherExpenses": 83864000, "calculatedOperatingExpenses": 1145828000, "calculatedNetInterest": -91307000, "calculatedOtherIncome": -46403000, "calculatedIncomeNonControlling": 0, "calculatedEbitda": 344454000}, {"date": "2013-12-31", "symbol": "GPI", "reportedCurrency": "USD", "cik": "0001031203", "fillingDate": "2014-03-03", "acceptedDate": "2014-03-03 16:48:31", "calendarYear": "2013", "period": "FY", "revenue": 8918581000, "costOfRevenue": 7626035000, "grossProfit": 1292546000, "grossProfitRatio": 0.1449273152, "researchAndDevelopmentExpenses": 0, "generalAndAdministrativeExpenses": 976856000, "sellingAndMarketingExpenses": 58951000, "sellingGeneralAndAdministrativeExpenses": 976856000, "otherExpenses": -789000, "operatingExpenses": 1012682000, "costAndExpenses": 8638717000, "interestIncome": 0, "interestExpense": 80638000, "depreciationAndAmortization": 35826000, "ebitda": 314901000, "ebitdaratio": 0.0353084196, "operatingIncome": 273322000, "operatingIncomeRatio": 0.0306463551, "totalOtherIncomeExpensesNet": -7331000, "incomeBeforeTax": 191895000, "incomeBeforeTaxRatio": 0.0215163152, "incomeTaxExpense": 77903000, "netIncome": 113992000, "netIncomeRatio": 0.0127814055, "eps": 4.5, "epsdiluted": 4.32, "weightedAverageShsOut": 24314000, "weightedAverageShsOutDil": 26381000, "link": "https://www.sec.gov/Archives/edgar/data/1031203/000103120314000010/0001031203-14-000010-index.htm", "finalLink": "https://www.sec.gov/Archives/edgar/data/1031203/000103120314000010/a2013form10-k.htm", "calculatedOtherExpenses": 42368000, "calculatedOperatingExpenses": 1019224000, "calculatedNetInterest": -80638000, "calculatedOtherIncome": -789000, "calculatedIncomeNonControlling": 0, "calculatedEbitda": 309148000}, {"date": "2012-12-31", "symbol": "GPI", "reportedCurrency": "USD", "cik": "0001031203", "fillingDate": "2013-02-20", "acceptedDate": "2013-02-19 18:41:45", "calendarYear": "2012", "period": "FY", "revenue": 7476100000, "costOfRevenue": 6358848000, "grossProfit": 1117252000, "grossProfitRatio": 0.1494431589, "researchAndDevelopmentExpenses": 0, "generalAndAdministrativeExpenses": 848446000, "sellingAndMarketingExpenses": 54147000, "sellingGeneralAndAdministrativeExpenses": 848446000, "otherExpenses": 31534000, "operatingExpenses": 879980000, "costAndExpenses": 7238828000, "interestIncome": 0, "interestExpense": 69261000, "depreciationAndAmortization": 31534000, "ebitda": 268806000, "ebitdaratio": 0.0359553778, "operatingIncome": 229996000, "operatingIncomeRatio": 0.0307641685, "totalOtherIncomeExpensesNet": -7276000, "incomeBeforeTax": 160735000, "incomeBeforeTaxRatio": 0.0214998462, "incomeTaxExpense": 60526000, "netIncome": 100209000, "netIncomeRatio": 0.0134039138, "eps": 4.39, "epsdiluted": 4.19, "weightedAverageShsOut": 21620000, "weightedAverageShsOutDil": 22688000, "link": "https://www.sec.gov/Archives/edgar/data/1031203/000103120313000004/0001031203-13-000004-index.htm", "finalLink": "https://www.sec.gov/Archives/edgar/data/1031203/000103120313000004/a20121231-10k.htm", "calculatedOtherExpenses": 38810000, "calculatedOperatingExpenses": 887256000, "calculatedNetInterest": -69261000, "calculatedOtherIncome": 0, "calculatedIncomeNonControlling": 0, "calculatedEbitda": 261530000}, {"date": "2011-12-31", "symbol": "GPI", "reportedCurrency": "USD", "cik": "0001031203", "fillingDate": "2012-02-10", "acceptedDate": "2012-02-10 16:12:35", "calendarYear": "2011", "period": "FY", "revenue": 6079765000, "costOfRevenue": 5119165000, "grossProfit": 960600000, "grossProfitRatio": 0.1579995279, "researchAndDevelopmentExpenses": 0, "generalAndAdministrativeExpenses": 735229000, "sellingAndMarketingExpenses": 0, "sellingGeneralAndAdministrativeExpenses": 735229000, "otherExpenses": 27063000, "operatingExpenses": 762292000, "costAndExpenses": 5881457000, "interestIncome": 195736000, "interestExpense": 61409000, "depreciationAndAmortization": 27063000, "ebitda": 225371000, "ebitdaratio": 0.0370690315, "operatingIncome": 193503000, "operatingIncomeRatio": 0.0318273815, "totalOtherIncomeExpensesNet": -4805000, "incomeBeforeTax": 132094000, "incomeBeforeTaxRatio": 0.0217268266, "incomeTaxExpense": 49700000, "netIncome": 82394000, "netIncomeRatio": 0.0135521685, "eps": 3.63, "epsdiluted": 3.47, "weightedAverageShsOut": 22707000, "weightedAverageShsOutDil": 22707000, "link": "https://www.sec.gov/Archives/edgar/data/1031203/000119312512052522/0001193125-12-052522-index.htm", "finalLink": "https://www.sec.gov/Archives/edgar/data/1031203/000119312512052522/d264649d10k.htm", "calculatedOtherExpenses": 31868000, "calculatedOperatingExpenses": 767097000, "calculatedNetInterest": 134327000, "calculatedOtherIncome": -195736000, "calculatedIncomeNonControlling": 0, "calculatedEbitda": 220566000}, {"date": "2010-12-31", "symbol": "GPI", "reportedCurrency": "USD", "cik": "0001031203", "fillingDate": "2011-02-11", "acceptedDate": "2011-02-11 16:51:23", "calendarYear": "2010", "period": "FY", "revenue": 5509169000, "costOfRevenue": 4632136000, "grossProfit": 877033000, "grossProfitRatio": 0.1591951527, "researchAndDevelopmentExpenses": 0, "generalAndAdministrativeExpenses": 693635000, "sellingAndMarketingExpenses": 0, "sellingGeneralAndAdministrativeExpenses": 693635000, "otherExpenses": 26455000, "operatingExpenses": 720090000, "costAndExpenses": 5352226000, "interestIncome": 168789000, "interestExpense": 61327000, "depreciationAndAmortization": 26455000, "ebitda": 183398000, "ebitdaratio": 0.0332895941, "operatingIncome": 146103000, "operatingIncomeRatio": 0.0265199706, "totalOtherIncomeExpensesNet": -14712000, "incomeBeforeTax": 80904000, "incomeBeforeTaxRatio": 0.0146853364, "incomeTaxExpense": 30600000, "netIncome": 50304000, "netIncomeRatio": 0.0091309597, "eps": 2.11, "epsdiluted": 2.11, "weightedAverageShsOut": 23793000, "weightedAverageShsOutDil": 23793000, "link": "https://www.sec.gov/Archives/edgar/data/1031203/000095012311012850/0000950123-11-012850-index.htm", "finalLink": "https://www.sec.gov/Archives/edgar/data/1031203/000095012311012850/h79467e10vk.htm", "calculatedOtherExpenses": 37295000, "calculatedOperatingExpenses": 730930000, "calculatedNetInterest": 107462000, "calculatedOtherIncome": -172661000, "calculatedIncomeNonControlling": 0, "calculatedEbitda": 172558000}, {"date": "2009-12-31", "symbol": "GPI", "reportedCurrency": "USD", "cik": "0001031203", "fillingDate": "2010-02-12", "acceptedDate": "2010-02-12 16:51:25", "calendarYear": "2009", "period": "FY", "revenue": 4525707000, "costOfRevenue": 3749870000, "grossProfit": 775837000, "grossProfitRatio": 0.171428906, "researchAndDevelopmentExpenses": 0, "generalAndAdministrativeExpenses": 621048000, "sellingAndMarketingExpenses": 0, "sellingGeneralAndAdministrativeExpenses": 621048000, "otherExpenses": 25828000, "operatingExpenses": 646876000, "costAndExpenses": 4396746000, "interestIncome": 0, "interestExpense": 61420000, "depreciationAndAmortization": 25828000, "ebitda": 154789000, "ebitdaratio": 0.03420217, "operatingIncome": 108074000, "operatingIncomeRatio": 0.0238800258, "totalOtherIncomeExpensesNet": -12690000, "incomeBeforeTax": 54851000, "incomeBeforeTaxRatio": 0.0121198743, "incomeTaxExpense": 20006000, "netIncome": 34845000, "netIncomeRatio": 0.0076993495, "eps": 1.42, "epsdiluted": 1.42, "weightedAverageShsOut": 22833000, "weightedAverageShsOutDil": 23325000, "link": "https://www.sec.gov/Archives/edgar/data/1031203/000095012310012350/0000950123-10-012350-index.htm", "finalLink": "https://www.sec.gov/Archives/edgar/data/1031203/000095012310012350/h69517e10vk.htm", "calculatedOtherExpenses": 46715000, "calculatedOperatingExpenses": 667763000, "calculatedNetInterest": -61420000, "calculatedOtherIncome": 8197000, "calculatedIncomeNonControlling": 0, "calculatedEbitda": 133902000}, {"date": "2008-12-31", "symbol": "GPI", "reportedCurrency": "USD", "cik": "0001031203", "fillingDate": "2009-02-25", "acceptedDate": "2009-02-25 17:12:08", "calendarYear": "2008", "period": "FY", "revenue": 5654087000, "costOfRevenue": 4738426000, "grossProfit": 915661000, "grossProfitRatio": 0.1619467475, "researchAndDevelopmentExpenses": 0, "generalAndAdministrativeExpenses": 739430000, "sellingAndMarketingExpenses": 0, "sellingGeneralAndAdministrativeExpenses": 739430000, "otherExpenses": 25652000, "operatingExpenses": 928105000, "costAndExpenses": 5666531000, "interestIncome": 0, "interestExpense": 75293000, "depreciationAndAmortization": 25652000, "ebitda": 12906000, "ebitdaratio": 0.0022825966, "operatingIncome": -12444000, "operatingIncomeRatio": -0.0022008858, "totalOtherIncomeExpensesNet": 302000, "incomeBeforeTax": -50806000, "incomeBeforeTaxRatio": -0.0089857125, "incomeTaxExpense": -21316000, "netIncome": -31493000, "netIncomeRatio": -0.0055699532, "eps": -1.4, "epsdiluted": -1.39, "weightedAverageShsOut": 22479000, "weightedAverageShsOutDil": 22671000, "link": "https://www.sec.gov/Archives/edgar/data/1031203/000095012909000557/0000950129-09-000557-index.htm", "finalLink": "https://www.sec.gov/Archives/edgar/data/1031203/000095012909000557/h65785e10vk.htm", "calculatedOtherExpenses": 188675000, "calculatedOperatingExpenses": 928105000, "calculatedNetInterest": -75293000, "calculatedOtherIncome": 36931000, "calculatedIncomeNonControlling": 2003000, "calculatedEbitda": 13208000}, {"date": "2007-12-31", "symbol": "GPI", "reportedCurrency": "USD", "cik": "0001031203", "fillingDate": "2008-02-28", "acceptedDate": "2008-02-28 06:04:07", "calendarYear": "2007", "period": "FY", "revenue": 6392997000, "costOfRevenue": 5396618000, "grossProfit": 996379000, "grossProfitRatio": 0.1558547579, "researchAndDevelopmentExpenses": 0, "generalAndAdministrativeExpenses": 778061000, "sellingAndMarketingExpenses": 0, "sellingGeneralAndAdministrativeExpenses": 778061000, "otherExpenses": 37681000, "operatingExpenses": 815742000, "costAndExpenses": 6212360000, "interestIncome": 0, "interestExpense": -48117000, "depreciationAndAmortization": 23175000, "ebitda": 221622000, "ebitdaratio": 0.0346663701, "operatingIncome": 180637000, "operatingIncomeRatio": 0.0282554489, "totalOtherIncomeExpensesNet": -17810000, "incomeBeforeTax": 106023000, "incomeBeforeTaxRatio": 0.0165842405, "incomeTaxExpense": 38071000, "netIncome": 67952000, "netIncomeRatio": 0.0106291306, "eps": 2.92, "epsdiluted": 2.9, "weightedAverageShsOut": 23270000, "weightedAverageShsOutDil": 23406000, "link": "https://www.sec.gov/Archives/edgar/data/1031203/000095013408003648/0000950134-08-003648-index.htm", "finalLink": "https://www.sec.gov/Archives/edgar/data/1031203/000095013408003648/h53960e10vk.htm", "calculatedOtherExpenses": 37681000, "calculatedOperatingExpenses": 815742000, "calculatedNetInterest": 48117000, "calculatedOtherIncome": -122731000, "calculatedIncomeNonControlling": 0, "calculatedEbitda": 203812000}, {"date": "2006-12-31", "symbol": "GPI", "reportedCurrency": "USD", "cik": "0001031203", "fillingDate": "2007-02-27", "acceptedDate": "2007-02-27 17:25:56", "calendarYear": "2006", "period": "FY", "revenue": 6083484000, "costOfRevenue": 5118684000, "grossProfit": 964800000, "grossProfitRatio": 0.1585933324, "researchAndDevelopmentExpenses": 0, "generalAndAdministrativeExpenses": 739765000, "sellingAndMarketingExpenses": 0, "sellingGeneralAndAdministrativeExpenses": 739765000, "otherExpenses": 20379000, "operatingExpenses": 760144000, "costAndExpenses": 5878828000, "interestIncome": 0, "interestExpense": -46682000, "depreciationAndAmortization": 19739000, "ebitda": 226479000, "ebitdaratio": 0.0372285026, "operatingIncome": 204656000, "operatingIncomeRatio": 0.033641249, "totalOtherIncomeExpensesNet": -2084000, "incomeBeforeTax": 139348000, "incomeBeforeTaxRatio": 0.0229059532, "incomeTaxExpense": 50958000, "netIncome": 88390000, "netIncomeRatio": 0.0145295032, "eps": 3.66, "epsdiluted": 3.62, "weightedAverageShsOut": 24146000, "weightedAverageShsOutDil": 24446000, "link": "https://www.sec.gov/Archives/edgar/data/1031203/000095012907000934/0000950129-07-000934-index.htm", "finalLink": "https://www.sec.gov/Archives/edgar/data/1031203/000095012907000934/h43400e10vk.htm", "calculatedOtherExpenses": 20379000, "calculatedOperatingExpenses": 760144000, "calculatedNetInterest": 46682000, "calculatedOtherIncome": -111990000, "calculatedIncomeNonControlling": 0, "calculatedEbitda": 224395000}, {"date": "2005-12-31", "symbol": "GPI", "reportedCurrency": "USD", "cik": "0001031203", "fillingDate": "2006-03-02", "acceptedDate": "2006-03-01 20:42:43", "calendarYear": "2005", "period": "FY", "revenue": 5969590000, "costOfRevenue": 5037184000, "grossProfit": 932406000, "grossProfitRatio": 0.1561926363, "researchAndDevelopmentExpenses": 0, "generalAndAdministrativeExpenses": 741471000, "sellingAndMarketingExpenses": 0, "sellingGeneralAndAdministrativeExpenses": 741471000, "otherExpenses": 18927000, "operatingExpenses": 760398000, "costAndExpenses": 5797582000, "interestIncome": 0, "interestExpense": -37997000, "depreciationAndAmortization": 22452000, "ebitda": 201942000, "ebitdaratio": 0.0338284539, "operatingIncome": 172008000, "operatingIncomeRatio": 0.0288140392, "totalOtherIncomeExpensesNet": -7482000, "incomeBeforeTax": 108407000, "incomeBeforeTaxRatio": 0.0181598736, "incomeTaxExpense": 38138000, "netIncome": 54231000, "netIncomeRatio": 0.0090845435, "eps": 2.27, "epsdiluted": 2.24, "weightedAverageShsOut": 23866000, "weightedAverageShsOutDil": 24229000, "link": "https://www.sec.gov/Archives/edgar/data/1031203/000095012906002147/0000950129-06-002147-index.htm", "finalLink": "https://www.sec.gov/Archives/edgar/data/1031203/000095012906002147/h32915e10vk.htm", "calculatedOtherExpenses": 18927000, "calculatedOperatingExpenses": 760398000, "calculatedNetInterest": 37997000, "calculatedOtherIncome": -101598000, "calculatedIncomeNonControlling": 16038000, "calculatedEbitda": 194460000}, {"date": "2004-12-31", "symbol": "GPI", "reportedCurrency": "USD", "cik": "0001031203", "fillingDate": "2005-03-16", "acceptedDate": "2005-03-16 16:10:40", "calendarYear": "2004", "period": "FY", "revenue": 5435033000, "costOfRevenue": 4603267000, "grossProfit": 831766000, "grossProfitRatio": 0.1530378932, "researchAndDevelopmentExpenses": 0, "generalAndAdministrativeExpenses": 672068000, "sellingAndMarketingExpenses": 0, "sellingGeneralAndAdministrativeExpenses": 672068000, "otherExpenses": 15836000, "operatingExpenses": 687904000, "costAndExpenses": 5291171000, "interestIncome": 0, "interestExpense": 0, "depreciationAndAmortization": 17670000, "ebitda": 212794000, "ebitdaratio": 0.0391522922, "operatingIncome": 143862000, "operatingIncomeRatio": 0.0264693885, "totalOtherIncomeExpensesNet": -51262000, "incomeBeforeTax": 47952000, "incomeBeforeTaxRatio": 0.0088227615, "incomeTaxExpense": 20171000, "netIncome": 27781000, "netIncomeRatio": 0.0051114685, "eps": 1.22, "epsdiluted": 1.18, "weightedAverageShsOut": 22807922, "weightedAverageShsOutDil": 23493899, "link": "https://www.sec.gov/Archives/edgar/data/1031203/000095012905002506/0000950129-05-002506-index.htm", "finalLink": "https://www.sec.gov/Archives/edgar/data/1031203/000095012905002506/h23363e10vk.txt", "calculatedOtherExpenses": 15836000, "calculatedOperatingExpenses": 687904000, "calculatedNetInterest": 0, "calculatedOtherIncome": -95910000, "calculatedIncomeNonControlling": 0, "calculatedEbitda": 161532000}, {"date": "2003-12-31", "symbol": "GPI", "reportedCurrency": "USD", "cik": "0001031203", "fillingDate": "2004-03-11", "acceptedDate": "2004-03-11 16:50:04", "calendarYear": "2003", "period": "FY", "revenue": 4518560000, "costOfRevenue": 3795149000, "grossProfit": 723411000, "grossProfitRatio": 0.160097686, "researchAndDevelopmentExpenses": 0, "generalAndAdministrativeExpenses": 561698000, "sellingAndMarketingExpenses": 0, "sellingGeneralAndAdministrativeExpenses": 561698000, "otherExpenses": 14381000, "operatingExpenses": 576079000, "costAndExpenses": 4371228000, "interestIncome": 0, "interestExpense": 0, "depreciationAndAmortization": 14381000, "ebitda": 161082000, "ebitdaratio": 0.0356489678, "operatingIncome": 147332000, "operatingIncomeRatio": 0.032605963, "totalOtherIncomeExpensesNet": 631000, "incomeBeforeTax": 113072000, "incomeBeforeTaxRatio": 0.0250239014, "incomeTaxExpense": 36946000, "netIncome": 76126000, "netIncomeRatio": 0.0168474027, "eps": 3.38, "epsdiluted": 3.26, "weightedAverageShsOut": 22523825, "weightedAverageShsOutDil": 23346221, "link": "https://www.sec.gov/Archives/edgar/data/1031203/000095012904001195/0000950129-04-001195-index.htm", "finalLink": "https://www.sec.gov/Archives/edgar/data/1031203/000095012904001195/h13155e10vk.txt", "calculatedOtherExpenses": 14381000, "calculatedOperatingExpenses": 576079000, "calculatedNetInterest": 0, "calculatedOtherIncome": -34260000, "calculatedIncomeNonControlling": 0, "calculatedEbitda": 161713000}, {"date": "2002-12-31", "symbol": "GPI", "reportedCurrency": "USD", "cik": "0001031203", "fillingDate": "2003-03-26", "acceptedDate": "2003-03-26 13:47:28", "calendarYear": "2002", "period": "FY", "revenue": 4214364000, "costOfRevenue": 3562069000, "grossProfit": 652295000, "grossProfitRatio": 0.1547789892, "researchAndDevelopmentExpenses": 0, "generalAndAdministrativeExpenses": 502732000, "sellingAndMarketingExpenses": 0, "sellingGeneralAndAdministrativeExpenses": 502732000, "otherExpenses": 11940000, "operatingExpenses": 514672000, "costAndExpenses": 4076741000, "interestIncome": 0, "interestExpense": 0, "depreciationAndAmortization": 11940000, "ebitda": 150608000, "ebitdaratio": 0.0357368277, "operatingIncome": 137623000, "operatingIncomeRatio": 0.0326556985, "totalOtherIncomeExpensesNet": -1045000, "incomeBeforeTax": 107282000, "incomeBeforeTaxRatio": 0.0254562729, "incomeTaxExpense": 40217000, "netIncome": 67065000, "netIncomeRatio": 0.0159134332, "eps": 2.93, "epsdiluted": 2.8, "weightedAverageShsOut": 22875000, "weightedAverageShsOutDil": 23968000, "link": "https://www.sec.gov/Archives/edgar/data/1031203/000095012903001562/0000950129-03-001562-index.htm", "finalLink": "https://www.sec.gov/Archives/edgar/data/1031203/000095012903001562/h03396e10vk.txt", "calculatedOtherExpenses": 11940000, "calculatedOperatingExpenses": 514672000, "calculatedNetInterest": 0, "calculatedOtherIncome": -30341000, "calculatedIncomeNonControlling": 0, "calculatedEbitda": 149563000}, {"date": "2001-12-31", "symbol": "GPI", "reportedCurrency": "USD", "cik": "0001031203", "fillingDate": "2002-03-20", "acceptedDate": "2002-03-20 00:00:00", "calendarYear": "2001", "period": "FY", "revenue": 3996374000, "costOfRevenue": 3389122000, "grossProfit": 607252000, "grossProfitRatio": 0.1519507433, "researchAndDevelopmentExpenses": 0, "generalAndAdministrativeExpenses": 458546000, "sellingAndMarketingExpenses": 0, "sellingGeneralAndAdministrativeExpenses": 458546000, "otherExpenses": 17358000, "operatingExpenses": 475904000, "costAndExpenses": 3865026000, "interestIncome": 0, "interestExpense": 0, "depreciationAndAmortization": 17358000, "ebitda": 148834000, "ebitdaratio": 0.0372422601, "operatingIncome": 131348000, "operatingIncomeRatio": 0.0328667937, "totalOtherIncomeExpensesNet": -128000, "incomeBeforeTax": 89422000, "incomeBeforeTaxRatio": 0.0223757836, "incomeTaxExpense": 33980000, "netIncome": 55442000, "netIncomeRatio": 0.0138730759, "eps": 2.75, "epsdiluted": 2.59, "weightedAverageShsOut": 20138000, "weightedAverageShsOutDil": 21415000, "link": "https://www.sec.gov/Archives/edgar/data/1031203/000095012902001378/0000950129-02-001378-index.htm", "finalLink": "https://www.sec.gov/Archives/edgar/data/1031203/000095012902001378/h95086e10-k.txt", "calculatedOtherExpenses": 17358000, "calculatedOperatingExpenses": 475904000, "calculatedNetInterest": 0, "calculatedOtherIncome": -41926000, "calculatedIncomeNonControlling": 0, "calculatedEbitda": 148706000}, {"date": "2000-12-31", "symbol": "GPI", "reportedCurrency": "USD", "cik": "0001031203", "fillingDate": "2001-03-20", "acceptedDate": "2001-03-20 00:00:00", "calendarYear": "2000", "period": "FY", "revenue": 3586146000, "costOfRevenue": 3058709000, "grossProfit": 527437000, "grossProfitRatio": 0.1470762763, "researchAndDevelopmentExpenses": 0, "generalAndAdministrativeExpenses": 393679000, "sellingAndMarketingExpenses": 0, "sellingGeneralAndAdministrativeExpenses": 393679000, "otherExpenses": 16038000, "operatingExpenses": 409717000, "costAndExpenses": 3468426000, "interestIncome": 0, "interestExpense": 0, "depreciationAndAmortization": 16038000, "ebitda": 132616000, "ebitdaratio": 0.0369800895, "operatingIncome": 117720000, "operatingIncomeRatio": 0.0328263266, "totalOtherIncomeExpensesNet": 1142000, "incomeBeforeTax": 65826000, "incomeBeforeTaxRatio": 0.0183556386, "incomeTaxExpense": 25014000, "netIncome": 40812000, "netIncomeRatio": 0.0113804625, "eps": 1.91, "epsdiluted": 1.88, "weightedAverageShsOut": 21377902, "weightedAverageShsOutDil": 21709833, "link": "https://www.sec.gov/Archives/edgar/data/1031203/000095012901001528/0000950129-01-001528-index.htm", "finalLink": "https://www.sec.gov/Archives/edgar/data/1031203/000095012901001528/h85106e10-k.txt", "calculatedOtherExpenses": 16038000, "calculatedOperatingExpenses": 409717000, "calculatedNetInterest": 0, "calculatedOtherIncome": -51894000, "calculatedIncomeNonControlling": 0, "calculatedEbitda": 133758000}, {"date": "1999-12-31", "symbol": "GPI", "reportedCurrency": "USD", "cik": "0001031203", "fillingDate": "2000-03-30", "acceptedDate": "2000-03-30 00:00:00", "calendarYear": "1999", "period": "FY", "revenue": 2508300000, "costOfRevenue": 2132000000, "grossProfit": 376300000, "grossProfitRatio": 0.1500219272, "researchAndDevelopmentExpenses": 0, "generalAndAdministrativeExpenses": 279800000, "sellingAndMarketingExpenses": 0, "sellingGeneralAndAdministrativeExpenses": 279800000, "otherExpenses": 10600000, "operatingExpenses": 290400000, "costAndExpenses": 2422400000, "interestIncome": 0, "interestExpense": 0, "depreciationAndAmortization": 10600000, "ebitda": 96300000, "ebitdaratio": 0.0383925368, "operatingIncome": 85900000, "operatingIncomeRatio": 0.0342463023, "totalOtherIncomeExpensesNet": 200000, "incomeBeforeTax": 55700000, "incomeBeforeTaxRatio": 0.0222062752, "incomeTaxExpense": 22200000, "netIncome": 33500000, "netIncomeRatio": 0.0133556592, "eps": 1.62, "epsdiluted": 1.55, "weightedAverageShsOut": 20683308, "weightedAverageShsOutDil": 21558920, "link": "https://www.sec.gov/Archives/edgar/data/1031203/000095012900001532/0000950129-00-001532-index.html", "finalLink": "https://www.sec.gov/Archives/edgar/data/1031203/000095012900001532/", "calculatedOtherExpenses": 10600000, "calculatedOperatingExpenses": 290400000, "calculatedNetInterest": 0, "calculatedOtherIncome": -30200000, "calculatedIncomeNonControlling": 0, "calculatedEbitda": 96500000}, {"date": "1998-12-31", "symbol": "GPI", "reportedCurrency": "USD", "cik": "0001031203", "fillingDate": "1999-03-31", "acceptedDate": "1999-03-31 00:00:00", "calendarYear": "1998", "period": "FY", "revenue": 1630100000, "costOfRevenue": 1393500000, "grossProfit": 236600000, "grossProfitRatio": 0.1451444697, "researchAndDevelopmentExpenses": 0, "generalAndAdministrativeExpenses": 178000000, "sellingAndMarketingExpenses": 0, "sellingGeneralAndAdministrativeExpenses": 178000000, "otherExpenses": 6400000, "operatingExpenses": 184400000, "costAndExpenses": 1577900000, "interestIncome": 0, "interestExpense": 0, "depreciationAndAmortization": 6400000, "ebitda": 58600000, "ebitdaratio": 0.0359487148, "operatingIncome": 52200000, "operatingIncomeRatio": 0.0320225753, "totalOtherIncomeExpensesNet": -17000000, "incomeBeforeTax": 35200000, "incomeBeforeTaxRatio": 0.0215937673, "incomeTaxExpense": 14500000, "netIncome": 20700000, "netIncomeRatio": 0.0126986074, "eps": 1.2, "epsdiluted": 1.16, "weightedAverageShsOut": 17281165, "weightedAverageShsOutDil": 17904878, "link": "https://www.sec.gov/Archives/edgar/data/1031203/000095012999001283/0000950129-99-001283-index.html", "finalLink": "https://www.sec.gov/Archives/edgar/data/1031203/", "calculatedOtherExpenses": 6400000, "calculatedOperatingExpenses": 184400000, "calculatedNetInterest": 0, "calculatedOtherIncome": -17000000, "calculatedIncomeNonControlling": 0, "calculatedEbitda": 58600000}, {"date": "1997-12-31", "symbol": "GPI", "reportedCurrency": "USD", "cik": "0001031203", "fillingDate": "1998-03-30", "acceptedDate": "1998-03-30 00:00:00", "calendarYear": "1997", "period": "FY", "revenue": 902300000, "costOfRevenue": 775000000, "grossProfit": 127300000, "grossProfitRatio": 0.1410838967, "researchAndDevelopmentExpenses": 0, "generalAndAdministrativeExpenses": 100900000, "sellingAndMarketingExpenses": 0, "sellingGeneralAndAdministrativeExpenses": 100900000, "otherExpenses": 1000000, "operatingExpenses": 101900000, "costAndExpenses": 876900000, "interestIncome": 0, "interestExpense": 0, "depreciationAndAmortization": 1000000, "ebitda": 26300000, "ebitdaratio": 0.0291477336, "operatingIncome": 25400000, "operatingIncomeRatio": 0.0281502826, "totalOtherIncomeExpensesNet": 100000, "incomeBeforeTax": 19400000, "incomeBeforeTaxRatio": 0.0215006096, "incomeTaxExpense": 8000000, "netIncome": 11400000, "netIncomeRatio": 0.0126343788, "eps": 0.78, "epsdiluted": 0.76, "weightedAverageShsOut": 14677419, "weightedAverageShsOutDil": 14677419, "link": "https://www.sec.gov/Archives/edgar/data/1031203/000095012998001348/0000950129-98-001348-index.html", "finalLink": "https://www.sec.gov/Archives/edgar/data/1031203/", "calculatedOtherExpenses": 1000000, "calculatedOperatingExpenses": 101900000, "calculatedNetInterest": 0, "calculatedOtherIncome": -6000000, "calculatedIncomeNonControlling": 0, "calculatedEbitda": 26400000}]}