{"originalCurrency": "USD", "convertedCurrency": "USD", "report": [{"date": "2023-03-31", "symbol": "GPK", "reportedCurrency": "USD", "cik": "0001408075", "fillingDate": "2023-05-02", "acceptedDate": "2023-05-02 08:22:23", "calendarYear": "2023", "period": "FY", "revenue": 9428000000, "costOfRevenue": 7234000000, "grossProfit": 2194000000, "grossProfitRatio": 0.23271107339838779, "researchAndDevelopmentExpenses": 16000000, "generalAndAdministrativeExpenses": 0, "sellingAndMarketingExpenses": 0, "sellingGeneralAndAdministrativeExpenses": 789000000, "otherExpenses": -55000000, "operatingExpenses": 860000000, "costAndExpenses": 8094000000, "interestIncome": 0, "interestExpense": 250000000, "depreciationAndAmortization": 619000000, "ebitda": 1953000000, "ebitdaratio": 0.20714891811624947, "operatingIncome": 1334000000, "operatingIncomeRatio": 0.14149342384386931, "totalOtherIncomeExpensesNet": -402000000, "incomeBeforeTax": 932000000, "incomeBeforeTaxRatio": 0.09885447602885024, "incomeTaxExpense": 210000000, "netIncome": 723000000, "netIncomeRatio": 0.07668646584641493, "eps": 2.3459, "epsdiluted": 2.339, "weightedAverageShsOut": 308200000, "weightedAverageShsOutDil": 309100000, "link": "https://www.sec.gov/Archives/edgar/data/1408075/000140807523000017/0001408075-23-000017-index.htm", "finalLink": "https://www.sec.gov/Archives/edgar/data/1408075/000140807523000017/gpkexhibit9912023q18-k.htm", "calculatedOtherExpenses": 55000000, "calculatedOperatingExpenses": 860000000, "calculatedNetInterest": -250000000, "calculatedOtherIncome": -152000000, "calculatedIncomeNonControlling": -1000000, "calculatedEbitda": 1953000000}, {"date": "2022-12-31", "symbol": "GPK", "reportedCurrency": "USD", "cik": "0001408075", "fillingDate": "2023-02-09", "acceptedDate": "2023-02-09 15:04:10", "calendarYear": "2022", "period": "FY", "revenue": 9440000000, "costOfRevenue": 7610000000, "grossProfit": 1830000000, "grossProfitRatio": 0.1938559322, "researchAndDevelopmentExpenses": 0, "generalAndAdministrativeExpenses": 0, "sellingAndMarketingExpenses": 0, "sellingGeneralAndAdministrativeExpenses": 774000000, "otherExpenses": 19000000, "operatingExpenses": 793000000, "costAndExpenses": 8403000000, "interestIncome": 0, "interestExpense": 197000000, "depreciationAndAmortization": 691000000, "ebitda": 1597000000, "ebitdaratio": 0.1691737288, "operatingIncome": 906000000, "operatingIncomeRatio": 0.0959745763, "totalOtherIncomeExpensesNet": -190000000, "incomeBeforeTax": 716000000, "incomeBeforeTaxRatio": 0.0758474576, "incomeTaxExpense": 194000000, "netIncome": 522000000, "netIncomeRatio": 0.0552966102, "eps": 1.69, "epsdiluted": 1.69, "weightedAverageShsOut": 308300000, "weightedAverageShsOutDil": 308300000, "link": "https://www.sec.gov/Archives/edgar/data/1408075/000140807523000010/0001408075-23-000010-index.htm", "finalLink": "https://www.sec.gov/Archives/edgar/data/1408075/000140807523000010/gpk-20221231.htm", "calculatedOtherExpenses": 150000000, "calculatedOperatingExpenses": 924000000, "calculatedNetInterest": -197000000, "calculatedOtherIncome": 7000000, "calculatedIncomeNonControlling": 0, "calculatedEbitda": 1597000000}, {"date": "2021-12-31", "symbol": "GPK", "reportedCurrency": "USD", "cik": "0001408075", "fillingDate": "2022-02-22", "acceptedDate": "2022-02-22 11:48:17", "calendarYear": "2021", "period": "FY", "revenue": 7156000000, "costOfRevenue": 6085000000, "grossProfit": 1071000000, "grossProfitRatio": 0.1496646171, "researchAndDevelopmentExpenses": 0, "generalAndAdministrativeExpenses": 0, "sellingAndMarketingExpenses": 0, "sellingGeneralAndAdministrativeExpenses": 528000000, "otherExpenses": -2000000, "operatingExpenses": 526000000, "costAndExpenses": 6611000000, "interestIncome": 0, "interestExpense": 123000000, "depreciationAndAmortization": 489000000, "ebitda": 1039000000, "ebitdaratio": 0.1451928452, "operatingIncome": 550000000, "operatingIncomeRatio": 0.0768585802, "totalOtherIncomeExpensesNet": -261000000, "incomeBeforeTax": 289000000, "incomeBeforeTaxRatio": 0.0403856903, "incomeTaxExpense": 74000000, "netIncome": 204000000, "netIncomeRatio": 0.0285075461, "eps": 0.69, "epsdiluted": 0.68, "weightedAverageShsOut": 297100000, "weightedAverageShsOutDil": 297900000, "link": "https://www.sec.gov/Archives/edgar/data/1408075/000140807522000009/0001408075-22-000009-index.htm", "finalLink": "https://www.sec.gov/Archives/edgar/data/1408075/000140807522000009/gpk-20211231.htm", "calculatedOtherExpenses": -7000000, "calculatedOperatingExpenses": 521000000, "calculatedNetInterest": -123000000, "calculatedOtherIncome": -138000000, "calculatedIncomeNonControlling": 11000000, "calculatedEbitda": 1039000000}, {"date": "2020-12-31", "symbol": "GPK", "reportedCurrency": "USD", "cik": "0001408075", "fillingDate": "2021-02-16", "acceptedDate": "2021-02-16 06:17:12", "calendarYear": "2020", "period": "FY", "revenue": 6559900000, "costOfRevenue": 5459700000, "grossProfit": 1100200000, "grossProfitRatio": 0.1677159713, "researchAndDevelopmentExpenses": 0, "generalAndAdministrativeExpenses": 0, "sellingAndMarketingExpenses": 0, "sellingGeneralAndAdministrativeExpenses": 512600000, "otherExpenses": 2000000, "operatingExpenses": 514600000, "costAndExpenses": 5974300000, "interestIncome": 0, "interestExpense": 128800000, "depreciationAndAmortization": 385600000, "ebitda": 909900000, "ebitdaratio": 0.1387063827, "operatingIncome": 524300000, "operatingIncomeRatio": 0.0799249989, "totalOtherIncomeExpensesNet": -280300000, "incomeBeforeTax": 244000000, "incomeBeforeTaxRatio": 0.037195689, "incomeTaxExpense": 41600000, "netIncome": 167300000, "netIncomeRatio": 0.0255034376, "eps": 0.6, "epsdiluted": 0.6, "weightedAverageShsOut": 278800000, "weightedAverageShsOutDil": 279600000, "link": "https://www.sec.gov/Archives/edgar/data/1408075/000140807521000012/0001408075-21-000012-index.htm", "finalLink": "https://www.sec.gov/Archives/edgar/data/1408075/000140807521000012/gpk-20201231.htm", "calculatedOtherExpenses": 63300000, "calculatedOperatingExpenses": 575900000, "calculatedNetInterest": -128800000, "calculatedOtherIncome": -151500000, "calculatedIncomeNonControlling": 35100000, "calculatedEbitda": 909900000}, {"date": "2019-12-31", "symbol": "GPK", "reportedCurrency": "USD", "cik": "0001408075", "fillingDate": "2020-02-11", "acceptedDate": "2020-02-10 18:44:26", "calendarYear": "2019", "period": "FY", "revenue": 6160100000, "costOfRevenue": 5067500000, "grossProfit": 1092600000, "grossProfitRatio": 0.1773672505, "researchAndDevelopmentExpenses": 0, "generalAndAdministrativeExpenses": 0, "sellingAndMarketingExpenses": 0, "sellingGeneralAndAdministrativeExpenses": 511800000, "otherExpenses": 8800000, "operatingExpenses": 520600000, "costAndExpenses": 5588100000, "interestIncome": 0, "interestExpense": 140600000, "depreciationAndAmortization": 445600000, "ebitda": 979700000, "ebitdaratio": 0.159039626, "operatingIncome": 534100000, "operatingIncomeRatio": 0.0867031379, "totalOtherIncomeExpensesNet": -180100000, "incomeBeforeTax": 354000000, "incomeBeforeTaxRatio": 0.0574665996, "incomeTaxExpense": 76300000, "netIncome": 277700000, "netIncomeRatio": 0.045080437, "eps": 0.94, "epsdiluted": 0.94, "weightedAverageShsOut": 294100000, "weightedAverageShsOutDil": 294800000, "link": "https://www.sec.gov/Archives/edgar/data/1408075/000140807520000009/0001408075-20-000009-index.htm", "finalLink": "https://www.sec.gov/Archives/edgar/data/1408075/000140807520000009/gpk-20191231.htm", "calculatedOtherExpenses": 46700000, "calculatedOperatingExpenses": 558500000, "calculatedNetInterest": -140600000, "calculatedOtherIncome": -39500000, "calculatedIncomeNonControlling": 0, "calculatedEbitda": 979700000}, {"date": "2018-12-31", "symbol": "GPK", "reportedCurrency": "USD", "cik": "0001408075", "fillingDate": "2019-02-13", "acceptedDate": "2019-02-12 18:07:34", "calendarYear": "2018", "period": "FY", "revenue": 6023000000, "costOfRevenue": 5077000000, "grossProfit": 946000000, "grossProfitRatio": 0.1570645858, "researchAndDevelopmentExpenses": 0, "generalAndAdministrativeExpenses": 465700000, "sellingAndMarketingExpenses": 0, "sellingGeneralAndAdministrativeExpenses": 465700000, "otherExpenses": 14900000, "operatingExpenses": 472900000, "costAndExpenses": 5549900000, "interestIncome": 0, "interestExpense": 123700000, "depreciationAndAmortization": 430600000, "ebitda": 918600000, "ebitdaratio": 0.1525153578, "operatingIncome": 458200000, "operatingIncomeRatio": 0.0760750457, "totalOtherIncomeExpensesNet": -1900000, "incomeBeforeTax": 347500000, "incomeBeforeTaxRatio": 0.0576955006, "incomeTaxExpense": 54700000, "netIncome": 221100000, "netIncomeRatio": 0.0367092811, "eps": 0.71, "epsdiluted": 0.71, "weightedAverageShsOut": 309500000, "weightedAverageShsOutDil": 310100000, "link": "https://www.sec.gov/Archives/edgar/data/1408075/000140807519000007/0001408075-19-000007-index.htm", "finalLink": "https://www.sec.gov/Archives/edgar/data/1408075/000140807519000007/gpk1231201810k.htm", "calculatedOtherExpenses": 22100000, "calculatedOperatingExpenses": 487800000, "calculatedNetInterest": -123700000, "calculatedOtherIncome": 13000000, "calculatedIncomeNonControlling": 71700000, "calculatedEbitda": 888800000}, {"date": "2017-12-31", "symbol": "GPK", "reportedCurrency": "USD", "cik": "0001408075", "fillingDate": "2018-02-07", "acceptedDate": "2018-02-07 15:37:02", "calendarYear": "2017", "period": "FY", "revenue": 4403700000, "costOfRevenue": 3684200000, "grossProfit": 719500000, "grossProfitRatio": 0.1633853351, "researchAndDevelopmentExpenses": 0, "generalAndAdministrativeExpenses": 342700000, "sellingAndMarketingExpenses": 0, "sellingGeneralAndAdministrativeExpenses": 342700000, "otherExpenses": 3000000, "operatingExpenses": 345700000, "costAndExpenses": 4029900000, "interestIncome": 0, "interestExpense": 89700000, "depreciationAndAmortization": 330300000, "ebitda": 704100000, "ebitdaratio": 0.1598882758, "operatingIncome": 342700000, "operatingIncomeRatio": 0.0778209233, "totalOtherIncomeExpensesNet": -31100000, "incomeBeforeTax": 253000000, "incomeBeforeTaxRatio": 0.0574516884, "incomeTaxExpense": -45500000, "netIncome": 300200000, "netIncomeRatio": 0.068169948, "eps": 0.97, "epsdiluted": 0.96, "weightedAverageShsOut": 311100000, "weightedAverageShsOutDil": 311900000, "link": "https://www.sec.gov/Archives/edgar/data/1408075/000140807518000009/0001408075-18-000009-index.htm", "finalLink": "https://www.sec.gov/Archives/edgar/data/1408075/000140807518000009/gpk-20171231x10k.htm", "calculatedOtherExpenses": 34100000, "calculatedOperatingExpenses": 376800000, "calculatedNetInterest": -89700000, "calculatedOtherIncome": 0, "calculatedIncomeNonControlling": -1700000, "calculatedEbitda": 673000000}, {"date": "2016-12-31", "symbol": "GPK", "reportedCurrency": "USD", "cik": "0001408075", "fillingDate": "2017-02-08", "acceptedDate": "2017-02-08 17:00:25", "calendarYear": "2016", "period": "FY", "revenue": 4298100000, "costOfRevenue": 3506200000, "grossProfit": 791900000, "grossProfitRatio": 0.1842442009, "researchAndDevelopmentExpenses": 0, "generalAndAdministrativeExpenses": 355700000, "sellingAndMarketingExpenses": 0, "sellingGeneralAndAdministrativeExpenses": 355700000, "otherExpenses": 3100000, "operatingExpenses": 358800000, "costAndExpenses": 3865000000, "interestIncome": 0, "interestExpense": 76600000, "depreciationAndAmortization": 299300000, "ebitda": 732400000, "ebitdaratio": 0.1704008748, "operatingIncome": 396000000, "operatingIncomeRatio": 0.0921337335, "totalOtherIncomeExpensesNet": -37100000, "incomeBeforeTax": 319400000, "incomeBeforeTaxRatio": 0.0743119053, "incomeTaxExpense": 93200000, "netIncome": 228000000, "netIncomeRatio": 0.0530466951, "eps": 0.71, "epsdiluted": 0.71, "weightedAverageShsOut": 320900000, "weightedAverageShsOutDil": 321500000, "link": "https://www.sec.gov/Archives/edgar/data/1408075/000140807517000011/0001408075-17-000011-index.htm", "finalLink": "https://www.sec.gov/Archives/edgar/data/1408075/000140807517000011/gpk-20161231x10k.htm", "calculatedOtherExpenses": 40200000, "calculatedOperatingExpenses": 395900000, "calculatedNetInterest": -76600000, "calculatedOtherIncome": 0, "calculatedIncomeNonControlling": -1800000, "calculatedEbitda": 695300000}, {"date": "2015-12-31", "symbol": "GPK", "reportedCurrency": "USD", "cik": "0001408075", "fillingDate": "2016-02-12", "acceptedDate": "2016-02-12 11:37:54", "calendarYear": "2015", "period": "FY", "revenue": 4160200000, "costOfRevenue": 3371100000, "grossProfit": 789100000, "grossProfitRatio": 0.1896783808, "researchAndDevelopmentExpenses": 0, "generalAndAdministrativeExpenses": 347700000, "sellingAndMarketingExpenses": 0, "sellingGeneralAndAdministrativeExpenses": 347700000, "otherExpenses": -7700000, "operatingExpenses": 340000000, "costAndExpenses": 3711100000, "interestIncome": 0, "interestExpense": 67800000, "depreciationAndAmortization": 280500000, "ebitda": 729600000, "ebitdaratio": 0.1753761838, "operatingIncome": 427100000, "operatingIncomeRatio": 0.1026633335, "totalOtherIncomeExpensesNet": -22000000, "incomeBeforeTax": 359300000, "incomeBeforeTaxRatio": 0.0863660401, "incomeTaxExpense": 130400000, "netIncome": 230100000, "netIncomeRatio": 0.0553098409, "eps": 0.7, "epsdiluted": 0.7, "weightedAverageShsOut": 329500000, "weightedAverageShsOutDil": 330700000, "link": "https://www.sec.gov/Archives/edgar/data/1408075/000140807516000053/0001408075-16-000053-index.htm", "finalLink": "https://www.sec.gov/Archives/edgar/data/1408075/000140807516000053/gpk-20151231x10k.htm", "calculatedOtherExpenses": 14300000, "calculatedOperatingExpenses": 362000000, "calculatedNetInterest": -67800000, "calculatedOtherIncome": 0, "calculatedIncomeNonControlling": -1200000, "calculatedEbitda": 707600000}, {"date": "2014-12-31", "symbol": "GPK", "reportedCurrency": "USD", "cik": "0001408075", "fillingDate": "2015-02-05", "acceptedDate": "2015-02-05 13:17:18", "calendarYear": "2014", "period": "FY", "revenue": 4240500000, "costOfRevenue": 3453300000, "grossProfit": 787200000, "grossProfitRatio": 0.185638486, "researchAndDevelopmentExpenses": 0, "generalAndAdministrativeExpenses": 365500000, "sellingAndMarketingExpenses": 0, "sellingGeneralAndAdministrativeExpenses": 365500000, "otherExpenses": -3700000, "operatingExpenses": 361800000, "costAndExpenses": 3815100000, "interestIncome": 0, "interestExpense": 80700000, "depreciationAndAmortization": 270000000, "ebitda": 695400000, "ebitdaratio": 0.1639900955, "operatingIncome": 227800000, "operatingIncomeRatio": 0.0537200802, "totalOtherIncomeExpensesNet": -212000000, "incomeBeforeTax": 132700000, "incomeBeforeTaxRatio": 0.0312934795, "incomeTaxExpense": 45400000, "netIncome": 89700000, "netIncomeRatio": 0.0211531659, "eps": 0.27, "epsdiluted": 0.27, "weightedAverageShsOut": 328600000, "weightedAverageShsOutDil": 330500000, "link": "https://www.sec.gov/Archives/edgar/data/1408075/000140807515000007/0001408075-15-000007-index.htm", "finalLink": "https://www.sec.gov/Archives/edgar/data/1408075/000140807515000007/gpk-20141231x10k.htm", "calculatedOtherExpenses": 193900000, "calculatedOperatingExpenses": 559400000, "calculatedNetInterest": -80700000, "calculatedOtherIncome": -14400000, "calculatedIncomeNonControlling": -2400000, "calculatedEbitda": 497800000}, {"date": "2013-12-31", "symbol": "GPK", "reportedCurrency": "USD", "cik": "0001408075", "fillingDate": "2014-02-06", "acceptedDate": "2014-02-06 14:33:53", "calendarYear": "2013", "period": "FY", "revenue": 4478100000, "costOfRevenue": 3752500000, "grossProfit": 725600000, "grossProfitRatio": 0.1620330051, "researchAndDevelopmentExpenses": 0, "generalAndAdministrativeExpenses": 384300000, "sellingAndMarketingExpenses": 0, "sellingGeneralAndAdministrativeExpenses": 384300000, "otherExpenses": -13400000, "operatingExpenses": 370900000, "costAndExpenses": 4123400000, "interestIncome": 0, "interestExpense": 101900000, "depreciationAndAmortization": 277400000, "ebitda": 632100000, "ebitdaratio": 0.1411536143, "operatingIncome": 341600000, "operatingIncomeRatio": 0.0762823519, "totalOtherIncomeExpensesNet": -40200000, "incomeBeforeTax": 212600000, "incomeBeforeTaxRatio": 0.0474754918, "incomeTaxExpense": 67400000, "netIncome": 146600000, "netIncomeRatio": 0.0327370983, "eps": 0.42, "epsdiluted": 0.42, "weightedAverageShsOut": 347300000, "weightedAverageShsOutDil": 349700000, "link": "https://www.sec.gov/Archives/edgar/data/1408075/000140807514000006/0001408075-14-000006-index.htm", "finalLink": "https://www.sec.gov/Archives/edgar/data/1408075/000140807514000006/gpk-20131231x10k.htm", "calculatedOtherExpenses": -300000, "calculatedOperatingExpenses": 384000000, "calculatedNetInterest": -101900000, "calculatedOtherIncome": -27100000, "calculatedIncomeNonControlling": -1400000, "calculatedEbitda": 619000000}, {"date": "2012-12-31", "symbol": "GPK", "reportedCurrency": "USD", "cik": "0001408075", "fillingDate": "2013-02-07", "acceptedDate": "2013-02-07 11:35:43", "calendarYear": "2012", "period": "FY", "revenue": 4337100000, "costOfRevenue": 3617500000, "grossProfit": 719600000, "grossProfitRatio": 0.165917318, "researchAndDevelopmentExpenses": 0, "generalAndAdministrativeExpenses": 378100000, "sellingAndMarketingExpenses": 0, "sellingGeneralAndAdministrativeExpenses": 378100000, "otherExpenses": -7300000, "operatingExpenses": 370800000, "costAndExpenses": 3988300000, "interestIncome": 0, "interestExpense": 111100000, "depreciationAndAmortization": 266800000, "ebitda": 615600000, "ebitdaratio": 0.1419381614, "operatingIncome": 322400000, "operatingIncomeRatio": 0.0743353854, "totalOtherIncomeExpensesNet": -37400000, "incomeBeforeTax": 200300000, "incomeBeforeTaxRatio": 0.0461829333, "incomeTaxExpense": 82500000, "netIncome": 122600000, "netIncomeRatio": 0.0282677365, "eps": 0.31, "epsdiluted": 0.31, "weightedAverageShsOut": 393400000, "weightedAverageShsOutDil": 396200000, "link": "https://www.sec.gov/Archives/edgar/data/1408075/000140807513000011/0001408075-13-000011-index.htm", "finalLink": "https://www.sec.gov/Archives/edgar/data/1408075/000140807513000011/gpk-20121231x10k.htm", "calculatedOtherExpenses": 19100000, "calculatedOperatingExpenses": 397200000, "calculatedNetInterest": -111100000, "calculatedOtherIncome": -11000000, "calculatedIncomeNonControlling": -4800000, "calculatedEbitda": 589200000}, {"date": "2011-12-31", "symbol": "GPK", "reportedCurrency": "USD", "cik": "0001408075", "fillingDate": "2012-02-23", "acceptedDate": "2012-02-23 11:41:30", "calendarYear": "2011", "period": "FY", "revenue": 4206300000, "costOfRevenue": 3568800000, "grossProfit": 637500000, "grossProfitRatio": 0.1515583767, "researchAndDevelopmentExpenses": 0, "generalAndAdministrativeExpenses": 342400000, "sellingAndMarketingExpenses": 0, "sellingGeneralAndAdministrativeExpenses": 342400000, "otherExpenses": -2700000, "operatingExpenses": 339700000, "costAndExpenses": 3908500000, "interestIncome": 0, "interestExpense": -144900000, "depreciationAndAmortization": 278400000, "ebitda": 685800000, "ebitdaratio": 0.1630411526, "operatingIncome": 190300000, "operatingIncomeRatio": 0.0452416613, "totalOtherIncomeExpensesNet": -109600000, "incomeBeforeTax": 43300000, "incomeBeforeTaxRatio": 0.0102940827, "incomeTaxExpense": 229800000, "netIncome": 276900000, "netIncomeRatio": 0.0658298267, "eps": 0.74, "epsdiluted": 0.73, "weightedAverageShsOut": 376300000, "weightedAverageShsOutDil": 381700000, "link": "https://www.sec.gov/Archives/edgar/data/1408075/000140807512000010/0001408075-12-000010-index.htm", "finalLink": "https://www.sec.gov/Archives/edgar/data/1408075/000140807512000010/gpk-20111231x10k.htm", "calculatedOtherExpenses": 104800000, "calculatedOperatingExpenses": 447200000, "calculatedNetInterest": 144900000, "calculatedOtherIncome": -291900000, "calculatedIncomeNonControlling": -463400000, "calculatedEbitda": 468700000}, {"date": "2010-12-31", "symbol": "GPK", "reportedCurrency": "USD", "cik": "0001408075", "fillingDate": "2011-03-08", "acceptedDate": "2011-03-08 16:49:20", "calendarYear": "2010", "period": "FY", "revenue": 4095000000, "costOfRevenue": 3501800000, "grossProfit": 593200000, "grossProfitRatio": 0.1448595849, "researchAndDevelopmentExpenses": 0, "generalAndAdministrativeExpenses": 320400000, "sellingAndMarketingExpenses": 0, "sellingGeneralAndAdministrativeExpenses": 320400000, "otherExpenses": -1800000, "operatingExpenses": 318600000, "costAndExpenses": 3820400000, "interestIncome": 0, "interestExpense": 174500000, "depreciationAndAmortization": 288700000, "ebitda": 563300000, "ebitdaratio": 0.1375579976, "operatingIncome": 219500000, "operatingIncomeRatio": 0.0536019536, "totalOtherIncomeExpensesNet": -63500000, "incomeBeforeTax": 36600000, "incomeBeforeTaxRatio": 0.0089377289, "incomeTaxExpense": 27500000, "netIncome": 10700000, "netIncomeRatio": 0.0026129426, "eps": 0.03, "epsdiluted": 0.03, "weightedAverageShsOut": 343800000, "weightedAverageShsOutDil": 347400000, "link": "https://www.sec.gov/Archives/edgar/data/1408075/000095012311023166/0000950123-11-023166-index.htm", "finalLink": "https://www.sec.gov/Archives/edgar/data/1408075/000095012311023166/g26198e10vk.htm", "calculatedOtherExpenses": 53300000, "calculatedOperatingExpenses": 373700000, "calculatedNetInterest": -174500000, "calculatedOtherIncome": -8400000, "calculatedIncomeNonControlling": -1600000, "calculatedEbitda": 508200000}, {"date": "2009-12-31", "symbol": "GPK", "reportedCurrency": "USD", "cik": "0001408075", "fillingDate": "2010-02-23", "acceptedDate": "2010-02-23 16:19:52", "calendarYear": "2009", "period": "FY", "revenue": 4095800000, "costOfRevenue": 3567200000, "grossProfit": 528600000, "grossProfitRatio": 0.1290590361, "researchAndDevelopmentExpenses": 7200000, "generalAndAdministrativeExpenses": 305300000, "sellingAndMarketingExpenses": 0, "sellingGeneralAndAdministrativeExpenses": 305300000, "otherExpenses": -13500000, "operatingExpenses": 299000000, "costAndExpenses": 3866200000, "interestIncome": 400000, "interestExpense": 196800000, "depreciationAndAmortization": 305400000, "ebitda": 535400000, "ebitdaratio": 0.1307192734, "operatingIncome": 282700000, "operatingIncomeRatio": 0.0690219249, "totalOtherIncomeExpensesNet": 46000000, "incomeBeforeTax": 79200000, "incomeBeforeTaxRatio": 0.0193368817, "incomeTaxExpense": 24100000, "netIncome": 56400000, "netIncomeRatio": 0.0137702036, "eps": 0.16, "epsdiluted": 0.16, "weightedAverageShsOut": 343100000, "weightedAverageShsOutDil": 344600000, "link": "https://www.sec.gov/Archives/edgar/data/1408075/000095012310015760/0000950123-10-015760-index.htm", "finalLink": "https://www.sec.gov/Archives/edgar/data/1408075/000095012310015760/g21947e10vk.htm", "calculatedOtherExpenses": -66600000, "calculatedOperatingExpenses": 245900000, "calculatedNetInterest": -196400000, "calculatedOtherIncome": -7100000, "calculatedIncomeNonControlling": -1300000, "calculatedEbitda": 588100000}, {"date": "2008-12-31", "symbol": "GPK", "reportedCurrency": "USD", "cik": "0001408075", "fillingDate": "2009-03-04", "acceptedDate": "2009-03-04 15:41:58", "calendarYear": "2008", "period": "FY", "revenue": 4079400000, "costOfRevenue": 3596900000, "grossProfit": 482500000, "grossProfitRatio": 0.1182771976, "researchAndDevelopmentExpenses": 8000000, "generalAndAdministrativeExpenses": 332700000, "sellingAndMarketingExpenses": 0, "sellingGeneralAndAdministrativeExpenses": 332700000, "otherExpenses": -8100000, "operatingExpenses": 332600000, "costAndExpenses": 3929500000, "interestIncome": 1300000, "interestExpense": 216700000, "depreciationAndAmortization": 264300000, "ebitda": 416600000, "ebitdaratio": 0.1021228612, "operatingIncome": 149900000, "operatingIncomeRatio": 0.0367455998, "totalOtherIncomeExpensesNet": -215400000, "incomeBeforeTax": -65500000, "incomeBeforeTaxRatio": -0.0160562828, "incomeTaxExpense": 34400000, "netIncome": -99700000, "netIncomeRatio": -0.0244398686, "eps": -0.32, "epsdiluted": -0.32, "weightedAverageShsOut": 315800000, "weightedAverageShsOutDil": 315800000, "link": "https://www.sec.gov/Archives/edgar/data/1408075/000095014409001859/0000950144-09-001859-index.htm", "finalLink": "https://www.sec.gov/Archives/edgar/data/1408075/000095014409001859/g17432e10vk.htm", "calculatedOtherExpenses": -8100000, "calculatedOperatingExpenses": 332600000, "calculatedNetInterest": -215400000, "calculatedOtherIncome": 0, "calculatedIncomeNonControlling": -200000, "calculatedEbitda": 414200000}, {"date": "2007-12-31", "symbol": "GPK", "reportedCurrency": "USD", "cik": "0001408075", "fillingDate": "2008-02-29", "acceptedDate": "2008-02-29 15:18:35", "calendarYear": "2007", "period": "FY", "revenue": 2421200000, "costOfRevenue": 2061700000, "grossProfit": 359500000, "grossProfitRatio": 0.1484800925, "researchAndDevelopmentExpenses": 9200000, "generalAndAdministrativeExpenses": 0, "sellingAndMarketingExpenses": 0, "sellingGeneralAndAdministrativeExpenses": 195100000, "otherExpenses": 4000000, "operatingExpenses": 208300000, "costAndExpenses": 2270000000, "interestIncome": 0, "interestExpense": 0, "depreciationAndAmortization": 201700000, "ebitda": 366400000, "ebitdaratio": 0.151329919, "operatingIncome": 151200000, "operatingIncomeRatio": 0.0624483727, "totalOtherIncomeExpensesNet": -12600000, "incomeBeforeTax": -26100000, "incomeBeforeTaxRatio": -0.0107797786, "incomeTaxExpense": 23900000, "netIncome": -74600000, "netIncomeRatio": -0.030811168, "eps": -0.37, "epsdiluted": -0.37, "weightedAverageShsOut": 201800000, "weightedAverageShsOutDil": 201800000, "link": "https://www.sec.gov/Archives/edgar/data/1408075/000095014408001534/0000950144-08-001534-index.htm", "finalLink": "https://www.sec.gov/Archives/edgar/data/1408075/000095014408001534/g12056e10vk.htm", "calculatedOtherExpenses": 4000000, "calculatedOperatingExpenses": 208300000, "calculatedNetInterest": 0, "calculatedOtherIncome": -177300000, "calculatedIncomeNonControlling": 24600000, "calculatedEbitda": 352900000}, {"date": "2006-12-31", "symbol": "GPK", "reportedCurrency": "USD", "cik": "0001408075", "fillingDate": "2006-12-31", "acceptedDate": "2006-12-30 19:00:00", "calendarYear": "2006", "period": "FY", "revenue": 2413000000, "costOfRevenue": 2109800000, "grossProfit": 303200000, "grossProfitRatio": 0.1256527145, "researchAndDevelopmentExpenses": 11400000, "generalAndAdministrativeExpenses": 0, "sellingAndMarketingExpenses": 0, "sellingGeneralAndAdministrativeExpenses": 201200000, "otherExpenses": 300000, "operatingExpenses": 212900000, "costAndExpenses": 2322700000, "interestIncome": 0, "interestExpense": 0, "depreciationAndAmortization": 204800000, "ebitda": 295400000, "ebitdaratio": 0.1224202238, "operatingIncome": 90300000, "operatingIncomeRatio": 0.0374222959, "totalOtherIncomeExpensesNet": 700000, "incomeBeforeTax": -81300000, "incomeBeforeTaxRatio": -0.033692499, "incomeTaxExpense": 20200000, "netIncome": -100500000, "netIncomeRatio": -0.0416493991, "eps": -0.5, "epsdiluted": -0.5, "weightedAverageShsOut": 201100000, "weightedAverageShsOutDil": 201100000, "link": "", "finalLink": "", "calculatedOtherExpenses": 300000, "calculatedOperatingExpenses": 212900000, "calculatedNetInterest": 0, "calculatedOtherIncome": -171600000, "calculatedIncomeNonControlling": -1000000, "calculatedEbitda": 295100000}, {"date": "2005-12-31", "symbol": "GPK", "reportedCurrency": "USD", "cik": "0001408075", "fillingDate": "2005-12-31", "acceptedDate": "2005-12-30 19:00:00", "calendarYear": "2005", "period": "FY", "revenue": 2384000000, "costOfRevenue": 2071300000, "grossProfit": 312700000, "grossProfitRatio": 0.1311661074, "researchAndDevelopmentExpenses": 9900000, "generalAndAdministrativeExpenses": 0, "sellingAndMarketingExpenses": 0, "sellingGeneralAndAdministrativeExpenses": 206100000, "otherExpenses": 9800000, "operatingExpenses": 225800000, "costAndExpenses": 2297100000, "interestIncome": 0, "interestExpense": 0, "depreciationAndAmortization": 213600000, "ebitda": 310300000, "ebitdaratio": 0.130159396, "operatingIncome": 86900000, "operatingIncomeRatio": 0.0364513423, "totalOtherIncomeExpensesNet": -8600000, "incomeBeforeTax": -69000000, "incomeBeforeTaxRatio": -0.028942953, "incomeTaxExpense": 23300000, "netIncome": -91100000, "netIncomeRatio": -0.0382130872, "eps": -0.46, "epsdiluted": -0.46, "weightedAverageShsOut": 200000000, "weightedAverageShsOutDil": 200000000, "link": "", "finalLink": "", "calculatedOtherExpenses": 9800000, "calculatedOperatingExpenses": 225800000, "calculatedNetInterest": 0, "calculatedOtherIncome": -155900000, "calculatedIncomeNonControlling": -1200000, "calculatedEbitda": 300500000}, {"date": "2004-12-31", "symbol": "GPK", "reportedCurrency": "USD", "cik": "0001408075", "fillingDate": "2004-12-31", "acceptedDate": "2004-12-30 19:00:00", "calendarYear": "2004", "period": "FY", "revenue": 2386500000, "costOfRevenue": 2026700000, "grossProfit": 359800000, "grossProfitRatio": 0.1507647182, "researchAndDevelopmentExpenses": 9600000, "generalAndAdministrativeExpenses": 0, "sellingAndMarketingExpenses": 0, "sellingGeneralAndAdministrativeExpenses": 202300000, "otherExpenses": 32300000, "operatingExpenses": 244200000, "costAndExpenses": 2270900000, "interestIncome": 0, "interestExpense": 0, "depreciationAndAmortization": 237600000, "ebitda": 385500000, "ebitdaratio": 0.1615336266, "operatingIncome": 115600000, "operatingIncomeRatio": 0.0484391368, "totalOtherIncomeExpensesNet": -30900000, "incomeBeforeTax": -33400000, "incomeBeforeTaxRatio": -0.0139953907, "incomeTaxExpense": 9800000, "netIncome": -41800000, "netIncomeRatio": -0.0175151896, "eps": -0.21, "epsdiluted": -0.21, "weightedAverageShsOut": 198900000, "weightedAverageShsOutDil": 198900000, "link": "", "finalLink": "", "calculatedOtherExpenses": 32300000, "calculatedOperatingExpenses": 244200000, "calculatedNetInterest": 0, "calculatedOtherIncome": -149000000, "calculatedIncomeNonControlling": -1400000, "calculatedEbitda": 353200000}, {"date": "2003-12-31", "symbol": "GPK", "reportedCurrency": "USD", "cik": "0001408075", "fillingDate": "2003-12-31", "acceptedDate": "2003-12-30 19:00:00", "calendarYear": "2003", "period": "FY", "revenue": 1683300000, "costOfRevenue": 1398500000, "grossProfit": 284800000, "grossProfitRatio": 0.1691914691, "researchAndDevelopmentExpenses": 7400000, "generalAndAdministrativeExpenses": 0, "sellingAndMarketingExpenses": 0, "sellingGeneralAndAdministrativeExpenses": 153100000, "otherExpenses": 18200000, "operatingExpenses": 178700000, "costAndExpenses": 1577200000, "interestIncome": 0, "interestExpense": 0, "depreciationAndAmortization": 168000000, "ebitda": 337600000, "ebitdaratio": 0.2005584269, "operatingIncome": 106100000, "operatingIncomeRatio": 0.0630309511, "totalOtherIncomeExpensesNet": -62200000, "incomeBeforeTax": -82700000, "incomeBeforeTaxRatio": -0.0491296857, "incomeTaxExpense": 1500000, "netIncome": -82900000, "netIncomeRatio": -0.0492485, "eps": -0.56, "epsdiluted": -0.56, "weightedAverageShsOut": 148300000, "weightedAverageShsOutDil": 148300000, "link": "", "finalLink": "", "calculatedOtherExpenses": 18200000, "calculatedOperatingExpenses": 178700000, "calculatedNetInterest": 0, "calculatedOtherIncome": -188800000, "calculatedIncomeNonControlling": -1300000, "calculatedEbitda": 274100000}, {"date": "2002-12-31", "symbol": "GPK", "reportedCurrency": "USD", "cik": "0001408075", "fillingDate": "2002-12-31", "acceptedDate": "2002-12-30 19:00:00", "calendarYear": "2002", "period": "FY", "revenue": 1057843000, "costOfRevenue": 930581000, "grossProfit": 127262000, "grossProfitRatio": 0.1203032964, "researchAndDevelopmentExpenses": 0, "generalAndAdministrativeExpenses": 0, "sellingAndMarketingExpenses": 0, "sellingGeneralAndAdministrativeExpenses": 64620000, "otherExpenses": 0, "operatingExpenses": 64620000, "costAndExpenses": 995201000, "interestIncome": 0, "interestExpense": 0, "depreciationAndAmortization": 64274000, "ebitda": 126916000, "ebitdaratio": 0.1199762158, "operatingIncome": 62642000, "operatingIncomeRatio": 0.0592167269, "totalOtherIncomeExpensesNet": -44640000, "incomeBeforeTax": 18002000, "incomeBeforeTaxRatio": 0.0170176482, "incomeTaxExpense": 7035000, "netIncome": -178650000, "netIncomeRatio": -0.1688813936, "eps": -1.55, "epsdiluted": -1.55, "weightedAverageShsOut": 115100000, "weightedAverageShsOutDil": 115100000, "link": "", "finalLink": "", "calculatedOtherExpenses": 0, "calculatedOperatingExpenses": 64620000, "calculatedNetInterest": 0, "calculatedOtherIncome": -44640000, "calculatedIncomeNonControlling": 189617000, "calculatedEbitda": 126916000}, {"date": "2001-12-31", "symbol": "GPK", "reportedCurrency": "USD", "cik": "0001408075", "fillingDate": "2001-12-31", "acceptedDate": "2001-12-30 19:00:00", "calendarYear": "2001", "period": "FY", "revenue": 1112535000, "costOfRevenue": 960258000, "grossProfit": 152277000, "grossProfitRatio": 0.1368738961, "researchAndDevelopmentExpenses": 0, "generalAndAdministrativeExpenses": 0, "sellingAndMarketingExpenses": 0, "sellingGeneralAndAdministrativeExpenses": 62874000, "otherExpenses": 20649000, "operatingExpenses": 83523000, "costAndExpenses": 1043781000, "interestIncome": 0, "interestExpense": 0, "depreciationAndAmortization": 87201000, "ebitda": 161205000, "ebitdaratio": 0.1448988122, "operatingIncome": 59854000, "operatingIncomeRatio": 0.0537996557, "totalOtherIncomeExpensesNet": -5250000, "incomeBeforeTax": 10693000, "incomeBeforeTaxRatio": 0.009611383, "incomeTaxExpense": 4257000, "netIncome": 6436000, "netIncomeRatio": 0.0057849865, "eps": -0.57, "epsdiluted": -0.57, "weightedAverageShsOut": 115100000, "weightedAverageShsOutDil": 115100000, "link": "", "finalLink": "", "calculatedOtherExpenses": 29549000, "calculatedOperatingExpenses": 92423000, "calculatedNetInterest": 0, "calculatedOtherIncome": -49161000, "calculatedIncomeNonControlling": 0, "calculatedEbitda": 147055000}, {"date": "2000-12-31", "symbol": "GPK", "reportedCurrency": "USD", "cik": "0001408075", "fillingDate": "2000-12-31", "acceptedDate": "2000-12-30 19:00:00", "calendarYear": "2000", "period": "FY", "revenue": 1102590000, "costOfRevenue": 892654000, "grossProfit": 209936000, "grossProfitRatio": 0.1904025975, "researchAndDevelopmentExpenses": 0, "generalAndAdministrativeExpenses": 0, "sellingAndMarketingExpenses": 0, "sellingGeneralAndAdministrativeExpenses": 61134000, "otherExpenses": 91959000, "operatingExpenses": 153093000, "costAndExpenses": 1045747000, "interestIncome": 0, "interestExpense": 0, "depreciationAndAmortization": 91959000, "ebitda": 135250000, "ebitdaratio": 0.1226657234, "operatingIncome": 56843000, "operatingIncomeRatio": 0.0515540681, "totalOtherIncomeExpensesNet": 13552000, "incomeBeforeTax": -11676000, "incomeBeforeTaxRatio": -0.0105896117, "incomeTaxExpense": -4678000, "netIncome": -6998000, "netIncomeRatio": -0.0063468742, "eps": -0.0609, "epsdiluted": -0.0599, "weightedAverageShsOut": 115000000, "weightedAverageShsOutDil": 116900000, "link": "", "finalLink": "", "calculatedOtherExpenses": 91959000, "calculatedOperatingExpenses": 153093000, "calculatedNetInterest": 0, "calculatedOtherIncome": -68519000, "calculatedIncomeNonControlling": 0, "calculatedEbitda": 148802000}, {"date": "1999-12-31", "symbol": "GPK", "reportedCurrency": "USD", "cik": "0001408075", "fillingDate": "1999-12-31", "acceptedDate": "1999-12-30 19:00:00", "calendarYear": "1999", "period": "FY", "revenue": 831400000, "costOfRevenue": 640300000, "grossProfit": 191100000, "grossProfitRatio": 0.2298532596, "researchAndDevelopmentExpenses": 0, "generalAndAdministrativeExpenses": 0, "sellingAndMarketingExpenses": 0, "sellingGeneralAndAdministrativeExpenses": 73700000, "otherExpenses": 79000000, "operatingExpenses": 152700000, "costAndExpenses": 793000000, "interestIncome": 0, "interestExpense": 0, "depreciationAndAmortization": 79000000, "ebitda": 94400000, "ebitdaratio": 0.1135434207, "operatingIncome": 38400000, "operatingIncomeRatio": 0.0461871542, "totalOtherIncomeExpensesNet": 23000000, "incomeBeforeTax": 35500000, "incomeBeforeTaxRatio": 0.0426990618, "incomeTaxExpense": 14000000, "netIncome": 25200000, "netIncomeRatio": 0.0303103199, "eps": -0.52, "epsdiluted": -0.52, "weightedAverageShsOut": 114900000, "weightedAverageShsOutDil": 114900000, "link": "", "finalLink": "", "calculatedOtherExpenses": 79000000, "calculatedOperatingExpenses": 152700000, "calculatedNetInterest": 0, "calculatedOtherIncome": -2900000, "calculatedIncomeNonControlling": -3700000, "calculatedEbitda": 117400000}, {"date": "1998-12-31", "symbol": "GPK", "reportedCurrency": "USD", "cik": "0001408075", "fillingDate": "1998-12-31", "acceptedDate": "1998-12-30 19:00:00", "calendarYear": "1998", "period": "FY", "revenue": 988400000, "costOfRevenue": 736400000, "grossProfit": 252000000, "grossProfitRatio": 0.2549575071, "researchAndDevelopmentExpenses": 0, "generalAndAdministrativeExpenses": 0, "sellingAndMarketingExpenses": 0, "sellingGeneralAndAdministrativeExpenses": 106100000, "otherExpenses": 57500000, "operatingExpenses": 163600000, "costAndExpenses": 900000000, "interestIncome": 0, "interestExpense": 0, "depreciationAndAmortization": 57500000, "ebitda": 173000000, "ebitdaratio": 0.1750303521, "operatingIncome": 88400000, "operatingIncomeRatio": 0.0894374747, "totalOtherIncomeExpensesNet": -27100000, "incomeBeforeTax": 35600000, "incomeBeforeTaxRatio": 0.0360178066, "incomeTaxExpense": 14300000, "netIncome": 21300000, "netIncomeRatio": 0.0215499798, "eps": 0.75, "epsdiluted": 0.75, "weightedAverageShsOut": 28378378, "weightedAverageShsOutDil": 29166667, "link": "", "finalLink": "", "calculatedOtherExpenses": 57500000, "calculatedOperatingExpenses": 163600000, "calculatedNetInterest": 0, "calculatedOtherIncome": -52800000, "calculatedIncomeNonControlling": 0, "calculatedEbitda": 145900000}, {"date": "1997-12-31", "symbol": "GPK", "reportedCurrency": "USD", "cik": "0001408075", "fillingDate": "1997-12-31", "acceptedDate": "1997-12-30 19:00:00", "calendarYear": "1997", "period": "FY", "revenue": 731100000, "costOfRevenue": 509800000, "grossProfit": 221300000, "grossProfitRatio": 0.3026945698, "researchAndDevelopmentExpenses": 15600000, "generalAndAdministrativeExpenses": 0, "sellingAndMarketingExpenses": 0, "sellingGeneralAndAdministrativeExpenses": 91600000, "otherExpenses": 42700000, "operatingExpenses": 149900000, "costAndExpenses": 659700000, "interestIncome": 0, "interestExpense": 0, "depreciationAndAmortization": 42700000, "ebitda": 130700000, "ebitdaratio": 0.1787717139, "operatingIncome": 71400000, "operatingIncomeRatio": 0.0976610587, "totalOtherIncomeExpensesNet": -16600000, "incomeBeforeTax": 46100000, "incomeBeforeTaxRatio": 0.0630556695, "incomeTaxExpense": 18400000, "netIncome": 27700000, "netIncomeRatio": 0.0378881138, "eps": -0.08, "epsdiluted": -0.08, "weightedAverageShsOut": 28888889, "weightedAverageShsOutDil": 28888889, "link": "", "finalLink": "", "calculatedOtherExpenses": 42700000, "calculatedOperatingExpenses": 149900000, "calculatedNetInterest": 0, "calculatedOtherIncome": -25300000, "calculatedIncomeNonControlling": 0, "calculatedEbitda": 114100000}, {"date": "1996-12-31", "symbol": "GPK", "reportedCurrency": "USD", "cik": "0001408075", "fillingDate": "1996-12-31", "acceptedDate": "1996-12-30 19:00:00", "calendarYear": "1996", "period": "FY", "revenue": 712400000, "costOfRevenue": 506400000, "grossProfit": 206000000, "grossProfitRatio": 0.2891633914, "researchAndDevelopmentExpenses": 15300000, "generalAndAdministrativeExpenses": 0, "sellingAndMarketingExpenses": 0, "sellingGeneralAndAdministrativeExpenses": 77900000, "otherExpenses": 49500000, "operatingExpenses": 142700000, "costAndExpenses": 649100000, "interestIncome": 0, "interestExpense": 0, "depreciationAndAmortization": 49500000, "ebitda": 145400000, "ebitdaratio": 0.2040988209, "operatingIncome": 63300000, "operatingIncomeRatio": 0.0888545761, "totalOtherIncomeExpensesNet": -32600000, "incomeBeforeTax": 22400000, "incomeBeforeTaxRatio": 0.0314430095, "incomeTaxExpense": 11000000, "netIncome": -92000000, "netIncomeRatio": -0.1291409321, "eps": -2.89, "epsdiluted": -2.83, "weightedAverageShsOut": 31833910, "weightedAverageShsOutDil": 32508834, "link": "", "finalLink": "", "calculatedOtherExpenses": 49500000, "calculatedOperatingExpenses": 142700000, "calculatedNetInterest": 0, "calculatedOtherIncome": -40900000, "calculatedIncomeNonControlling": 103400000, "calculatedEbitda": 112800000}, {"date": "1995-12-31", "symbol": "GPK", "reportedCurrency": "USD", "cik": "0001408075", "fillingDate": "1995-12-31", "acceptedDate": "1995-12-30 19:00:00", "calendarYear": "1995", "period": "FY", "revenue": 910900000, "costOfRevenue": 707800000, "grossProfit": 203100000, "grossProfitRatio": 0.2229662971, "researchAndDevelopmentExpenses": 16800000, "generalAndAdministrativeExpenses": 0, "sellingAndMarketingExpenses": 0, "sellingGeneralAndAdministrativeExpenses": 79600000, "otherExpenses": 49900000, "operatingExpenses": 146300000, "costAndExpenses": 854100000, "interestIncome": 0, "interestExpense": 0, "depreciationAndAmortization": 49900000, "ebitda": 112400000, "ebitdaratio": 0.1233944451, "operatingIncome": 56800000, "operatingIncomeRatio": 0.0623559117, "totalOtherIncomeExpensesNet": -5700000, "incomeBeforeTax": 41200000, "incomeBeforeTaxRatio": 0.0452299923, "incomeTaxExpense": 17300000, "netIncome": 23900000, "netIncomeRatio": 0.0262377868, "eps": 0.86, "epsdiluted": 0.86, "weightedAverageShsOut": 27790698, "weightedAverageShsOutDil": 27790698, "link": "", "finalLink": "", "calculatedOtherExpenses": 49900000, "calculatedOperatingExpenses": 146300000, "calculatedNetInterest": 0, "calculatedOtherIncome": -15600000, "calculatedIncomeNonControlling": 0, "calculatedEbitda": 106700000}, {"date": "1994-12-31", "symbol": "GPK", "reportedCurrency": "USD", "cik": "0001408075", "fillingDate": "1994-12-31", "acceptedDate": "1994-12-30 19:00:00", "calendarYear": "1994", "period": "FY", "revenue": 731500000, "costOfRevenue": 552700000, "grossProfit": 178800000, "grossProfitRatio": 0.244429255, "researchAndDevelopmentExpenses": 17600000, "generalAndAdministrativeExpenses": 0, "sellingAndMarketingExpenses": 0, "sellingGeneralAndAdministrativeExpenses": 75400000, "otherExpenses": 46100000, "operatingExpenses": 139100000, "costAndExpenses": 691800000, "interestIncome": 0, "interestExpense": 0, "depreciationAndAmortization": 46100000, "ebitda": 85100000, "ebitdaratio": 0.1163362953, "operatingIncome": 39700000, "operatingIncomeRatio": 0.0542720437, "totalOtherIncomeExpensesNet": 700000, "incomeBeforeTax": 33500000, "incomeBeforeTaxRatio": 0.045796309, "incomeTaxExpense": 13300000, "netIncome": 20200000, "netIncomeRatio": 0.0276144908, "eps": 0.38, "epsdiluted": 0.38, "weightedAverageShsOut": 26606000, "weightedAverageShsOutDil": 26606000, "link": "", "finalLink": "", "calculatedOtherExpenses": 46100000, "calculatedOperatingExpenses": 139100000, "calculatedNetInterest": 0, "calculatedOtherIncome": -6200000, "calculatedIncomeNonControlling": 0, "calculatedEbitda": 85800000}, {"date": "1993-12-31", "symbol": "GPK", "reportedCurrency": "USD", "cik": "0001408075", "fillingDate": "1993-12-31", "acceptedDate": "1993-12-30 19:00:00", "calendarYear": "1993", "period": "FY", "revenue": 641900000, "costOfRevenue": 496000000, "grossProfit": 145900000, "grossProfitRatio": 0.227293971, "researchAndDevelopmentExpenses": 0, "generalAndAdministrativeExpenses": 0, "sellingAndMarketingExpenses": 0, "sellingGeneralAndAdministrativeExpenses": 80000000, "otherExpenses": 41600000, "operatingExpenses": 121600000, "costAndExpenses": 617600000, "interestIncome": 0, "interestExpense": 0, "depreciationAndAmortization": 41600000, "ebitda": 65200000, "ebitdaratio": 0.1015734538, "operatingIncome": 24300000, "operatingIncomeRatio": 0.0378563639, "totalOtherIncomeExpensesNet": 700000, "incomeBeforeTax": 21200000, "incomeBeforeTaxRatio": 0.0330269512, "incomeTaxExpense": 8200000, "netIncome": 13000000, "netIncomeRatio": 0.0202523758, "eps": 0.26, "epsdiluted": 0.26, "weightedAverageShsOut": 25652000, "weightedAverageShsOutDil": 25652000, "link": "", "finalLink": "", "calculatedOtherExpenses": 41600000, "calculatedOperatingExpenses": 121600000, "calculatedNetInterest": 0, "calculatedOtherIncome": -3100000, "calculatedIncomeNonControlling": 0, "calculatedEbitda": 65900000}, {"date": "1992-12-31", "symbol": "GPK", "reportedCurrency": "USD", "cik": "0001408075", "fillingDate": "1992-12-31", "acceptedDate": "1992-12-30 19:00:00", "calendarYear": "1992", "period": "FY", "revenue": 570800000, "costOfRevenue": 455500000, "grossProfit": 115300000, "grossProfitRatio": 0.2019971969, "researchAndDevelopmentExpenses": 0, "generalAndAdministrativeExpenses": 0, "sellingAndMarketingExpenses": 0, "sellingGeneralAndAdministrativeExpenses": 94100000, "otherExpenses": 39400000, "operatingExpenses": 133500000, "costAndExpenses": 589000000, "interestIncome": 0, "interestExpense": 0, "depreciationAndAmortization": 39400000, "ebitda": 17600000, "ebitdaratio": 0.0308339173, "operatingIncome": -18200000, "operatingIncomeRatio": -0.0318850736, "totalOtherIncomeExpensesNet": 3600000, "incomeBeforeTax": -32800000, "incomeBeforeTaxRatio": -0.0574632095, "incomeTaxExpense": -11500000, "netIncome": -33800000, "netIncomeRatio": -0.0592151367, "eps": -1.34, "epsdiluted": -1.34, "weightedAverageShsOut": 25150000, "weightedAverageShsOutDil": 25150000, "link": "", "finalLink": "", "calculatedOtherExpenses": 39400000, "calculatedOperatingExpenses": 133500000, "calculatedNetInterest": 0, "calculatedOtherIncome": -14600000, "calculatedIncomeNonControlling": 12500000, "calculatedEbitda": 21200000}, {"date": "1991-12-31", "symbol": "GPK", "reportedCurrency": "USD", "cik": "0001408075", "fillingDate": "1991-12-31", "acceptedDate": "1991-12-30 19:00:00", "calendarYear": "1991", "period": "FY", "revenue": 543500000, "costOfRevenue": 413500000, "grossProfit": 130000000, "grossProfitRatio": 0.2391904324, "researchAndDevelopmentExpenses": 0, "generalAndAdministrativeExpenses": 0, "sellingAndMarketingExpenses": 0, "sellingGeneralAndAdministrativeExpenses": 85500000, "otherExpenses": 35500000, "operatingExpenses": 121000000, "costAndExpenses": 534500000, "interestIncome": 0, "interestExpense": 0, "depreciationAndAmortization": 35500000, "ebitda": 41200000, "ebitdaratio": 0.0758049678, "operatingIncome": 9000000, "operatingIncomeRatio": 0.0165593376, "totalOtherIncomeExpensesNet": 3300000, "incomeBeforeTax": 3500000, "incomeBeforeTaxRatio": 0.0064397424, "incomeTaxExpense": 2200000, "netIncome": 1300000, "netIncomeRatio": 0.0023919043, "eps": 0.03, "epsdiluted": 0.03, "weightedAverageShsOut": 25100000, "weightedAverageShsOutDil": 25100000, "link": "", "finalLink": "", "calculatedOtherExpenses": 35500000, "calculatedOperatingExpenses": 121000000, "calculatedNetInterest": 0, "calculatedOtherIncome": -5500000, "calculatedIncomeNonControlling": 0, "calculatedEbitda": 44500000}]}