{"originalCurrency": "USD", "convertedCurrency": "USD", "report": [{"date": "2023-12-31", "symbol": "GPN", "reportedCurrency": "USD", "cik": "0001123360", "fillingDate": "2024-02-14", "acceptedDate": "2024-02-14 16:31:34", "calendarYear": "2023", "period": "FY", "revenue": 9654419000, "costOfRevenue": 3727521000, "grossProfit": 5926898000, "grossProfitRatio": 0.6139051972, "researchAndDevelopmentExpenses": 0, "generalAndAdministrativeExpenses": 0, "sellingAndMarketingExpenses": 0, "sellingGeneralAndAdministrativeExpenses": 4073768000, "otherExpenses": 0, "operatingExpenses": 4073768000, "costAndExpenses": 7801289000, "interestIncome": 113711000, "interestExpense": 660150000, "depreciationAndAmortization": 1776692000, "ebitda": 3743533000, "ebitdaratio": 0.3877533179, "operatingIncome": 1716386000, "operatingIncomeRatio": 0.1777824227, "totalOtherIncomeExpensesNet": -136744000, "incomeBeforeTax": 1169947000, "incomeBeforeTaxRatio": 0.1211825383, "incomeTaxExpense": 209020000, "netIncome": 986233000, "netIncomeRatio": 0.102153532, "eps": 3.78, "epsdiluted": 3.77, "weightedAverageShsOut": 261125999, "weightedAverageShsOutDil": 261697999, "link": "https://www.sec.gov/Archives/edgar/data/1123360/000112336024000004/0001123360-24-000004-index.htm", "finalLink": "https://www.sec.gov/Archives/edgar/data/1123360/000112336024000004/gpn-20231231.htm", "calculatedOtherExpenses": 136744000, "calculatedOperatingExpenses": 4210512000, "calculatedNetInterest": -546439000, "calculatedOtherIncome": 0, "calculatedIncomeNonControlling": -25306000, "calculatedEbitda": 3493078000}, {"date": "2022-12-31", "symbol": "GPN", "reportedCurrency": "USD", "cik": "0001123360", "fillingDate": "2023-02-17", "acceptedDate": "2023-02-17 08:36:28", "calendarYear": "2022", "period": "FY", "revenue": 8975515000, "costOfRevenue": 3778617000, "grossProfit": 5196898000, "grossProfitRatio": 0.5790083355, "researchAndDevelopmentExpenses": 0, "generalAndAdministrativeExpenses": 0, "sellingAndMarketingExpenses": 0, "sellingGeneralAndAdministrativeExpenses": 3524578000, "otherExpenses": 0, "operatingExpenses": 3524578000, "costAndExpenses": 7303195000, "interestIncome": 33604000, "interestExpense": 449433000, "depreciationAndAmortization": 1662455000, "ebitda": 3368379000, "ebitdaratio": 0.3752853179, "operatingIncome": 640151000, "operatingIncomeRatio": 0.0713219241, "totalOtherIncomeExpensesNet": -1032169000, "incomeBeforeTax": 224322000, "incomeBeforeTaxRatio": 0.0249926606, "incomeTaxExpense": 166694000, "netIncome": 111493000, "netIncomeRatio": 0.0124219056, "eps": 0.41, "epsdiluted": 0.4, "weightedAverageShsOut": 275191000, "weightedAverageShsOutDil": 275576000, "link": "https://www.sec.gov/Archives/edgar/data/1123360/000112336023000009/0001123360-23-000009-index.htm", "finalLink": "https://www.sec.gov/Archives/edgar/data/1123360/000112336023000009/gpn-20221231.htm", "calculatedOtherExpenses": 1032169000, "calculatedOperatingExpenses": 4556747000, "calculatedNetInterest": -415829000, "calculatedOtherIncome": 0, "calculatedIncomeNonControlling": -53865000, "calculatedEbitda": 2302606000}, {"date": "2021-12-31", "symbol": "GPN", "reportedCurrency": "USD", "cik": "0001123360", "fillingDate": "2022-02-18", "acceptedDate": "2022-02-18 17:03:38", "calendarYear": "2021", "period": "FY", "revenue": 8523762000, "costOfRevenue": 3773725000, "grossProfit": 4750037000, "grossProfitRatio": 0.5572700176, "researchAndDevelopmentExpenses": 0, "generalAndAdministrativeExpenses": 0, "sellingAndMarketingExpenses": 0, "sellingGeneralAndAdministrativeExpenses": 3391161000, "otherExpenses": 0, "operatingExpenses": 3391161000, "costAndExpenses": 7164886000, "interestIncome": 19320000, "interestExpense": 333651000, "depreciationAndAmortization": 1691384000, "ebitda": 3069580000, "ebitdaratio": 0.3601203318, "operatingIncome": 1358876000, "operatingIncomeRatio": 0.1594220955, "totalOtherIncomeExpensesNet": -314331000, "incomeBeforeTax": 1044545000, "incomeBeforeTaxRatio": 0.1225450687, "incomeTaxExpense": 169034000, "netIncome": 965460000, "netIncomeRatio": 0.1132668885, "eps": 3.3, "epsdiluted": 3.29, "weightedAverageShsOut": 292655000, "weightedAverageShsOutDil": 293669000, "link": "https://www.sec.gov/Archives/edgar/data/1123360/000112336022000007/0001123360-22-000007-index.htm", "finalLink": "https://www.sec.gov/Archives/edgar/data/1123360/000112336022000007/gpn-20211231.htm", "calculatedOtherExpenses": 0, "calculatedOperatingExpenses": 3391161000, "calculatedNetInterest": -314331000, "calculatedOtherIncome": 0, "calculatedIncomeNonControlling": -89949000, "calculatedEbitda": 3050260000}, {"date": "2020-12-31", "symbol": "GPN", "reportedCurrency": "USD", "cik": "0001123360", "fillingDate": "2021-02-19", "acceptedDate": "2021-02-19 07:46:33", "calendarYear": "2020", "period": "FY", "revenue": 7423558000, "costOfRevenue": 3650727000, "grossProfit": 3772831000, "grossProfitRatio": 0.5082240888, "researchAndDevelopmentExpenses": 0, "generalAndAdministrativeExpenses": 0, "sellingAndMarketingExpenses": 0, "sellingGeneralAndAdministrativeExpenses": 2878878000, "otherExpenses": 27107000, "operatingExpenses": 2878878000, "costAndExpenses": 6529605000, "interestIncome": 43551000, "interestExpense": 343548000, "depreciationAndAmortization": 1614440000, "ebitda": 2551944000, "ebitdaratio": 0.3437629234, "operatingIncome": 893953000, "operatingIncomeRatio": 0.1204210973, "totalOtherIncomeExpensesNet": -299997000, "incomeBeforeTax": 593956000, "incomeBeforeTaxRatio": 0.0800096126, "incomeTaxExpense": 77153000, "netIncome": 584520000, "netIncomeRatio": 0.078738524, "eps": 1.95, "epsdiluted": 1.95, "weightedAverageShsOut": 299222000, "weightedAverageShsOutDil": 300516000, "link": "https://www.sec.gov/Archives/edgar/data/1123360/000112336021000009/0001123360-21-000009-index.htm", "finalLink": "https://www.sec.gov/Archives/edgar/data/1123360/000112336021000009/gpn-20201231.htm", "calculatedOtherExpenses": 0, "calculatedOperatingExpenses": 2878878000, "calculatedNetInterest": -299997000, "calculatedOtherIncome": 0, "calculatedIncomeNonControlling": -67717000, "calculatedEbitda": 2508393000}, {"date": "2019-12-31", "symbol": "GPN", "reportedCurrency": "USD", "cik": "0001123360", "fillingDate": "2020-02-21", "acceptedDate": "2020-02-21 16:20:28", "calendarYear": "2019", "period": "FY", "revenue": 4911892000, "costOfRevenue": 2073803000, "grossProfit": 2838089000, "grossProfitRatio": 0.5777995526, "researchAndDevelopmentExpenses": 31100000, "generalAndAdministrativeExpenses": 0, "sellingAndMarketingExpenses": 0, "sellingGeneralAndAdministrativeExpenses": 2046672000, "otherExpenses": 0, "operatingExpenses": 2046672000, "costAndExpenses": 4120475000, "interestIncome": 31413000, "interestExpense": 304905000, "depreciationAndAmortization": 878335000, "ebitda": 1701165000, "ebitdaratio": 0.3463359944, "operatingIncome": 791417000, "operatingIncomeRatio": 0.1611226387, "totalOtherIncomeExpensesNet": -273492000, "incomeBeforeTax": 517925000, "incomeBeforeTaxRatio": 0.1054430757, "incomeTaxExpense": 62190000, "netIncome": 430613000, "netIncomeRatio": 0.0876674406, "eps": 2.17, "epsdiluted": 2.16, "weightedAverageShsOut": 198298000, "weightedAverageShsOutDil": 199134000, "link": "https://www.sec.gov/Archives/edgar/data/1123360/000112336020000009/0001123360-20-000009-index.htm", "finalLink": "https://www.sec.gov/Archives/edgar/data/1123360/000112336020000009/gpn20191231-10k.htm", "calculatedOtherExpenses": -31100000, "calculatedOperatingExpenses": 2046672000, "calculatedNetInterest": -273492000, "calculatedOtherIncome": 0, "calculatedIncomeNonControlling": 25122000, "calculatedEbitda": 1669752000}, {"date": "2018-12-31", "symbol": "GPN", "reportedCurrency": "USD", "cik": "0001123360", "fillingDate": "2019-02-21", "acceptedDate": "2019-02-21 16:57:37", "calendarYear": "2018", "period": "FY", "revenue": 3366366000, "costOfRevenue": 1095014000, "grossProfit": 2271352000, "grossProfitRatio": 0.674719267, "researchAndDevelopmentExpenses": 0, "generalAndAdministrativeExpenses": 0, "sellingAndMarketingExpenses": 0, "sellingGeneralAndAdministrativeExpenses": 1534297000, "otherExpenses": 0, "operatingExpenses": 1534297000, "costAndExpenses": 2629311000, "interestIncome": 20719000, "interestExpense": 195619000, "depreciationAndAmortization": 522813000, "ebitda": 1280587000, "ebitdaratio": 0.3804063492, "operatingIncome": 737055000, "operatingIncomeRatio": 0.2189467812, "totalOtherIncomeExpensesNet": -174900000, "incomeBeforeTax": 562155000, "incomeBeforeTaxRatio": 0.1669916462, "incomeTaxExpense": 77488000, "netIncome": 452053000, "netIncomeRatio": 0.1342851609, "eps": 2.85, "epsdiluted": 2.84, "weightedAverageShsOut": 158672000, "weightedAverageShsOutDil": 159271000, "link": "https://www.sec.gov/Archives/edgar/data/1123360/000112336019000008/0001123360-19-000008-index.htm", "finalLink": "https://www.sec.gov/Archives/edgar/data/1123360/000112336019000008/gpn20181231-10k.htm", "calculatedOtherExpenses": 0, "calculatedOperatingExpenses": 1534297000, "calculatedNetInterest": -174900000, "calculatedOtherIncome": 0, "calculatedIncomeNonControlling": 32614000, "calculatedEbitda": 1259868000}, {"date": "2017-12-31", "symbol": "GPN", "reportedCurrency": "USD", "cik": "0001123360", "fillingDate": "2018-02-23", "acceptedDate": "2018-02-22 18:19:14", "calendarYear": "2017", "period": "FY", "revenue": 3975163000, "costOfRevenue": 1928037000, "grossProfit": 2047126000, "grossProfitRatio": 0.5149791342, "researchAndDevelopmentExpenses": 0, "generalAndAdministrativeExpenses": 0, "sellingAndMarketingExpenses": 0, "sellingGeneralAndAdministrativeExpenses": 1488258000, "otherExpenses": 0, "operatingExpenses": 1488258000, "costAndExpenses": 3416295000, "interestIncome": 8662000, "interestExpense": 174847000, "depreciationAndAmortization": 451151000, "ebitda": 1018681000, "ebitdaratio": 0.2562614414, "operatingIncome": 558868000, "operatingIncomeRatio": 0.1405899582, "totalOtherIncomeExpensesNet": -166185000, "incomeBeforeTax": 392683000, "incomeBeforeTaxRatio": 0.0987841253, "incomeTaxExpense": -101387000, "netIncome": 468425000, "netIncomeRatio": 0.1178379352, "eps": 3.03, "epsdiluted": 3.01, "weightedAverageShsOut": 154652000, "weightedAverageShsOutDil": 155528000, "link": "https://www.sec.gov/Archives/edgar/data/1123360/000112336018000007/0001123360-18-000007-index.htm", "finalLink": "https://www.sec.gov/Archives/edgar/data/1123360/000112336018000007/gpn20171231-10k.htm", "calculatedOtherExpenses": 0, "calculatedOperatingExpenses": 1488258000, "calculatedNetInterest": -166185000, "calculatedOtherIncome": 0, "calculatedIncomeNonControlling": 25645000, "calculatedEbitda": 1010019000}, {"date": "2016-05-31", "symbol": "GPN", "reportedCurrency": "USD", "cik": "0001123360", "fillingDate": "2016-07-28", "acceptedDate": "2016-07-28 16:32:35", "calendarYear": "2015", "period": "FY", "revenue": 2898150000, "costOfRevenue": 1147639000, "grossProfit": 1750511000, "grossProfitRatio": 0.6040097994, "researchAndDevelopmentExpenses": 0, "generalAndAdministrativeExpenses": 0, "sellingAndMarketingExpenses": 0, "sellingGeneralAndAdministrativeExpenses": 1325567000, "otherExpenses": 0, "operatingExpenses": 1325567000, "costAndExpenses": 2473206000, "interestIncome": 5284000, "interestExpense": 69316000, "depreciationAndAmortization": 187881000, "ebitda": 618109000, "ebitdaratio": 0.2132770906, "operatingIncome": 424944000, "operatingIncomeRatio": 0.146625951, "totalOtherIncomeExpensesNet": -64032000, "incomeBeforeTax": 360912000, "incomeBeforeTaxRatio": 0.1245318565, "incomeTaxExpense": 70695000, "netIncome": 271666000, "netIncomeRatio": 0.0937377292, "eps": 2.05, "epsdiluted": 2.04, "weightedAverageShsOut": 132284000, "weightedAverageShsOutDil": 133167000, "link": "https://www.sec.gov/Archives/edgar/data/1123360/000112336016000094/0001123360-16-000094-index.htm", "finalLink": "https://www.sec.gov/Archives/edgar/data/1123360/000112336016000094/gpn20160531-10k.htm", "calculatedOtherExpenses": 0, "calculatedOperatingExpenses": 1325567000, "calculatedNetInterest": -64032000, "calculatedOtherIncome": 0, "calculatedIncomeNonControlling": 18551000, "calculatedEbitda": 612825000}, {"date": "2015-05-31", "symbol": "GPN", "reportedCurrency": "USD", "cik": "0001123360", "fillingDate": "2015-07-30", "acceptedDate": "2015-07-30 14:42:01", "calendarYear": "2014", "period": "FY", "revenue": 2773718000, "costOfRevenue": 1022107000, "grossProfit": 1751611000, "grossProfitRatio": 0.6315029141, "researchAndDevelopmentExpenses": 0, "generalAndAdministrativeExpenses": 0, "sellingAndMarketingExpenses": 0, "sellingGeneralAndAdministrativeExpenses": 1295014000, "otherExpenses": 0, "operatingExpenses": 1295014000, "costAndExpenses": 2317121000, "interestIncome": 4949000, "interestExpense": 44436000, "depreciationAndAmortization": 137505000, "ebitda": 599051000, "ebitdaratio": 0.2159740103, "operatingIncome": 456597000, "operatingIncomeRatio": 0.1646155089, "totalOtherIncomeExpensesNet": -39487000, "incomeBeforeTax": 417110000, "incomeBeforeTaxRatio": 0.1503793825, "incomeTaxExpense": 107995000, "netIncome": 278040000, "netIncomeRatio": 0.1002409041, "eps": 2.07, "epsdiluted": 2.06, "weightedAverageShsOut": 134072000, "weightedAverageShsOutDil": 134922000, "link": "https://www.sec.gov/Archives/edgar/data/1123360/000112336015000026/0001123360-15-000026-index.htm", "finalLink": "https://www.sec.gov/Archives/edgar/data/1123360/000112336015000026/gpn20150531-10k.htm", "calculatedOtherExpenses": 0, "calculatedOperatingExpenses": 1295014000, "calculatedNetInterest": -39487000, "calculatedOtherIncome": 0, "calculatedIncomeNonControlling": 31075000, "calculatedEbitda": 594102000}, {"date": "2014-05-31", "symbol": "GPN", "reportedCurrency": "USD", "cik": "0001123360", "fillingDate": "2014-07-29", "acceptedDate": "2014-07-29 17:14:21", "calendarYear": "2013", "period": "FY", "revenue": 2554236000, "costOfRevenue": 952225000, "grossProfit": 1602011000, "grossProfitRatio": 0.6271977217, "researchAndDevelopmentExpenses": 0, "generalAndAdministrativeExpenses": 0, "sellingAndMarketingExpenses": 0, "sellingGeneralAndAdministrativeExpenses": 1196512000, "otherExpenses": 0, "operatingExpenses": 1196512000, "costAndExpenses": 2148737000, "interestIncome": 13663000, "interestExpense": 41812000, "depreciationAndAmortization": 122069000, "ebitda": 541231000, "ebitdaratio": 0.2118954552, "operatingIncome": 405499000, "operatingIncomeRatio": 0.1587554948, "totalOtherIncomeExpensesNet": -28149000, "incomeBeforeTax": 377350000, "incomeBeforeTaxRatio": 0.1477349783, "incomeTaxExpense": 107398000, "netIncome": 245286000, "netIncomeRatio": 0.0960310637, "eps": 1.7, "epsdiluted": 1.69, "weightedAverageShsOut": 144238000, "weightedAverageShsOutDil": 145376000, "link": "https://www.sec.gov/Archives/edgar/data/1123360/000112336014000033/0001123360-14-000033-index.htm", "finalLink": "https://www.sec.gov/Archives/edgar/data/1123360/000112336014000033/gpn20140531-10k.htm", "calculatedOtherExpenses": 0, "calculatedOperatingExpenses": 1196512000, "calculatedNetInterest": -28149000, "calculatedOtherIncome": 0, "calculatedIncomeNonControlling": 24666000, "calculatedEbitda": 527568000}, {"date": "2013-05-31", "symbol": "GPN", "reportedCurrency": "USD", "cik": "0001123360", "fillingDate": "2013-07-25", "acceptedDate": "2013-07-25 17:20:18", "calendarYear": "2012", "period": "FY", "revenue": 2375923000, "costOfRevenue": 862075000, "grossProfit": 1513848000, "grossProfitRatio": 0.6371620629, "researchAndDevelopmentExpenses": 0, "generalAndAdministrativeExpenses": 0, "sellingAndMarketingExpenses": 0, "sellingGeneralAndAdministrativeExpenses": 1119860000, "otherExpenses": 0, "operatingExpenses": 1156635000, "costAndExpenses": 2018710000, "interestIncome": 10353000, "interestExpense": 33282000, "depreciationAndAmortization": 111788000, "ebitda": 479354000, "ebitdaratio": 0.2017548549, "operatingIncome": 357213000, "operatingIncomeRatio": 0.1503470441, "totalOtherIncomeExpensesNet": -22929000, "incomeBeforeTax": 334284000, "incomeBeforeTaxRatio": 0.1406964788, "incomeTaxExpense": 95571000, "netIncome": 216125000, "netIncomeRatio": 0.0909646483, "eps": 1.39, "epsdiluted": 1.38, "weightedAverageShsOut": 155534000, "weightedAverageShsOutDil": 156454000, "link": "https://www.sec.gov/Archives/edgar/data/1123360/000112336013000025/0001123360-13-000025-index.htm", "finalLink": "https://www.sec.gov/Archives/edgar/data/1123360/000112336013000025/gpn20130531-10k.htm", "calculatedOtherExpenses": 36775000, "calculatedOperatingExpenses": 1156635000, "calculatedNetInterest": -22929000, "calculatedOtherIncome": 0, "calculatedIncomeNonControlling": 22588000, "calculatedEbitda": 469001000}, {"date": "2012-05-31", "symbol": "GPN", "reportedCurrency": "USD", "cik": "0001123360", "fillingDate": "2012-07-27", "acceptedDate": "2012-07-27 15:59:08", "calendarYear": "2011", "period": "FY", "revenue": 2203847000, "costOfRevenue": 784756000, "grossProfit": 1419091000, "grossProfitRatio": 0.6439153898, "researchAndDevelopmentExpenses": 0, "generalAndAdministrativeExpenses": 0, "sellingAndMarketingExpenses": 0, "sellingGeneralAndAdministrativeExpenses": 1027304000, "otherExpenses": 0, "operatingExpenses": 1111742000, "costAndExpenses": 1896498000, "interestIncome": 9946000, "interestExpense": 16848000, "depreciationAndAmortization": 99099000, "ebitda": 416394000, "ebitdaratio": 0.1889396133, "operatingIncome": 307349000, "operatingIncomeRatio": 0.1394602257, "totalOtherIncomeExpensesNet": -84438000, "incomeBeforeTax": 300447000, "incomeBeforeTaxRatio": 0.1363284293, "incomeTaxExpense": 82881000, "netIncome": 188161000, "netIncomeRatio": 0.0853784314, "eps": 1.2, "epsdiluted": 1.19, "weightedAverageShsOut": 157658000, "weightedAverageShsOutDil": 158862000, "link": "https://www.sec.gov/Archives/edgar/data/1123360/000112336012000045/0001123360-12-000045-index.htm", "finalLink": "https://www.sec.gov/Archives/edgar/data/1123360/000112336012000045/gpn20120531-10k.htm", "calculatedOtherExpenses": 84438000, "calculatedOperatingExpenses": 1111742000, "calculatedNetInterest": -6902000, "calculatedOtherIncome": 0, "calculatedIncomeNonControlling": 29405000, "calculatedEbitda": 406448000}, {"date": "2011-05-31", "symbol": "GPN", "reportedCurrency": "USD", "cik": "0001123360", "fillingDate": "2011-07-25", "acceptedDate": "2011-07-25 16:03:44", "calendarYear": "2010", "period": "FY", "revenue": 1859802000, "costOfRevenue": 665017000, "grossProfit": 1194785000, "grossProfitRatio": 0.6424259142, "researchAndDevelopmentExpenses": 0, "generalAndAdministrativeExpenses": 0, "sellingAndMarketingExpenses": 0, "sellingGeneralAndAdministrativeExpenses": 863191000, "otherExpenses": 0, "operatingExpenses": 863191000, "costAndExpenses": 1528208000, "interestIncome": 10774000, "interestExpense": 18161000, "depreciationAndAmortization": 82237000, "ebitda": 424605000, "ebitdaratio": 0.2283065617, "operatingIncome": 331594000, "operatingIncomeRatio": 0.1782953239, "totalOtherIncomeExpensesNet": -7387000, "incomeBeforeTax": 324207000, "incomeBeforeTaxRatio": 0.1743233957, "incomeTaxExpense": 95076000, "netIncome": 209238000, "netIncomeRatio": 0.1125055248, "eps": 1.31, "epsdiluted": 1.3, "weightedAverageShsOut": 159674000, "weightedAverageShsOutDil": 160956000, "link": "https://www.sec.gov/Archives/edgar/data/1123360/000119312511196004/0001193125-11-196004-index.htm", "finalLink": "https://www.sec.gov/Archives/edgar/data/1123360/000119312511196004/d10k.htm", "calculatedOtherExpenses": 0, "calculatedOperatingExpenses": 863191000, "calculatedNetInterest": -7387000, "calculatedOtherIncome": 0, "calculatedIncomeNonControlling": 19893000, "calculatedEbitda": 413831000}, {"date": "2010-05-31", "symbol": "GPN", "reportedCurrency": "USD", "cik": "0001123360", "fillingDate": "2010-07-28", "acceptedDate": "2010-07-28 16:01:56", "calendarYear": "2009", "period": "FY", "revenue": 1642468000, "costOfRevenue": 584609000, "grossProfit": 1057859000, "grossProfitRatio": 0.6440667337, "researchAndDevelopmentExpenses": 0, "generalAndAdministrativeExpenses": 0, "sellingAndMarketingExpenses": 0, "sellingGeneralAndAdministrativeExpenses": 734580000, "otherExpenses": 0, "operatingExpenses": 734580000, "costAndExpenses": 1319189000, "interestIncome": 4629000, "interestExpense": 17519000, "depreciationAndAmortization": 68667000, "ebitda": 396575000, "ebitdaratio": 0.2414506706, "operatingIncome": 323279000, "operatingIncomeRatio": 0.1968251436, "totalOtherIncomeExpensesNet": -12890000, "incomeBeforeTax": 310389000, "incomeBeforeTaxRatio": 0.1889771977, "incomeTaxExpense": 87379000, "netIncome": 203317000, "netIncomeRatio": 0.1237874954, "eps": 1.25, "epsdiluted": 1.24, "weightedAverageShsOut": 162150000, "weightedAverageShsOutDil": 164240000, "link": "https://www.sec.gov/Archives/edgar/data/1123360/000119312510169025/0001193125-10-169025-index.htm", "finalLink": "https://www.sec.gov/Archives/edgar/data/1123360/000119312510169025/d10k.htm", "calculatedOtherExpenses": 0, "calculatedOperatingExpenses": 734580000, "calculatedNetInterest": -12890000, "calculatedOtherIncome": 0, "calculatedIncomeNonControlling": 19693000, "calculatedEbitda": 391946000}, {"date": "2009-05-31", "symbol": "GPN", "reportedCurrency": "USD", "cik": "0001123360", "fillingDate": "2009-07-28", "acceptedDate": "2009-07-28 17:02:23", "calendarYear": "2008", "period": "FY", "revenue": 1462306000, "costOfRevenue": 504855000, "grossProfit": 957451000, "grossProfitRatio": 0.6547542033, "researchAndDevelopmentExpenses": 0, "generalAndAdministrativeExpenses": 0, "sellingAndMarketingExpenses": 0, "sellingGeneralAndAdministrativeExpenses": 664905000, "otherExpenses": 0, "operatingExpenses": 664905000, "costAndExpenses": 1169760000, "interestIncome": 7005000, "interestExpense": 7282000, "depreciationAndAmortization": 66288000, "ebitda": 365839000, "ebitdaratio": 0.250179511, "operatingIncome": 292546000, "operatingIncomeRatio": 0.2000579906, "totalOtherIncomeExpensesNet": -147664000, "incomeBeforeTax": 292269000, "incomeBeforeTaxRatio": 0.1998685638, "incomeTaxExpense": 85252000, "netIncome": 37217000, "netIncomeRatio": 0.0254508974, "eps": 0.23, "epsdiluted": 0.23, "weightedAverageShsOut": 160320000, "weightedAverageShsOutDil": 162098000, "link": "https://www.sec.gov/Archives/edgar/data/1123360/000119312509157024/0001193125-09-157024-index.htm", "finalLink": "https://www.sec.gov/Archives/edgar/data/1123360/000119312509157024/d10k.htm", "calculatedOtherExpenses": 0, "calculatedOperatingExpenses": 664905000, "calculatedNetInterest": -277000, "calculatedOtherIncome": 0, "calculatedIncomeNonControlling": 169800000, "calculatedEbitda": 358834000}, {"date": "2008-05-31", "symbol": "GPN", "reportedCurrency": "USD", "cik": "0001123360", "fillingDate": "2008-07-30", "acceptedDate": "2008-07-30 07:32:59", "calendarYear": "2007", "period": "FY", "revenue": 1274229000, "costOfRevenue": 475612000, "grossProfit": 798617000, "grossProfitRatio": 0.6267452711, "researchAndDevelopmentExpenses": 0, "generalAndAdministrativeExpenses": 0, "sellingAndMarketingExpenses": 0, "sellingGeneralAndAdministrativeExpenses": 545941000, "otherExpenses": 0, "operatingExpenses": 545941000, "costAndExpenses": 1021553000, "interestIncome": 18210000, "interestExpense": 8166000, "depreciationAndAmortization": 44034000, "ebitda": 314920000, "ebitdaratio": 0.2471455288, "operatingIncome": 251359000, "operatingIncomeRatio": 0.1972636002, "totalOtherIncomeExpensesNet": -1317000, "incomeBeforeTax": 261403000, "incomeBeforeTaxRatio": 0.2051460138, "incomeTaxExpense": 90588000, "netIncome": 162754000, "netIncomeRatio": 0.1277274336, "eps": 1.02, "epsdiluted": 1, "weightedAverageShsOut": 159036000, "weightedAverageShsOutDil": 161958000, "link": "https://www.sec.gov/Archives/edgar/data/1123360/000119312508160811/0001193125-08-160811-index.htm", "finalLink": "https://www.sec.gov/Archives/edgar/data/1123360/000119312508160811/d10k.htm", "calculatedOtherExpenses": 1317000, "calculatedOperatingExpenses": 547258000, "calculatedNetInterest": 10044000, "calculatedOtherIncome": 0, "calculatedIncomeNonControlling": 8061000, "calculatedEbitda": 295393000}, {"date": "2007-05-31", "symbol": "GPN", "reportedCurrency": "USD", "cik": "0001123360", "fillingDate": "2007-07-30", "acceptedDate": "2007-07-30 16:32:18", "calendarYear": "2006", "period": "FY", "revenue": 1061523000, "costOfRevenue": 414837000, "grossProfit": 646686000, "grossProfitRatio": 0.6092058297, "researchAndDevelopmentExpenses": 0, "generalAndAdministrativeExpenses": 0, "sellingAndMarketingExpenses": 0, "sellingGeneralAndAdministrativeExpenses": 425509000, "otherExpenses": 0, "operatingExpenses": 425509000, "costAndExpenses": 840346000, "interestIncome": 0, "interestExpense": 0, "depreciationAndAmortization": 40365000, "ebitda": 264630000, "ebitdaratio": 0.2492927614, "operatingIncome": 218089000, "operatingIncomeRatio": 0.2054491518, "totalOtherIncomeExpensesNet": -3088000, "incomeBeforeTax": 226331000, "incomeBeforeTaxRatio": 0.2132134678, "incomeTaxExpense": 73436000, "netIncome": 142985000, "netIncomeRatio": 0.1346979764, "eps": 0.89, "epsdiluted": 0.88, "weightedAverageShsOut": 160657303, "weightedAverageShsOutDil": 163411429, "link": "https://www.sec.gov/Archives/edgar/data/1123360/000119312507165419/0001193125-07-165419-index.htm", "finalLink": "https://www.sec.gov/Archives/edgar/data/1123360/000119312507165419/d10k.htm", "calculatedOtherExpenses": 3088000, "calculatedOperatingExpenses": 428597000, "calculatedNetInterest": 0, "calculatedOtherIncome": 8242000, "calculatedIncomeNonControlling": 9910000, "calculatedEbitda": 258454000}, {"date": "2006-05-31", "symbol": "GPN", "reportedCurrency": "USD", "cik": "0001123360", "fillingDate": "2006-08-04", "acceptedDate": "2006-08-04 08:52:35", "calendarYear": "2005", "period": "FY", "revenue": 908056000, "costOfRevenue": 358020000, "grossProfit": 550036000, "grossProfitRatio": 0.6057291621, "researchAndDevelopmentExpenses": 0, "generalAndAdministrativeExpenses": 0, "sellingAndMarketingExpenses": 0, "sellingGeneralAndAdministrativeExpenses": 347070000, "otherExpenses": 0, "operatingExpenses": 347070000, "costAndExpenses": 705090000, "interestIncome": 0, "interestExpense": 0, "depreciationAndAmortization": 40489000, "ebitda": 245333000, "ebitdaratio": 0.2701738659, "operatingIncome": 201088000, "operatingIncomeRatio": 0.2214488974, "totalOtherIncomeExpensesNet": -1878000, "incomeBeforeTax": 201520000, "incomeBeforeTaxRatio": 0.221924639, "incomeTaxExpense": 67522000, "netIncome": 125524000, "netIncomeRatio": 0.1382337653, "eps": 0.8, "epsdiluted": 0.77, "weightedAverageShsOut": 157891824, "weightedAverageShsOutDil": 164083660, "link": "https://www.sec.gov/Archives/edgar/data/1123360/000119312506161792/0001193125-06-161792-index.htm", "finalLink": "https://www.sec.gov/Archives/edgar/data/1123360/000119312506161792/d10k.htm", "calculatedOtherExpenses": 1878000, "calculatedOperatingExpenses": 348948000, "calculatedNetInterest": 0, "calculatedOtherIncome": 432000, "calculatedIncomeNonControlling": 8474000, "calculatedEbitda": 241577000}, {"date": "2005-05-31", "symbol": "GPN", "reportedCurrency": "USD", "cik": "0001123360", "fillingDate": "2005-08-15", "acceptedDate": "2005-08-15 17:02:11", "calendarYear": "2004", "period": "FY", "revenue": 784331000, "costOfRevenue": 337272000, "grossProfit": 447059000, "grossProfitRatio": 0.569987671, "researchAndDevelopmentExpenses": 0, "generalAndAdministrativeExpenses": 0, "sellingAndMarketingExpenses": 0, "sellingGeneralAndAdministrativeExpenses": 283232000, "otherExpenses": 0, "operatingExpenses": 283232000, "costAndExpenses": 620504000, "interestIncome": 0, "interestExpense": 0, "depreciationAndAmortization": 45306000, "ebitda": 212859000, "ebitdaratio": 0.2713892477, "operatingIncome": 160101000, "operatingIncomeRatio": 0.2041242792, "totalOtherIncomeExpensesNet": -3726000, "incomeBeforeTax": 153917000, "incomeBeforeTaxRatio": 0.1962398528, "incomeTaxExpense": 53351000, "netIncome": 92896000, "netIncomeRatio": 0.1184397914, "eps": 0.3, "epsdiluted": 0.29, "weightedAverageShsOut": 153367956, "weightedAverageShsOutDil": 158626286, "link": "https://www.sec.gov/Archives/edgar/data/1123360/000119312505168681/0001193125-05-168681-index.htm", "finalLink": "https://www.sec.gov/Archives/edgar/data/1123360/000119312505168681/d10k.htm", "calculatedOtherExpenses": 3726000, "calculatedOperatingExpenses": 286958000, "calculatedNetInterest": 0, "calculatedOtherIncome": -6184000, "calculatedIncomeNonControlling": 7670000, "calculatedEbitda": 205407000}, {"date": "2004-05-31", "symbol": "GPN", "reportedCurrency": "USD", "cik": "0001123360", "fillingDate": "2004-08-10", "acceptedDate": "2004-08-10 16:48:41", "calendarYear": "2003", "period": "FY", "revenue": 629320000, "costOfRevenue": 289353000, "grossProfit": 339967000, "grossProfitRatio": 0.540213246, "researchAndDevelopmentExpenses": 0, "generalAndAdministrativeExpenses": 0, "sellingAndMarketingExpenses": 0, "sellingGeneralAndAdministrativeExpenses": 217418000, "otherExpenses": 0, "operatingExpenses": 217418000, "costAndExpenses": 506771000, "interestIncome": 0, "interestExpense": 0, "depreciationAndAmortization": 35540000, "ebitda": 167737000, "ebitdaratio": 0.266536897, "operatingIncome": 112901000, "operatingIncomeRatio": 0.1794015763, "totalOtherIncomeExpensesNet": -9648000, "incomeBeforeTax": 108734000, "incomeBeforeTaxRatio": 0.1727801436, "incomeTaxExpense": 37765000, "netIncome": 62443000, "netIncomeRatio": 0.0992229708, "eps": 0.42, "epsdiluted": 0.4, "weightedAverageShsOut": 150465060, "weightedAverageShsOutDil": 156107500, "link": "https://www.sec.gov/Archives/edgar/data/1123360/000119312504136910/0001193125-04-136910-index.htm", "finalLink": "https://www.sec.gov/Archives/edgar/data/1123360/000119312504136910/d10k.htm", "calculatedOtherExpenses": 9648000, "calculatedOperatingExpenses": 227066000, "calculatedNetInterest": 0, "calculatedOtherIncome": -4167000, "calculatedIncomeNonControlling": 8526000, "calculatedEbitda": 148441000}, {"date": "2003-05-31", "symbol": "GPN", "reportedCurrency": "USD", "cik": "0001123360", "fillingDate": "2003-08-26", "acceptedDate": "2003-08-26 16:54:30", "calendarYear": "2002", "period": "FY", "revenue": 516084000, "costOfRevenue": 260290000, "grossProfit": 255794000, "grossProfitRatio": 0.4956441199, "researchAndDevelopmentExpenses": 0, "generalAndAdministrativeExpenses": 0, "sellingAndMarketingExpenses": 0, "sellingGeneralAndAdministrativeExpenses": 161272000, "otherExpenses": 0, "operatingExpenses": 161272000, "costAndExpenses": 421562000, "interestIncome": 0, "interestExpense": 0, "depreciationAndAmortization": 32061000, "ebitda": 127840000, "ebitdaratio": 0.2477116128, "operatingIncome": 93265000, "operatingIncomeRatio": 0.180716705, "totalOtherIncomeExpensesNet": -1257000, "incomeBeforeTax": 90152000, "incomeBeforeTaxRatio": 0.1746847412, "incomeTaxExpense": 31844000, "netIncome": 53300000, "netIncomeRatio": 0.103277761, "eps": 0.18, "epsdiluted": 0.18, "weightedAverageShsOut": 147864220, "weightedAverageShsOutDil": 150628037, "link": "https://www.sec.gov/Archives/edgar/data/1123360/000119312503042188/0001193125-03-042188-index.htm", "finalLink": "https://www.sec.gov/Archives/edgar/data/1123360/000119312503042188/d10k.htm", "calculatedOtherExpenses": 1257000, "calculatedOperatingExpenses": 162529000, "calculatedNetInterest": 0, "calculatedOtherIncome": -3113000, "calculatedIncomeNonControlling": 5008000, "calculatedEbitda": 125326000}, {"date": "2002-05-31", "symbol": "GPN", "reportedCurrency": "USD", "cik": "0001123360", "fillingDate": "2002-08-28", "acceptedDate": "2002-08-28 16:59:41", "calendarYear": "2001", "period": "FY", "revenue": 462826000, "costOfRevenue": 252126000, "grossProfit": 210700000, "grossProfitRatio": 0.4552466802, "researchAndDevelopmentExpenses": 0, "generalAndAdministrativeExpenses": 0, "sellingAndMarketingExpenses": 0, "sellingGeneralAndAdministrativeExpenses": 128289000, "otherExpenses": 0, "operatingExpenses": 117296000, "costAndExpenses": 369422000, "interestIncome": 0, "interestExpense": 0, "depreciationAndAmortization": 29571000, "ebitda": 133968000, "ebitdaratio": 0.2894565128, "operatingIncome": 82411000, "operatingIncomeRatio": 0.1780604374, "totalOtherIncomeExpensesNet": -10993000, "incomeBeforeTax": 64463000, "incomeBeforeTaxRatio": 0.139281285, "incomeTaxExpense": 24624000, "netIncome": 23840000, "netIncomeRatio": 0.0515096386, "eps": 0.16, "epsdiluted": 0.16, "weightedAverageShsOut": 146707692, "weightedAverageShsOutDil": 151365079, "link": "https://www.sec.gov/Archives/edgar/data/1123360/000093176302002979/0000931763-02-002979-index.htm", "finalLink": "https://www.sec.gov/Archives/edgar/data/1123360/000093176302002979/d10k.htm", "calculatedOtherExpenses": 0, "calculatedOperatingExpenses": 128289000, "calculatedNetInterest": 0, "calculatedOtherIncome": -17948000, "calculatedIncomeNonControlling": 15999000, "calculatedEbitda": 111982000}, {"date": "2001-05-31", "symbol": "GPN", "reportedCurrency": "USD", "cik": "0001123360", "fillingDate": "2001-08-29", "acceptedDate": "2001-08-29 00:00:00", "calendarYear": "2000", "period": "FY", "revenue": 353195000, "costOfRevenue": 192389000, "grossProfit": 160806000, "grossProfitRatio": 0.4552895709, "researchAndDevelopmentExpenses": 0, "generalAndAdministrativeExpenses": 0, "sellingAndMarketingExpenses": 0, "sellingGeneralAndAdministrativeExpenses": 102878000, "otherExpenses": 0, "operatingExpenses": 102878000, "costAndExpenses": 295267000, "interestIncome": 0, "interestExpense": 0, "depreciationAndAmortization": 21756000, "ebitda": 89566000, "ebitdaratio": 0.2535879613, "operatingIncome": 53046000, "operatingIncomeRatio": 0.1501889891, "totalOtherIncomeExpensesNet": -9882000, "incomeBeforeTax": 38484000, "incomeBeforeTaxRatio": 0.1089596399, "incomeTaxExpense": 14816000, "netIncome": 23668000, "netIncomeRatio": 0.0670111412, "eps": 0.21, "epsdiluted": 0.21, "weightedAverageShsOut": 114062651, "weightedAverageShsOutDil": 115453659, "link": "https://www.sec.gov/Archives/edgar/data/1123360/000093176301501581/0000931763-01-501581-index.htm", "finalLink": "https://www.sec.gov/Archives/edgar/data/1123360/000093176301501581/d10k405.txt", "calculatedOtherExpenses": 4882000, "calculatedOperatingExpenses": 107760000, "calculatedNetInterest": 0, "calculatedOtherIncome": -14562000, "calculatedIncomeNonControlling": 0, "calculatedEbitda": 74802000}, {"date": "2000-05-31", "symbol": "GPN", "reportedCurrency": "USD", "cik": "0001123360", "fillingDate": "2000-05-31", "acceptedDate": "2000-05-30 20:00:00", "calendarYear": "1999", "period": "FY", "revenue": 340033000, "costOfRevenue": 181479000, "grossProfit": 158554000, "grossProfitRatio": 0.4662900366, "researchAndDevelopmentExpenses": 0, "generalAndAdministrativeExpenses": 0, "sellingAndMarketingExpenses": 0, "sellingGeneralAndAdministrativeExpenses": 95342000, "otherExpenses": 0, "operatingExpenses": 95342000, "costAndExpenses": 276821000, "interestIncome": 0, "interestExpense": 0, "depreciationAndAmortization": 20028000, "ebitda": 87357000, "ebitdaratio": 0.2569074178, "operatingIncome": 63212000, "operatingIncomeRatio": 0.1858996039, "totalOtherIncomeExpensesNet": -4117000, "incomeBeforeTax": 53772000, "incomeBeforeTaxRatio": 0.1581375925, "incomeTaxExpense": 20725000, "netIncome": 33047000, "netIncomeRatio": 0.0971876259, "eps": 0.31, "epsdiluted": 0.31, "weightedAverageShsOut": 106603226, "weightedAverageShsOutDil": 106603226, "link": null, "finalLink": null, "calculatedOtherExpenses": 0, "calculatedOperatingExpenses": 95342000, "calculatedNetInterest": 0, "calculatedOtherIncome": -9440000, "calculatedIncomeNonControlling": 0, "calculatedEbitda": 83240000}]}