{"originalCurrency": "USD", "convertedCurrency": "USD", "report": [{"date": "2023-12-31", "symbol": "GPOR", "reportedCurrency": "USD", "cik": "0000874499", "fillingDate": "2024-02-28", "acceptedDate": "2024-02-28 15:00:11", "calendarYear": "2023", "period": "FY", "revenue": 1051383000, "costOfRevenue": 773493000, "grossProfit": 277890000, "grossProfitRatio": 0.2643090101, "researchAndDevelopmentExpenses": 0, "generalAndAdministrativeExpenses": 38600000, "sellingAndMarketingExpenses": 0, "sellingGeneralAndAdministrativeExpenses": 38600000, "otherExpenses": 27982000, "operatingExpenses": 38600000, "costAndExpenses": 812093000, "interestIncome": 7000, "interestExpense": 57069000, "depreciationAndAmortization": 322497000, "ebitda": 561787000, "ebitdaratio": 0.5343314472, "operatingIncome": 239290000, "operatingIncomeRatio": 0.2275954624, "totalOtherIncomeExpensesNet": 706470000, "incomeBeforeTax": 945760000, "incomeBeforeTaxRatio": 0.8995389882, "incomeTaxExpense": -525156000, "netIncome": 1470916000, "netIncomeRatio": 1.399029659, "eps": 67.24, "epsdiluted": 66.33, "weightedAverageShsOut": 18645000, "weightedAverageShsOutDil": 18902000, "link": "https://www.sec.gov/Archives/edgar/data/874499/000162828024007527/0001628280-24-007527-index.htm", "finalLink": "https://www.sec.gov/Archives/edgar/data/874499/000162828024007527/gpor-20231231.htm", "calculatedOtherExpenses": 0, "calculatedOperatingExpenses": 38600000, "calculatedNetInterest": -57062000, "calculatedOtherIncome": 763532000, "calculatedIncomeNonControlling": 0, "calculatedEbitda": 561787000}, {"date": "2022-12-31", "symbol": "GPOR", "reportedCurrency": "USD", "cik": "0000874499", "fillingDate": "2023-03-01", "acceptedDate": "2023-03-01 14:57:00", "calendarYear": "2022", "period": "FY", "revenue": 2330859000, "costOfRevenue": 332551000, "grossProfit": 1998308000, "grossProfitRatio": 0.8573268482, "researchAndDevelopmentExpenses": 0, "generalAndAdministrativeExpenses": 392550000, "sellingAndMarketingExpenses": 0, "sellingGeneralAndAdministrativeExpenses": 392550000, "otherExpenses": 62885000, "operatingExpenses": 455435000, "costAndExpenses": 787986000, "interestIncome": 826000, "interestExpense": 59773000, "depreciationAndAmortization": 267761000, "ebitda": 1821982000, "ebitdaratio": 0.7816783426, "operatingIncome": 1554221000, "operatingIncomeRatio": 0.66680181, "totalOtherIncomeExpensesNet": -1059520000, "incomeBeforeTax": 494701000, "incomeBeforeTaxRatio": 0.2122397794, "incomeTaxExpense": 48425000, "netIncome": 494701000, "netIncomeRatio": 0.2122397794, "eps": 20.45, "epsdiluted": 20.29, "weightedAverageShsOut": 20185000, "weightedAverageShsOutDil": 20347000, "link": "https://www.sec.gov/Archives/edgar/data/874499/000162828023005790/0001628280-23-005790-index.htm", "finalLink": "https://www.sec.gov/Archives/edgar/data/874499/000162828023005790/gpor-20221231.htm", "calculatedOtherExpenses": 51537000, "calculatedOperatingExpenses": 444087000, "calculatedNetInterest": -58947000, "calculatedOtherIncome": -1000573000, "calculatedIncomeNonControlling": -48425000, "calculatedEbitda": 1821982000}, {"date": "2021-12-31", "symbol": "GPOR", "reportedCurrency": "USD", "cik": "0000874499", "fillingDate": "2022-03-01", "acceptedDate": "2022-03-01 14:45:28", "calendarYear": "2021", "period": "FY", "revenue": 1502860000, "costOfRevenue": 693507000, "grossProfit": 809353000, "grossProfitRatio": 0.5385418469, "researchAndDevelopmentExpenses": 0, "generalAndAdministrativeExpenses": 53640000, "sellingAndMarketingExpenses": 0, "sellingGeneralAndAdministrativeExpenses": 53640000, "otherExpenses": 557.226, "operatingExpenses": 53640000, "costAndExpenses": 747147000, "interestIncome": 45012000, "interestExpense": 45210000, "depreciationAndAmortization": 226120000, "ebitda": 981833000, "ebitdaratio": 0.6533096895, "operatingIncome": 755713000, "operatingIncomeRatio": 0.5028498995, "totalOtherIncomeExpensesNet": -625555000, "incomeBeforeTax": 130157999, "incomeBeforeTaxRatio": 0.0866068689, "incomeTaxExpense": -8007000, "netIncome": 138165000, "netIncomeRatio": 0.0919347112, "eps": 6.71, "epsdiluted": 6.71, "weightedAverageShsOut": 20600000, "weightedAverageShsOutDil": 20600000, "link": "https://www.sec.gov/Archives/edgar/data/874499/000162828022004445/0001628280-22-004445-index.htm", "finalLink": "https://www.sec.gov/Archives/edgar/data/874499/000162828022004445/gpor-20211231.htm", "calculatedOtherExpenses": 0, "calculatedOperatingExpenses": 53640000, "calculatedNetInterest": -198000, "calculatedOtherIncome": -625357001, "calculatedIncomeNonControlling": -1, "calculatedEbitda": 981833000}, {"date": "2020-12-31", "symbol": "GPOR", "reportedCurrency": "USD", "cik": "0000874499", "fillingDate": "2021-03-05", "acceptedDate": "2021-03-05 15:43:14", "calendarYear": "2020", "period": "FY", "revenue": 801251000, "costOfRevenue": 750297000, "grossProfit": 50954000, "grossProfitRatio": 0.0635930564, "researchAndDevelopmentExpenses": 0, "generalAndAdministrativeExpenses": 59329000, "sellingAndMarketingExpenses": 0, "sellingGeneralAndAdministrativeExpenses": 59329000, "otherExpenses": 31575000, "operatingExpenses": 90904000, "costAndExpenses": 841201000, "interestIncome": 414000, "interestExpense": 114516000, "depreciationAndAmortization": 239744000, "ebitda": 161852000, "ebitdaratio": 0.2019991239, "operatingIncome": -77892000, "operatingIncomeRatio": -0.0972129832, "totalOtherIncomeExpensesNet": -1539951000, "incomeBeforeTax": -1617843000, "incomeBeforeTaxRatio": -2.01914631, "incomeTaxExpense": 7290000, "netIncome": -1625133000, "netIncomeRatio": -2.0282445825, "eps": -10.14, "epsdiluted": -10.14, "weightedAverageShsOut": 160231335, "weightedAverageShsOutDil": 160231335, "link": "https://www.sec.gov/Archives/edgar/data/874499/000162828021004026/0001628280-21-004026-index.htm", "finalLink": "https://www.sec.gov/Archives/edgar/data/874499/000162828021004026/gpor-20201231.htm", "calculatedOtherExpenses": 69517000, "calculatedOperatingExpenses": 128846000, "calculatedNetInterest": -114102000, "calculatedOtherIncome": -1425849000, "calculatedIncomeNonControlling": 0, "calculatedEbitda": 161852000}, {"date": "2019-12-31", "symbol": "GPOR", "reportedCurrency": "USD", "cik": "0000874499", "fillingDate": "2020-02-27", "acceptedDate": "2020-02-27 17:14:25", "calendarYear": "2019", "period": "FY", "revenue": 1137648000, "costOfRevenue": 953402000, "grossProfit": 184246000, "grossProfitRatio": 0.1619534338, "researchAndDevelopmentExpenses": 0, "generalAndAdministrativeExpenses": 47979000, "sellingAndMarketingExpenses": 0, "sellingGeneralAndAdministrativeExpenses": 47979000, "otherExpenses": 3939000, "operatingExpenses": 51918000, "costAndExpenses": 1005320000, "interestIncome": 801000, "interestExpense": 141786000, "depreciationAndAmortization": 550108000, "ebitda": 469364000, "ebitdaratio": 0.4125740123, "operatingIncome": -80744000, "operatingIncomeRatio": -0.0709745018, "totalOtherIncomeExpensesNet": -1929177000, "incomeBeforeTax": -2009921000, "incomeBeforeTaxRatio": -1.766733647, "incomeTaxExpense": -7563000, "netIncome": -2002358000, "netIncomeRatio": -1.7600857207, "eps": -12.49, "epsdiluted": -12.49, "weightedAverageShsOut": 160341125, "weightedAverageShsOutDil": 160341125, "link": "https://www.sec.gov/Archives/edgar/data/874499/000162828020002453/0001628280-20-002453-index.htm", "finalLink": "https://www.sec.gov/Archives/edgar/data/874499/000162828020002453/gpor-12312019x10k.htm", "calculatedOtherExpenses": 217011000, "calculatedOperatingExpenses": 264990000, "calculatedNetInterest": -140985000, "calculatedOtherIncome": -1788192000, "calculatedIncomeNonControlling": 0, "calculatedEbitda": 469364000}, {"date": "2018-12-31", "symbol": "GPOR", "reportedCurrency": "USD", "cik": "0000874499", "fillingDate": "2019-02-28", "acceptedDate": "2019-02-28 14:49:21", "calendarYear": "2018", "period": "FY", "revenue": 1478523000, "costOfRevenue": 901972000, "grossProfit": 576551000, "grossProfitRatio": 0.3899506467, "researchAndDevelopmentExpenses": 0, "generalAndAdministrativeExpenses": 56633000, "sellingAndMarketingExpenses": 0, "sellingGeneralAndAdministrativeExpenses": 56633000, "otherExpenses": -698000, "operatingExpenses": 56633000, "costAndExpenses": 958605000, "interestIncome": 314000, "interestExpense": 135273000, "depreciationAndAmortization": 486664000, "ebitda": 690087000, "ebitdaratio": 0.4667407947, "operatingIncome": 392320000, "operatingIncomeRatio": 0.2653458891, "totalOtherIncomeExpensesNet": 49651000, "incomeBeforeTax": 430491000, "incomeBeforeTaxRatio": 0.29116287, "incomeTaxExpense": -69000, "netIncome": 430560000, "netIncomeRatio": 0.2912095382, "eps": 2.46, "epsdiluted": 2.45, "weightedAverageShsOut": 174675840, "weightedAverageShsOutDil": 175398706, "link": "https://www.sec.gov/Archives/edgar/data/874499/000162828019002242/0001628280-19-002242-index.htm", "finalLink": "https://www.sec.gov/Archives/edgar/data/874499/000162828019002242/gpor-12312018x10k.htm", "calculatedOtherExpenses": 127598000, "calculatedOperatingExpenses": 184231000, "calculatedNetInterest": -134959000, "calculatedOtherIncome": 173130000, "calculatedIncomeNonControlling": 0, "calculatedEbitda": 878984000}, {"date": "2017-12-31", "symbol": "GPOR", "reportedCurrency": "USD", "cik": "0000874499", "fillingDate": "2018-02-22", "acceptedDate": "2018-02-22 15:25:03", "calendarYear": "2017", "period": "FY", "revenue": 1106624000, "costOfRevenue": 714996000, "grossProfit": 391628000, "grossProfitRatio": 0.353894367, "researchAndDevelopmentExpenses": 0, "generalAndAdministrativeExpenses": 52938000, "sellingAndMarketingExpenses": 0, "sellingGeneralAndAdministrativeExpenses": 52938000, "otherExpenses": 1041000, "operatingExpenses": 52938000, "costAndExpenses": 767934000, "interestIncome": 1009000, "interestExpense": 108198000, "depreciationAndAmortization": 364629000, "ebitda": 333872000, "ebitdaratio": 0.3017031982, "operatingIncome": 548366000, "operatingIncomeRatio": 0.4955305506, "totalOtherIncomeExpensesNet": 207071000, "incomeBeforeTax": 436961000, "incomeBeforeTaxRatio": 0.3948595006, "incomeTaxExpense": 1809000, "netIncome": 435152000, "netIncomeRatio": 0.393224799, "eps": 2.42, "epsdiluted": 2.41, "weightedAverageShsOut": 179834146, "weightedAverageShsOutDil": 180253024, "link": "https://www.sec.gov/Archives/edgar/data/874499/000162828018002041/0001628280-18-002041-index.htm", "finalLink": "https://www.sec.gov/Archives/edgar/data/874499/000162828018002041/gpor-12312017x10k.htm", "calculatedOtherExpenses": -209676000, "calculatedOperatingExpenses": -156738000, "calculatedNetInterest": -107189000, "calculatedOtherIncome": -4216000, "calculatedIncomeNonControlling": 0, "calculatedEbitda": 912995000}, {"date": "2016-12-31", "symbol": "GPOR", "reportedCurrency": "USD", "cik": "0000874499", "fillingDate": "2017-02-15", "acceptedDate": "2017-02-14 18:36:38", "calendarYear": "2016", "period": "FY", "revenue": 560416000, "costOfRevenue": 494099000, "grossProfit": 66317000, "grossProfitRatio": 0.1183353081, "researchAndDevelopmentExpenses": 0, "generalAndAdministrativeExpenses": 43409000, "sellingAndMarketingExpenses": 0, "sellingGeneralAndAdministrativeExpenses": 43409000, "otherExpenses": -129000, "operatingExpenses": 43409000, "costAndExpenses": 537508000, "interestIncome": 1230000, "interestExpense": 63530000, "depreciationAndAmortization": 245974000, "ebitda": -11033000, "ebitdaratio": -0.019687161, "operatingIncome": -868150000, "operatingIncomeRatio": -1.5491170845, "totalOtherIncomeExpensesNet": -942173000, "incomeBeforeTax": -982622000, "incomeBeforeTaxRatio": -1.7533796323, "incomeTaxExpense": -2913000, "netIncome": -979709000, "netIncomeRatio": -1.7481817079, "eps": -7.97, "epsdiluted": -7.97, "weightedAverageShsOut": 122924607, "weightedAverageShsOutDil": 122952866, "link": "https://www.sec.gov/Archives/edgar/data/874499/000162828017001359/0001628280-17-001359-index.htm", "finalLink": "https://www.sec.gov/Archives/edgar/data/874499/000162828017001359/gpor-12312016x10k.htm", "calculatedOtherExpenses": 891058000, "calculatedOperatingExpenses": 934467000, "calculatedNetInterest": -62300000, "calculatedOtherIncome": -52172000, "calculatedIncomeNonControlling": 0, "calculatedEbitda": -622176000}, {"date": "2015-12-31", "symbol": "GPOR", "reportedCurrency": "USD", "cik": "0000874499", "fillingDate": "2016-02-19", "acceptedDate": "2016-02-19 13:16:31", "calendarYear": "2015", "period": "FY", "revenue": 708990000, "costOfRevenue": 560499000, "grossProfit": 148491000, "grossProfitRatio": 0.2094401896, "researchAndDevelopmentExpenses": 0, "generalAndAdministrativeExpenses": 41967000, "sellingAndMarketingExpenses": 0, "sellingGeneralAndAdministrativeExpenses": 41967000, "otherExpenses": 27508000, "operatingExpenses": 41482000, "costAndExpenses": 601981000, "interestIncome": 643000, "interestExpense": 51221000, "depreciationAndAmortization": 337694000, "ebitda": 739000, "ebitdaratio": 0.0010423278, "operatingIncome": -1334229000, "operatingIncomeRatio": -1.881872805, "totalOtherIncomeExpensesNet": -1536496000, "incomeBeforeTax": -1480885000, "incomeBeforeTaxRatio": -2.0887248057, "incomeTaxExpense": -256001000, "netIncome": -1224884000, "netIncomeRatio": -1.7276463702, "eps": -12.27, "epsdiluted": -12.27, "weightedAverageShsOut": 99792401, "weightedAverageShsOutDil": 99792401, "link": "https://www.sec.gov/Archives/edgar/data/874499/000162828016011417/0001628280-16-011417-index.htm", "finalLink": "https://www.sec.gov/Archives/edgar/data/874499/000162828016011417/gpor-12312015x10k.htm", "calculatedOtherExpenses": 1440753000, "calculatedOperatingExpenses": 1482720000, "calculatedNetInterest": -50578000, "calculatedOtherIncome": -96078000, "calculatedIncomeNonControlling": 0, "calculatedEbitda": -996535000}, {"date": "2014-12-31", "symbol": "GPOR", "reportedCurrency": "USD", "cik": "0000874499", "fillingDate": "2015-02-27", "acceptedDate": "2015-02-27 16:20:18", "calendarYear": "2014", "period": "FY", "revenue": 670762000, "costOfRevenue": 406095000, "grossProfit": 264667000, "grossProfitRatio": 0.3945766158, "researchAndDevelopmentExpenses": 0, "generalAndAdministrativeExpenses": 38290000, "sellingAndMarketingExpenses": 0, "sellingGeneralAndAdministrativeExpenses": 38290000, "otherExpenses": 13901000, "operatingExpenses": 37786000, "costAndExpenses": 443881000, "interestIncome": 195000, "interestExpense": 23986000, "depreciationAndAmortization": 265431000, "ebitda": 365749000, "ebitdaratio": 0.5452738825, "operatingIncome": 226131000, "operatingIncomeRatio": 0.3371255378, "totalOtherIncomeExpensesNet": 198415000, "incomeBeforeTax": 400744000, "incomeBeforeTaxRatio": 0.5974458899, "incomeTaxExpense": 153341000, "netIncome": 247403000, "netIncomeRatio": 0.3688387237, "eps": 2.9, "epsdiluted": 2.88, "weightedAverageShsOut": 85445963, "weightedAverageShsOutDil": 85813182, "link": "https://www.sec.gov/Archives/edgar/data/874499/000162828015001182/0001628280-15-001182-index.htm", "finalLink": "https://www.sec.gov/Archives/edgar/data/874499/000162828015001182/gpor-12312014x10k.htm", "calculatedOtherExpenses": 246000, "calculatedOperatingExpenses": 38536000, "calculatedNetInterest": -23791000, "calculatedOtherIncome": 198404000, "calculatedIncomeNonControlling": 0, "calculatedEbitda": 491562000}, {"date": "2013-12-31", "symbol": "GPOR", "reportedCurrency": "USD", "cik": "0000874499", "fillingDate": "2014-02-28", "acceptedDate": "2014-02-28 16:19:04", "calendarYear": "2013", "period": "FY", "revenue": 262225000, "costOfRevenue": 183546000, "grossProfit": 78679000, "grossProfitRatio": 0.3000438555, "researchAndDevelopmentExpenses": 0, "generalAndAdministrativeExpenses": 22519000, "sellingAndMarketingExpenses": 0, "sellingGeneralAndAdministrativeExpenses": 22519000, "otherExpenses": 4184000, "operatingExpenses": 21991000, "costAndExpenses": 205537000, "interestIncome": 297000, "interestExpense": 17490000, "depreciationAndAmortization": 118880000, "ebitda": 269326000, "ebitdaratio": 1.0270797979, "operatingIncome": 55463000, "operatingIncomeRatio": 0.2115092001, "totalOtherIncomeExpensesNet": 212550000, "incomeBeforeTax": 251328000, "incomeBeforeTaxRatio": 0.9584440843, "incomeTaxExpense": 98136000, "netIncome": 153192000, "netIncomeRatio": 0.5842005911, "eps": 1.98, "epsdiluted": 1.97, "weightedAverageShsOut": 77375683, "weightedAverageShsOutDil": 77861646, "link": "https://www.sec.gov/Archives/edgar/data/874499/000144530514000751/0001445305-14-000751-index.htm", "finalLink": "https://www.sec.gov/Archives/edgar/data/874499/000144530514000751/gpor-12312013x10k.htm", "calculatedOtherExpenses": 697000, "calculatedOperatingExpenses": 23216000, "calculatedNetInterest": -17193000, "calculatedOtherIncome": 213058000, "calculatedIncomeNonControlling": 0, "calculatedEbitda": 174343000}, {"date": "2012-12-31", "symbol": "GPOR", "reportedCurrency": "USD", "cik": "0000874499", "fillingDate": "2013-03-01", "acceptedDate": "2013-02-28 18:44:44", "calendarYear": "2012", "period": "FY", "revenue": 248601000, "costOfRevenue": 144457000, "grossProfit": 104144000, "grossProfitRatio": 0.4189202779, "researchAndDevelopmentExpenses": 0, "generalAndAdministrativeExpenses": 13808000, "sellingAndMarketingExpenses": 0, "sellingGeneralAndAdministrativeExpenses": 13808000, "otherExpenses": 10500000000000, "operatingExpenses": 13483000, "costAndExpenses": 157940000, "interestIncome": 72000, "interestExpense": 7458000, "depreciationAndAmortization": 90749000, "ebitda": 98357000, "ebitdaratio": 0.3956420127, "operatingIncome": 97263000, "operatingIncomeRatio": 0.3912413868, "totalOtherIncomeExpensesNet": 15622000, "incomeBeforeTax": 98199000, "incomeBeforeTaxRatio": 0.3950064561, "incomeTaxExpense": 26363000, "netIncome": 68371000, "netIncomeRatio": 0.2750230289, "eps": 1.22, "epsdiluted": 1.21, "weightedAverageShsOut": 55933354, "weightedAverageShsOutDil": 56417488, "link": "https://www.sec.gov/Archives/edgar/data/874499/000144530513000396/0001445305-13-000396-index.htm", "finalLink": "https://www.sec.gov/Archives/edgar/data/874499/000144530513000396/gpor-12312012x10k.htm", "calculatedOtherExpenses": -6927000, "calculatedOperatingExpenses": 6881000, "calculatedNetInterest": -7386000, "calculatedOtherIncome": 8322000, "calculatedIncomeNonControlling": 3465000, "calculatedEbitda": 188012000}, {"date": "2011-12-31", "symbol": "GPOR", "reportedCurrency": "USD", "cik": "0000874499", "fillingDate": "2012-02-27", "acceptedDate": "2012-02-27 17:11:48", "calendarYear": "2011", "period": "FY", "revenue": 229254000, "costOfRevenue": 47230000, "grossProfit": 182024000, "grossProfitRatio": 0.7939839654, "researchAndDevelopmentExpenses": 0, "generalAndAdministrativeExpenses": 8074000000000, "sellingAndMarketingExpenses": -8073991926000, "sellingGeneralAndAdministrativeExpenses": 8074000, "otherExpenses": 12823000000000, "operatingExpenses": 71060000, "costAndExpenses": 118290000, "interestIncome": 186000, "interestExpense": 1400000, "depreciationAndAmortization": 62320000, "ebitda": 172052000, "ebitdaratio": 0.7504863601, "operatingIncome": 110964000, "operatingIncomeRatio": 0.484022089, "totalOtherIncomeExpensesNet": -1418000, "incomeBeforeTax": 108332000, "incomeBeforeTaxRatio": 0.4725413733, "incomeTaxExpense": -90000, "netIncome": 108422000, "netIncomeRatio": 0.472933951, "eps": 2.22, "epsdiluted": 2.2, "weightedAverageShsOut": 48754840, "weightedAverageShsOutDil": 49206963, "link": "https://www.sec.gov/Archives/edgar/data/874499/000119312512081951/0001193125-12-081951-index.htm", "finalLink": "https://www.sec.gov/Archives/edgar/data/874499/000119312512081951/d268850d10k.htm", "calculatedOtherExpenses": 62986000, "calculatedOperatingExpenses": 71060000, "calculatedNetInterest": -1214000, "calculatedOtherIncome": -1418000, "calculatedIncomeNonControlling": 0, "calculatedEbitda": 173284000}, {"date": "2010-12-31", "symbol": "GPOR", "reportedCurrency": "USD", "cik": "0000874499", "fillingDate": "2011-03-14", "acceptedDate": "2011-03-14 16:49:46", "calendarYear": "2010", "period": "FY", "revenue": 126944000, "costOfRevenue": 31580000, "grossProfit": 95364000, "grossProfitRatio": 0.7512288883, "researchAndDevelopmentExpenses": 0, "generalAndAdministrativeExpenses": 6063000000000, "sellingAndMarketingExpenses": -6062993937000, "sellingGeneralAndAdministrativeExpenses": 6063000, "otherExpenses": 11551000000000, "operatingExpenses": 45587000, "costAndExpenses": 77167000, "interestIncome": 387000, "interestExpense": 2761000, "depreciationAndAmortization": 38907000, "ebitda": 89071000, "ebitdaratio": 0.7016558482, "operatingIncome": 49777000, "operatingIncomeRatio": 0.3921177842, "totalOtherIncomeExpensesNet": -2374000000000, "incomeBeforeTax": 47403000, "incomeBeforeTaxRatio": 0.3734166247, "incomeTaxExpense": 40000, "netIncome": 47363000, "netIncomeRatio": 0.3731015251, "eps": 1.08, "epsdiluted": 1.07, "weightedAverageShsOut": 43863190, "weightedAverageShsOutDil": 44256092, "link": "https://www.sec.gov/Archives/edgar/data/874499/000119312511065894/0001193125-11-065894-index.htm", "finalLink": "https://www.sec.gov/Archives/edgar/data/874499/000119312511065894/d10k.htm", "calculatedOtherExpenses": 39524000, "calculatedOperatingExpenses": 45587000, "calculatedNetInterest": -2374000, "calculatedOtherIncome": 0, "calculatedIncomeNonControlling": 0, "calculatedEbitda": 88684000}, {"date": "2009-12-31", "symbol": "GPOR", "reportedCurrency": "USD", "cik": "0000874499", "fillingDate": "2010-03-12", "acceptedDate": "2010-03-12 14:12:40", "calendarYear": "2009", "period": "FY", "revenue": 85262000, "costOfRevenue": 26113000, "grossProfit": 59149000, "grossProfitRatio": 0.6937322606, "researchAndDevelopmentExpenses": 0, "generalAndAdministrativeExpenses": 4992000000000, "sellingAndMarketingExpenses": -4991995008000, "sellingGeneralAndAdministrativeExpenses": 4992000, "otherExpenses": 11324000000000, "operatingExpenses": 34799000, "costAndExpenses": 60912000, "interestIncome": 564000, "interestExpense": 2309000, "depreciationAndAmortization": 29225000, "ebitda": 54139000, "ebitdaratio": 0.6349722033, "operatingIncome": 24350000, "operatingIncomeRatio": 0.2855902981, "totalOtherIncomeExpensesNet": 1050000, "incomeBeforeTax": 23655000, "incomeBeforeTaxRatio": 0.2774389529, "incomeTaxExpense": 28000, "netIncome": 23627000, "netIncomeRatio": 0.2771105534, "eps": 0.55, "epsdiluted": 0.55, "weightedAverageShsOut": 42667581, "weightedAverageShsOutDil": 43017648, "link": "https://www.sec.gov/Archives/edgar/data/874499/000119312510055121/0001193125-10-055121-index.htm", "finalLink": "https://www.sec.gov/Archives/edgar/data/874499/000119312510055121/d10k.htm", "calculatedOtherExpenses": 29807000, "calculatedOperatingExpenses": 34799000, "calculatedNetInterest": -1745000, "calculatedOtherIncome": 1050000, "calculatedIncomeNonControlling": 0, "calculatedEbitda": 53575000}, {"date": "2008-12-31", "symbol": "GPOR", "reportedCurrency": "USD", "cik": "0000874499", "fillingDate": "2009-03-16", "acceptedDate": "2009-03-16 14:20:33", "calendarYear": "2008", "period": "FY", "revenue": 141217000, "costOfRevenue": 22856000, "grossProfit": 118361000, "grossProfitRatio": 0.8381497978, "researchAndDevelopmentExpenses": 0, "generalAndAdministrativeExpenses": 6843000000000, "sellingAndMarketingExpenses": -6842993157000, "sellingGeneralAndAdministrativeExpenses": 6843000, "otherExpenses": 16013000000000, "operatingExpenses": 338410000, "costAndExpenses": 361266000, "interestIncome": 540000, "interestExpense": 4762000, "depreciationAndAmortization": 42472000, "ebitda": 55936000, "ebitdaratio": 0.3960996197, "operatingIncome": -220049000, "operatingIncomeRatio": -1.5582330739, "totalOtherIncomeExpensesNet": -233513000, "incomeBeforeTax": -184502000, "incomeBeforeTaxRatio": -1.3065140882, "incomeTaxExpense": -35547000, "netIncome": -184502000, "netIncomeRatio": -1.3065140882, "eps": -4.33, "epsdiluted": -4.33, "weightedAverageShsOut": 42599611, "weightedAverageShsOutDil": 42599611, "link": "https://www.sec.gov/Archives/edgar/data/874499/000119312509055183/0001193125-09-055183-index.htm", "finalLink": "https://www.sec.gov/Archives/edgar/data/874499/000119312509055183/d10k.htm", "calculatedOtherExpenses": 331567000, "calculatedOperatingExpenses": 338410000, "calculatedNetInterest": -4222000, "calculatedOtherIncome": 39769000, "calculatedIncomeNonControlling": 35547000, "calculatedEbitda": -177577000}, {"date": "2007-12-31", "symbol": "GPOR", "reportedCurrency": "USD", "cik": "0000874499", "fillingDate": "2008-03-17", "acceptedDate": "2008-03-17 13:59:04", "calendarYear": "2007", "period": "FY", "revenue": 106163000, "costOfRevenue": 16670000, "grossProfit": 89493000, "grossProfitRatio": 0.8429773085, "researchAndDevelopmentExpenses": 0, "generalAndAdministrativeExpenses": 5802000000000, "sellingAndMarketingExpenses": -5801994198000, "sellingGeneralAndAdministrativeExpenses": 5802000, "otherExpenses": 10868000000000, "operatingExpenses": 49029000, "costAndExpenses": 65699000, "interestIncome": 523000, "interestExpense": 3091000, "depreciationAndAmortization": 29681000, "ebitda": 71024000, "ebitdaratio": 0.6690089768, "operatingIncome": 40464000, "operatingIncomeRatio": 0.3811497414, "totalOtherIncomeExpensesNet": -879000, "incomeBeforeTax": 37896000, "incomeBeforeTaxRatio": 0.356960523, "incomeTaxExpense": 121000, "netIncome": 37775000, "netIncomeRatio": 0.3558207662, "eps": 1.03, "epsdiluted": 1.01, "weightedAverageShsOut": 36674757, "weightedAverageShsOutDil": 37400990, "link": "https://www.sec.gov/Archives/edgar/data/874499/000119312508058618/0001193125-08-058618-index.htm", "finalLink": "https://www.sec.gov/Archives/edgar/data/874499/000119312508058618/d10k.htm", "calculatedOtherExpenses": 43227000, "calculatedOperatingExpenses": 49029000, "calculatedNetInterest": -2568000, "calculatedOtherIncome": 0, "calculatedIncomeNonControlling": 0, "calculatedEbitda": 70145000}, {"date": "2006-12-31", "symbol": "GPOR", "reportedCurrency": "USD", "cik": "0000874499", "fillingDate": "2007-04-02", "acceptedDate": "2007-03-30 17:36:14", "calendarYear": "2006", "period": "FY", "revenue": 60390000, "costOfRevenue": 10670000, "grossProfit": 49720000, "grossProfitRatio": 0.8233151184, "researchAndDevelopmentExpenses": 0, "generalAndAdministrativeExpenses": 3251000000000, "sellingAndMarketingExpenses": -3250996749000, "sellingGeneralAndAdministrativeExpenses": 3251000, "otherExpenses": 7419000000000, "operatingExpenses": 23865000, "costAndExpenses": 34535000, "interestIncome": 308000, "interestExpense": 1956000, "depreciationAndAmortization": 12652000, "ebitda": 35344000, "ebitdaratio": 0.5852624607, "operatingIncome": 25855000, "operatingIncomeRatio": 0.428133797, "totalOtherIncomeExpensesNet": 3163000, "incomeBeforeTax": 27808000, "incomeBeforeTaxRatio": 0.4604735883, "incomeTaxExpense": -1953000, "netIncome": 27808000, "netIncomeRatio": 0.4604735883, "eps": 0.85, "epsdiluted": 0.82, "weightedAverageShsOut": 32715294, "weightedAverageShsOutDil": 33912195, "link": "https://www.sec.gov/Archives/edgar/data/874499/000119312507070816/0001193125-07-070816-index.htm", "finalLink": "https://www.sec.gov/Archives/edgar/data/874499/000119312507070816/d10ksb.htm", "calculatedOtherExpenses": 20614000, "calculatedOperatingExpenses": 23865000, "calculatedNetInterest": -1648000, "calculatedOtherIncome": 3601000, "calculatedIncomeNonControlling": 1953000, "calculatedEbitda": 38507000}, {"date": "2005-12-31", "symbol": "GPOR", "reportedCurrency": "USD", "cik": "0000874499", "fillingDate": "2006-03-31", "acceptedDate": "2006-03-31 16:09:15", "calendarYear": "2005", "period": "FY", "revenue": 27559000, "costOfRevenue": 7654000, "grossProfit": 19905000, "grossProfitRatio": 0.7222685874, "researchAndDevelopmentExpenses": 0, "generalAndAdministrativeExpenses": 1561000000000, "sellingAndMarketingExpenses": -1560997923000, "sellingGeneralAndAdministrativeExpenses": 2077000, "otherExpenses": 6093000000000, "operatingExpenses": 10488000, "costAndExpenses": 18142000, "interestIncome": 290000, "interestExpense": 522000, "depreciationAndAmortization": 4789000, "ebitda": 12360000, "ebitdaratio": 0.4484923256, "operatingIncome": 9417000, "operatingIncomeRatio": 0.3417032548, "totalOtherIncomeExpensesNet": 1846000, "incomeBeforeTax": 10895000, "incomeBeforeTaxRatio": 0.3953336478, "incomeTaxExpense": -1478000, "netIncome": 10895000, "netIncomeRatio": 0.3953336478, "eps": 0.36, "epsdiluted": 0.34, "weightedAverageShsOut": 30263889, "weightedAverageShsOutDil": 32044118, "link": "https://www.sec.gov/Archives/edgar/data/874499/000119312506070643/0001193125-06-070643-index.htm", "finalLink": "https://www.sec.gov/Archives/edgar/data/874499/000119312506070643/d10ksb.htm", "calculatedOtherExpenses": 8411000, "calculatedOperatingExpenses": 10488000, "calculatedNetInterest": -232000, "calculatedOtherIncome": 1710000, "calculatedIncomeNonControlling": 1478000, "calculatedEbitda": 14206000}, {"date": "2004-12-31", "symbol": "GPOR", "reportedCurrency": "USD", "cik": "0000874499", "fillingDate": "2005-03-31", "acceptedDate": "2005-03-31 17:11:05", "calendarYear": "2004", "period": "FY", "revenue": 23190000, "costOfRevenue": 6586000, "grossProfit": 16604000, "grossProfitRatio": 0.7159982751, "researchAndDevelopmentExpenses": 0, "generalAndAdministrativeExpenses": 2107000000, "sellingAndMarketingExpenses": -2104403000, "sellingGeneralAndAdministrativeExpenses": 2597000, "otherExpenses": 4479000000, "operatingExpenses": 10178000, "costAndExpenses": 16764000, "interestIncome": 73000, "interestExpense": 2195000, "depreciationAndAmortization": 4952000, "ebitda": 11259000, "ebitdaratio": 0.4855109961, "operatingIncome": 6426000, "operatingIncomeRatio": 0.2771021992, "totalOtherIncomeExpensesNet": 119000, "incomeBeforeTax": 4304000, "incomeBeforeTaxRatio": 0.1855972402, "incomeTaxExpense": 2122000, "netIncome": 4304000, "netIncomeRatio": 0.1855972402, "eps": 0.31, "epsdiluted": 0.28, "weightedAverageShsOut": 10500000, "weightedAverageShsOutDil": 15371429, "link": "https://www.sec.gov/Archives/edgar/data/874499/000106083005000119/0001060830-05-000119-index.htm", "finalLink": "https://www.sec.gov/Archives/edgar/data/874499/000106083005000119/mainbody.htm", "calculatedOtherExpenses": 7581000, "calculatedOperatingExpenses": 10178000, "calculatedNetInterest": -2122000, "calculatedOtherIncome": 0, "calculatedIncomeNonControlling": -2122000, "calculatedEbitda": 11378000}, {"date": "2003-12-31", "symbol": "GPOR", "reportedCurrency": "USD", "cik": "0000874499", "fillingDate": "2004-04-14", "acceptedDate": "2004-04-14 17:17:04", "calendarYear": "2003", "period": "FY", "revenue": 15947000, "costOfRevenue": 5886000, "grossProfit": 10061000, "grossProfitRatio": 0.6309023641, "researchAndDevelopmentExpenses": 0, "generalAndAdministrativeExpenses": 0, "sellingAndMarketingExpenses": 0, "sellingGeneralAndAdministrativeExpenses": 1843000, "otherExpenses": 0, "operatingExpenses": 8362000, "costAndExpenses": 14248000, "interestIncome": 30000, "interestExpense": 987000, "depreciationAndAmortization": 4637000, "ebitda": 6591000, "ebitdaratio": 0.413306578, "operatingIncome": 1699000, "operatingIncomeRatio": 0.1065404151, "totalOtherIncomeExpensesNet": -255000, "incomeBeforeTax": 349000, "incomeBeforeTaxRatio": 0.021884994, "incomeTaxExpense": 1080000, "netIncome": 619000, "netIncomeRatio": 0.0388160783, "eps": -0.02, "epsdiluted": -0.02, "weightedAverageShsOut": 10950000, "weightedAverageShsOutDil": 10950000, "link": "https://www.sec.gov/Archives/edgar/data/874499/000106083004000104/0001060830-04-000104-index.htm", "finalLink": "https://www.sec.gov/Archives/edgar/data/874499/000106083004000104/gulfportenergy10ksb2003.txt", "calculatedOtherExpenses": 6519000, "calculatedOperatingExpenses": 8362000, "calculatedNetInterest": -957000, "calculatedOtherIncome": -393000, "calculatedIncomeNonControlling": -1350000, "calculatedEbitda": 6336000}, {"date": "2002-12-31", "symbol": "GPOR", "reportedCurrency": "USD", "cik": "0000874499", "fillingDate": "2003-03-31", "acceptedDate": "2003-03-31 16:09:42", "calendarYear": "2002", "period": "FY", "revenue": 12134000, "costOfRevenue": 5163000, "grossProfit": 6971000, "grossProfitRatio": 0.574501401, "researchAndDevelopmentExpenses": 0, "generalAndAdministrativeExpenses": 0, "sellingAndMarketingExpenses": 0, "sellingGeneralAndAdministrativeExpenses": 1873000, "otherExpenses": 0, "operatingExpenses": 6570000, "costAndExpenses": 11733000, "interestIncome": 61000, "interestExpense": 181000, "depreciationAndAmortization": 3386000, "ebitda": 3322000, "ebitdaratio": 0.2737761661, "operatingIncome": 401000, "operatingIncomeRatio": 0.0330476347, "totalOtherIncomeExpensesNet": 465000, "incomeBeforeTax": 441000, "incomeBeforeTaxRatio": 0.0363441569, "incomeTaxExpense": -40000, "netIncome": 441000, "netIncomeRatio": 0.0363441569, "eps": -0.06, "epsdiluted": -0.06, "weightedAverageShsOut": 10416667, "weightedAverageShsOutDil": 10416667, "link": "https://www.sec.gov/Archives/edgar/data/874499/000106083003000068/0001060830-03-000068-index.htm", "finalLink": "https://www.sec.gov/Archives/edgar/data/874499/000106083003000068/gulfportenergy10ksb2002.txt", "calculatedOtherExpenses": 4697000, "calculatedOperatingExpenses": 6570000, "calculatedNetInterest": -120000, "calculatedOtherIncome": 160000, "calculatedIncomeNonControlling": 40000, "calculatedEbitda": 3787000}, {"date": "2001-12-31", "symbol": "GPOR", "reportedCurrency": "USD", "cik": "0000874499", "fillingDate": "2002-04-01", "acceptedDate": "2002-04-01 00:00:00", "calendarYear": "2001", "period": "FY", "revenue": 15458000, "costOfRevenue": 6517000, "grossProfit": 8941000, "grossProfitRatio": 0.5784060034, "researchAndDevelopmentExpenses": 0, "generalAndAdministrativeExpenses": 0, "sellingAndMarketingExpenses": 0, "sellingGeneralAndAdministrativeExpenses": 1634000, "otherExpenses": 0, "operatingExpenses": 5197000, "costAndExpenses": 11714000, "interestIncome": 133000, "interestExpense": 381000, "depreciationAndAmortization": 3774000, "ebitda": 5386000, "ebitdaratio": 0.3484279984, "operatingIncome": 3744000, "operatingIncomeRatio": 0.2422046837, "totalOtherIncomeExpensesNet": 2136000, "incomeBeforeTax": 5417000, "incomeBeforeTaxRatio": 0.3504334325, "incomeTaxExpense": -1669000, "netIncome": 5417000, "netIncomeRatio": 0.3504334325, "eps": 0.53, "epsdiluted": 0.52, "weightedAverageShsOut": 10220755, "weightedAverageShsOutDil": 10417308, "link": "https://www.sec.gov/Archives/edgar/data/874499/000106083002000041/0001060830-02-000041-index.htm", "finalLink": "https://www.sec.gov/Archives/edgar/data/874499/000106083002000041/gulfportenergy10k2001.txt", "calculatedOtherExpenses": 3563000, "calculatedOperatingExpenses": 5197000, "calculatedNetInterest": -248000, "calculatedOtherIncome": 1921000, "calculatedIncomeNonControlling": 1669000, "calculatedEbitda": 7518000}, {"date": "2000-12-31", "symbol": "GPOR", "reportedCurrency": "USD", "cik": "0000874499", "fillingDate": "2001-04-02", "acceptedDate": "2001-04-02 00:00:00", "calendarYear": "2000", "period": "FY", "revenue": 16118000, "costOfRevenue": 6732000, "grossProfit": 9386000, "grossProfitRatio": 0.5823303139, "researchAndDevelopmentExpenses": 0, "generalAndAdministrativeExpenses": 0, "sellingAndMarketingExpenses": 0, "sellingGeneralAndAdministrativeExpenses": 1552000, "otherExpenses": 0, "operatingExpenses": 4903000, "costAndExpenses": 11635000, "interestIncome": 0, "interestExpense": 596000, "depreciationAndAmortization": 3351000, "ebitda": 7262000, "ebitdaratio": 0.4505521777, "operatingIncome": 4483000, "operatingIncomeRatio": 0.2781362452, "totalOtherIncomeExpensesNet": 572000, "incomeBeforeTax": 5055000, "incomeBeforeTaxRatio": 0.3136245192, "incomeTaxExpense": 24000, "netIncome": 4459000, "netIncomeRatio": 0.2766472267, "eps": 0.44, "epsdiluted": 0.43, "weightedAverageShsOut": 10134091, "weightedAverageShsOutDil": 10369767, "link": "https://www.sec.gov/Archives/edgar/data/874499/000106083001000026/0001060830-01-000026-index.htm", "finalLink": "https://www.sec.gov/Archives/edgar/data/874499/000106083001000026/0001060830-01-000026-0001.txt", "calculatedOtherExpenses": 3351000, "calculatedOperatingExpenses": 4903000, "calculatedNetInterest": -596000, "calculatedOtherIncome": 1168000, "calculatedIncomeNonControlling": 572000, "calculatedEbitda": 7834000}, {"date": "1999-12-31", "symbol": "GPOR", "reportedCurrency": "USD", "cik": "0000874499", "fillingDate": "2000-03-30", "acceptedDate": "2000-03-30 00:00:00", "calendarYear": "1999", "period": "FY", "revenue": 10000000, "costOfRevenue": 4500000, "grossProfit": 5500000, "grossProfitRatio": 0.55, "researchAndDevelopmentExpenses": 0, "generalAndAdministrativeExpenses": 0, "sellingAndMarketingExpenses": 0, "sellingGeneralAndAdministrativeExpenses": 1800000, "otherExpenses": 0, "operatingExpenses": 5500000, "costAndExpenses": 10000000, "interestIncome": 0, "interestExpense": 0, "depreciationAndAmortization": 3700000, "ebitda": 2200000, "ebitdaratio": 0.22, "operatingIncome": -1500000, "operatingIncomeRatio": -0.15, "totalOtherIncomeExpensesNet": 1500000, "incomeBeforeTax": 0, "incomeBeforeTaxRatio": 0, "incomeTaxExpense": -600000, "netIncome": 600000, "netIncomeRatio": 0.06, "eps": 0.13, "epsdiluted": 0.13, "weightedAverageShsOut": 5120255, "weightedAverageShsOutDil": 5120255, "link": "https://www.sec.gov/Archives/edgar/data/874499/000106083000000056/0001060830-00-000056-index.html", "finalLink": "https://www.sec.gov/Archives/edgar/data/874499/000106083000000056/", "calculatedOtherExpenses": 5200000, "calculatedOperatingExpenses": 7000000, "calculatedNetInterest": 0, "calculatedOtherIncome": 1500000, "calculatedIncomeNonControlling": 0, "calculatedEbitda": 2200000}, {"date": "1998-12-31", "symbol": "GPOR", "reportedCurrency": "USD", "cik": "0000874499", "fillingDate": "1999-03-31", "acceptedDate": "1999-03-31 00:00:00", "calendarYear": "1998", "period": "FY", "revenue": 8844000, "costOfRevenue": 0, "grossProfit": 8844000, "grossProfitRatio": 1, "researchAndDevelopmentExpenses": 0, "generalAndAdministrativeExpenses": 0, "sellingAndMarketingExpenses": 0, "sellingGeneralAndAdministrativeExpenses": 2849000, "otherExpenses": 0, "operatingExpenses": 66415000, "costAndExpenses": 66415000, "interestIncome": 0, "interestExpense": 0, "depreciationAndAmortization": 4519000, "ebitda": -52975000, "ebitdaratio": -5.9899366802, "operatingIncome": -57571000, "operatingIncomeRatio": -6.5096110357, "totalOtherIncomeExpensesNet": -1534000, "incomeBeforeTax": -59105000, "incomeBeforeTaxRatio": -6.6830619629, "incomeTaxExpense": 77000, "netIncome": -59105000, "netIncomeRatio": -6.6830619629, "eps": -72.35, "epsdiluted": -72.35, "weightedAverageShsOut": 816986, "weightedAverageShsOutDil": 816986, "link": "https://www.sec.gov/Archives/edgar/data/874499/000106083099000051/0001060830-99-000051-index.html", "finalLink": "https://www.sec.gov/Archives/edgar/data/874499/", "calculatedOtherExpenses": 63566000, "calculatedOperatingExpenses": 66415000, "calculatedNetInterest": 0, "calculatedOtherIncome": -1534000, "calculatedIncomeNonControlling": -77000, "calculatedEbitda": -53052000}, {"date": "1997-12-31", "symbol": "GPOR", "reportedCurrency": "USD", "cik": "0000874499", "fillingDate": "1998-03-31", "acceptedDate": "1998-03-31 00:00:00", "calendarYear": "1997", "period": "FY", "revenue": 20756000, "costOfRevenue": 0, "grossProfit": 20756000, "grossProfitRatio": 1, "researchAndDevelopmentExpenses": 0, "generalAndAdministrativeExpenses": 0, "sellingAndMarketingExpenses": 0, "sellingGeneralAndAdministrativeExpenses": 3642000, "otherExpenses": 0, "operatingExpenses": 14709000, "costAndExpenses": 14709000, "interestIncome": 0, "interestExpense": 0, "depreciationAndAmortization": 7947000, "ebitda": 21765000, "ebitdaratio": 1.0486124494, "operatingIncome": -1724000, "operatingIncomeRatio": -0.0830603199, "totalOtherIncomeExpensesNet": -7771000, "incomeBeforeTax": -11328000, "incomeBeforeTaxRatio": -0.5457698979, "incomeTaxExpense": -71348000, "netIncome": 77395000, "netIncomeRatio": 3.7288013105, "eps": 3.44, "epsdiluted": 3.44, "weightedAverageShsOut": 22076315, "weightedAverageShsOutDil": 22076315, "link": "https://www.sec.gov/Archives/edgar/data/874499/000095013498002776/0000950134-98-002776-index.html", "finalLink": "https://www.sec.gov/Archives/edgar/data/874499/", "calculatedOtherExpenses": 18838000, "calculatedOperatingExpenses": 22480000, "calculatedNetInterest": 0, "calculatedOtherIncome": -9604000, "calculatedIncomeNonControlling": -17375000, "calculatedEbitda": 6223000}, {"date": "1996-12-31", "symbol": "GPOR", "reportedCurrency": "USD", "cik": "0000874499", "fillingDate": "1997-11-18", "acceptedDate": "1997-11-18 00:00:00", "calendarYear": "1996", "period": "FY", "revenue": 24019000, "costOfRevenue": 13304000, "grossProfit": 10715000, "grossProfitRatio": 0.4461051667, "researchAndDevelopmentExpenses": 0, "generalAndAdministrativeExpenses": 0, "sellingAndMarketingExpenses": 0, "sellingGeneralAndAdministrativeExpenses": 3210000, "otherExpenses": 0, "operatingExpenses": 20206000, "costAndExpenses": 33510000, "interestIncome": 0, "interestExpense": 5562000, "depreciationAndAmortization": 7973000, "ebitda": 9335000, "ebitdaratio": 0.3886506516, "operatingIncome": -16836000, "operatingIncomeRatio": -0.7009450851, "totalOtherIncomeExpensesNet": -6989000, "incomeBeforeTax": -29387000, "incomeBeforeTaxRatio": -1.2234897373, "incomeTaxExpense": 23760000, "netIncome": -29387000, "netIncomeRatio": -1.2234897373, "eps": -3.08, "epsdiluted": -3.08, "weightedAverageShsOut": 9539000, "weightedAverageShsOutDil": 9539000, "link": "https://www.sec.gov/Archives/edgar/data/874499/000095013497008705/0000950134-97-008705-index.html", "finalLink": "https://www.sec.gov/Archives/edgar/data/874499/", "calculatedOtherExpenses": 24341000, "calculatedOperatingExpenses": 27551000, "calculatedNetInterest": -5562000, "calculatedOtherIncome": -6989000, "calculatedIncomeNonControlling": -23760000, "calculatedEbitda": -8863000}]}