{"originalCurrency": "USD", "convertedCurrency": "USD", "report": [{"date": "2024-02-03", "symbol": "GPS", "reportedCurrency": "USD", "cik": "0000039911", "fillingDate": "2024-03-19", "acceptedDate": "2024-03-19 14:39:08", "calendarYear": "2023", "period": "FY", "revenue": 14889000000, "costOfRevenue": 9128000000, "grossProfit": 5761000000, "grossProfitRatio": 0.3869299483, "researchAndDevelopmentExpenses": 37000000, "generalAndAdministrativeExpenses": 4220000000, "sellingAndMarketingExpenses": 882000000, "sellingGeneralAndAdministrativeExpenses": 5102000000, "otherExpenses": 5215000000, "operatingExpenses": 5139000000, "costAndExpenses": 14267000000, "interestIncome": 86000000, "interestExpense": 90000000, "depreciationAndAmortization": 522000000, "ebitda": 1144000000, "ebitdaratio": 0.0768352475, "operatingIncome": 622000000, "operatingIncomeRatio": 0.0417758076, "totalOtherIncomeExpensesNet": -66000000, "incomeBeforeTax": 556000000, "incomeBeforeTaxRatio": 0.0373430049, "incomeTaxExpense": 54000000, "netIncome": 502000000, "netIncomeRatio": 0.0337161663, "eps": 1.36, "epsdiluted": 1.34, "weightedAverageShsOut": 370000000, "weightedAverageShsOutDil": 376000000, "link": "https://www.sec.gov/Archives/edgar/data/39911/000003991124000066/0000039911-24-000066-index.htm", "finalLink": "https://www.sec.gov/Archives/edgar/data/39911/000003991124000066/gps-20240203.htm", "calculatedOtherExpenses": 0, "calculatedOperatingExpenses": 5139000000, "calculatedNetInterest": -4000000, "calculatedOtherIncome": -62000000, "calculatedIncomeNonControlling": 0, "calculatedEbitda": 1144000000}, {"date": "2023-01-28", "symbol": "GPS", "reportedCurrency": "USD", "cik": "0000039911", "fillingDate": "2023-03-14", "acceptedDate": "2023-03-14 15:44:32", "calendarYear": "2022", "period": "FY", "revenue": 15616000000, "costOfRevenue": 10257000000, "grossProfit": 5359000000, "grossProfitRatio": 0.343173668, "researchAndDevelopmentExpenses": 46000000, "generalAndAdministrativeExpenses": 4329000000, "sellingAndMarketingExpenses": 1039000000, "sellingGeneralAndAdministrativeExpenses": 5368000000, "otherExpenses": 5428000000, "operatingExpenses": 5428000000, "costAndExpenses": 15685000000, "interestIncome": 18000000, "interestExpense": 88000000, "depreciationAndAmortization": 540000000, "ebitda": 471000000, "ebitdaratio": 0.030161373, "operatingIncome": -69000000, "operatingIncomeRatio": -0.0044185451, "totalOtherIncomeExpensesNet": -70000000, "incomeBeforeTax": -139000000, "incomeBeforeTaxRatio": -0.008901127, "incomeTaxExpense": 63000000, "netIncome": -202000000, "netIncomeRatio": -0.0129354508, "eps": -0.55, "epsdiluted": -0.55, "weightedAverageShsOut": 367000000, "weightedAverageShsOutDil": 367000000, "link": "https://www.sec.gov/Archives/edgar/data/39911/000003991123000015/0000039911-23-000015-index.htm", "finalLink": "https://www.sec.gov/Archives/edgar/data/39911/000003991123000015/gps-20230128.htm", "calculatedOtherExpenses": 14000000, "calculatedOperatingExpenses": 5428000000, "calculatedNetInterest": -70000000, "calculatedOtherIncome": 0, "calculatedIncomeNonControlling": 0, "calculatedEbitda": 471000000}, {"date": "2022-01-29", "symbol": "GPS", "reportedCurrency": "USD", "cik": "0000039911", "fillingDate": "2022-03-15", "acceptedDate": "2022-03-15 12:38:35", "calendarYear": "2021", "period": "FY", "revenue": 16670000000, "costOfRevenue": 10033000000, "grossProfit": 6637000000, "grossProfitRatio": 0.3981403719, "researchAndDevelopmentExpenses": 41000000, "generalAndAdministrativeExpenses": 4698000000, "sellingAndMarketingExpenses": 1115000000, "sellingGeneralAndAdministrativeExpenses": 5813000000, "otherExpenses": 5827000000, "operatingExpenses": 5827000000, "costAndExpenses": 15860000000, "interestIncome": 5000000, "interestExpense": 167000000, "depreciationAndAmortization": 504000000, "ebitda": 1639000000, "ebitdaratio": 0.0983203359, "operatingIncome": 1135000000, "operatingIncomeRatio": 0.0680863827, "totalOtherIncomeExpensesNet": -812000000, "incomeBeforeTax": 323000000, "incomeBeforeTaxRatio": 0.0193761248, "incomeTaxExpense": 67000000, "netIncome": 256000000, "netIncomeRatio": 0.0153569286, "eps": 0.68, "epsdiluted": 0.67, "weightedAverageShsOut": 376000000, "weightedAverageShsOutDil": 383000000, "link": "https://www.sec.gov/Archives/edgar/data/39911/000003991122000012/0000039911-22-000012-index.htm", "finalLink": "https://www.sec.gov/Archives/edgar/data/39911/000003991122000012/gps-20220129.htm", "calculatedOtherExpenses": -352000000, "calculatedOperatingExpenses": 5502000000, "calculatedNetInterest": -162000000, "calculatedOtherIncome": -650000000, "calculatedIncomeNonControlling": 0, "calculatedEbitda": 1639000000}, {"date": "2021-01-30", "symbol": "GPS", "reportedCurrency": "USD", "cik": "0000039911", "fillingDate": "2021-03-16", "acceptedDate": "2021-03-16 14:50:49", "calendarYear": "2020", "period": "FY", "revenue": 13800000000, "costOfRevenue": 9095000000, "grossProfit": 4705000000, "grossProfitRatio": 0.340942029, "researchAndDevelopmentExpenses": 46000000, "generalAndAdministrativeExpenses": 4141000000, "sellingAndMarketingExpenses": 816000000, "sellingGeneralAndAdministrativeExpenses": 4957000000, "otherExpenses": 5567000000, "operatingExpenses": 5567000000, "costAndExpenses": 14662000000, "interestIncome": 10000000, "interestExpense": 192000000, "depreciationAndAmortization": 565000000, "ebitda": -297000000, "ebitdaratio": -0.0215217391, "operatingIncome": -862000000, "operatingIncomeRatio": -0.0624637681, "totalOtherIncomeExpensesNet": -240000000, "incomeBeforeTax": -1102000000, "incomeBeforeTaxRatio": -0.0798550725, "incomeTaxExpense": -437000000, "netIncome": -665000000, "netIncomeRatio": -0.0481884058, "eps": -1.78, "epsdiluted": -1.78, "weightedAverageShsOut": 373595505, "weightedAverageShsOutDil": 374000000, "link": "https://www.sec.gov/Archives/edgar/data/39911/000003991121000021/0000039911-21-000021-index.htm", "finalLink": "https://www.sec.gov/Archives/edgar/data/39911/000003991121000021/gps-20210130.htm", "calculatedOtherExpenses": 564000000, "calculatedOperatingExpenses": 5567000000, "calculatedNetInterest": -182000000, "calculatedOtherIncome": -58000000, "calculatedIncomeNonControlling": 0, "calculatedEbitda": -297000000}, {"date": "2020-02-01", "symbol": "GPS", "reportedCurrency": "USD", "cik": "0000039911", "fillingDate": "2020-03-17", "acceptedDate": "2020-03-17 17:10:10", "calendarYear": "2019", "period": "FY", "revenue": 16383000000, "costOfRevenue": 10250000000, "grossProfit": 6133000000, "grossProfitRatio": 0.3743514619, "researchAndDevelopmentExpenses": 41000000, "generalAndAdministrativeExpenses": 4389000000, "sellingAndMarketingExpenses": 687000000, "sellingGeneralAndAdministrativeExpenses": 5076000000, "otherExpenses": 5559000000, "operatingExpenses": 5559000000, "costAndExpenses": 15809000000, "interestIncome": 30000000, "interestExpense": 76000000, "depreciationAndAmortization": 557000000, "ebitda": 1131000000, "ebitdaratio": 0.0690349753, "operatingIncome": 574000000, "operatingIncomeRatio": 0.0350363181, "totalOtherIncomeExpensesNet": -46000000, "incomeBeforeTax": 528000000, "incomeBeforeTaxRatio": 0.0322285296, "incomeTaxExpense": 177000000, "netIncome": 351000000, "netIncomeRatio": 0.0214246475, "eps": 0.93, "epsdiluted": 0.93, "weightedAverageShsOut": 376000000, "weightedAverageShsOutDil": 378000000, "link": "https://www.sec.gov/Archives/edgar/data/39911/000003991120000019/0000039911-20-000019-index.htm", "finalLink": "https://www.sec.gov/Archives/edgar/data/39911/000003991120000019/fy201910-k.htm", "calculatedOtherExpenses": 442000000, "calculatedOperatingExpenses": 5559000000, "calculatedNetInterest": -46000000, "calculatedOtherIncome": 0, "calculatedIncomeNonControlling": 0, "calculatedEbitda": 1131000000}, {"date": "2019-02-02", "symbol": "GPS", "reportedCurrency": "USD", "cik": "0000039911", "fillingDate": "2019-03-19", "acceptedDate": "2019-03-19 14:38:39", "calendarYear": "2018", "period": "FY", "revenue": 16580000000, "costOfRevenue": 10258000000, "grossProfit": 6322000000, "grossProfitRatio": 0.3813027744, "researchAndDevelopmentExpenses": 50000000, "generalAndAdministrativeExpenses": 966000000, "sellingAndMarketingExpenses": 650000000, "sellingGeneralAndAdministrativeExpenses": 966000000, "otherExpenses": 4960000000, "operatingExpenses": 4960000000, "costAndExpenses": 15218000000, "interestIncome": 33000000, "interestExpense": 40000000, "depreciationAndAmortization": 517000000, "ebitda": 1879000000, "ebitdaratio": 0.1133293124, "operatingIncome": 1362000000, "operatingIncomeRatio": 0.0821471653, "totalOtherIncomeExpensesNet": -40000000, "incomeBeforeTax": 1322000000, "incomeBeforeTaxRatio": 0.07973462, "incomeTaxExpense": 319000000, "netIncome": 1003000000, "netIncomeRatio": 0.0604945718, "eps": 2.61, "epsdiluted": 2.59, "weightedAverageShsOut": 385000000, "weightedAverageShsOutDil": 388000000, "link": "https://www.sec.gov/Archives/edgar/data/39911/000003991119000023/0000039911-19-000023-index.htm", "finalLink": "https://www.sec.gov/Archives/edgar/data/39911/000003991119000023/fy201810-k.htm", "calculatedOtherExpenses": 3944000000, "calculatedOperatingExpenses": 4960000000, "calculatedNetInterest": -7000000, "calculatedOtherIncome": -33000000, "calculatedIncomeNonControlling": 0, "calculatedEbitda": 1879000000}, {"date": "2018-02-03", "symbol": "GPS", "reportedCurrency": "USD", "cik": "0000039911", "fillingDate": "2018-03-20", "acceptedDate": "2018-03-20 14:49:49", "calendarYear": "2017", "period": "FY", "revenue": 15855000000, "costOfRevenue": 9789000000, "grossProfit": 6066000000, "grossProfitRatio": 0.3825922422, "researchAndDevelopmentExpenses": 51000000, "generalAndAdministrativeExpenses": 970000000, "sellingAndMarketingExpenses": 673000000, "sellingGeneralAndAdministrativeExpenses": 970000000, "otherExpenses": 4587000000, "operatingExpenses": 4587000000, "costAndExpenses": 14376000000, "interestIncome": 19000000, "interestExpense": 55000000, "depreciationAndAmortization": 499000000, "ebitda": 1978000000, "ebitdaratio": 0.1247555976, "operatingIncome": 1479000000, "operatingIncomeRatio": 0.0932828761, "totalOtherIncomeExpensesNet": -55000000, "incomeBeforeTax": 1424000000, "incomeBeforeTaxRatio": 0.0898139388, "incomeTaxExpense": 576000000, "netIncome": 848000000, "netIncomeRatio": 0.0534847051, "eps": 2.16, "epsdiluted": 2.14, "weightedAverageShsOut": 393000000, "weightedAverageShsOutDil": 396000000, "link": "https://www.sec.gov/Archives/edgar/data/39911/000003991118000048/0000039911-18-000048-index.htm", "finalLink": "https://www.sec.gov/Archives/edgar/data/39911/000003991118000048/fy201710-k.htm", "calculatedOtherExpenses": 3566000000, "calculatedOperatingExpenses": 4587000000, "calculatedNetInterest": -36000000, "calculatedOtherIncome": -19000000, "calculatedIncomeNonControlling": 0, "calculatedEbitda": 1978000000}, {"date": "2017-01-28", "symbol": "GPS", "reportedCurrency": "USD", "cik": "0000039911", "fillingDate": "2017-03-20", "acceptedDate": "2017-03-20 14:31:44", "calendarYear": "2016", "period": "FY", "revenue": 15516000000, "costOfRevenue": 9876000000, "grossProfit": 5640000000, "grossProfitRatio": 0.3634957463, "researchAndDevelopmentExpenses": 46000000, "generalAndAdministrativeExpenses": 855000000, "sellingAndMarketingExpenses": 601000000, "sellingGeneralAndAdministrativeExpenses": 855000000, "otherExpenses": 4449000000, "operatingExpenses": 4449000000, "costAndExpenses": 14325000000, "interestIncome": 8000000, "interestExpense": 67000000, "depreciationAndAmortization": 531000000, "ebitda": 1722000000, "ebitdaratio": 0.1109822119, "operatingIncome": 1191000000, "operatingIncomeRatio": 0.0767594741, "totalOtherIncomeExpensesNet": -67000000, "incomeBeforeTax": 1124000000, "incomeBeforeTaxRatio": 0.0724413509, "incomeTaxExpense": 448000000, "netIncome": 676000000, "netIncomeRatio": 0.0435679299, "eps": 1.69, "epsdiluted": 1.69, "weightedAverageShsOut": 399000000, "weightedAverageShsOutDil": 400000000, "link": "https://www.sec.gov/Archives/edgar/data/39911/000003991117000058/0000039911-17-000058-index.htm", "finalLink": "https://www.sec.gov/Archives/edgar/data/39911/000003991117000058/fy201610-k.htm", "calculatedOtherExpenses": 3548000000, "calculatedOperatingExpenses": 4449000000, "calculatedNetInterest": -59000000, "calculatedOtherIncome": -8000000, "calculatedIncomeNonControlling": 0, "calculatedEbitda": 1722000000}, {"date": "2016-01-30", "symbol": "GPS", "reportedCurrency": "USD", "cik": "0000039911", "fillingDate": "2016-03-21", "acceptedDate": "2016-03-21 14:19:43", "calendarYear": "2015", "period": "FY", "revenue": 15797000000, "costOfRevenue": 10077000000, "grossProfit": 5720000000, "grossProfitRatio": 0.3620940685, "researchAndDevelopmentExpenses": 0, "generalAndAdministrativeExpenses": 832000000, "sellingAndMarketingExpenses": 578000000, "sellingGeneralAndAdministrativeExpenses": 832000000, "otherExpenses": 4230000000, "operatingExpenses": 4196000000, "costAndExpenses": 14273000000, "interestIncome": 6000000, "interestExpense": 53000000, "depreciationAndAmortization": 527000000, "ebitda": 2051000000, "ebitdaratio": 0.1298347788, "operatingIncome": 1524000000, "operatingIncomeRatio": 0.0964740141, "totalOtherIncomeExpensesNet": -53000000, "incomeBeforeTax": 1471000000, "incomeBeforeTaxRatio": 0.0931189466, "incomeTaxExpense": 551000000, "netIncome": 920000000, "netIncomeRatio": 0.0582389061, "eps": 2.24, "epsdiluted": 2.23, "weightedAverageShsOut": 411000000, "weightedAverageShsOutDil": 413000000, "link": "https://www.sec.gov/Archives/edgar/data/39911/000003991116000269/0000039911-16-000269-index.htm", "finalLink": "https://www.sec.gov/Archives/edgar/data/39911/000003991116000269/fy201510-k.htm", "calculatedOtherExpenses": 3364000000, "calculatedOperatingExpenses": 4196000000, "calculatedNetInterest": -47000000, "calculatedOtherIncome": -6000000, "calculatedIncomeNonControlling": 0, "calculatedEbitda": 2051000000}, {"date": "2015-01-31", "symbol": "GPS", "reportedCurrency": "USD", "cik": "0000039911", "fillingDate": "2015-03-23", "acceptedDate": "2015-03-23 15:06:47", "calendarYear": "2014", "period": "FY", "revenue": 16435000000, "costOfRevenue": 10146000000, "grossProfit": 6289000000, "grossProfitRatio": 0.3826589595, "researchAndDevelopmentExpenses": 0, "generalAndAdministrativeExpenses": 3590000000, "sellingAndMarketingExpenses": 639000000, "sellingGeneralAndAdministrativeExpenses": 4229000000, "otherExpenses": 4206000000, "operatingExpenses": 4206000000, "costAndExpenses": 14352000000, "interestIncome": 5000000, "interestExpense": 70000000, "depreciationAndAmortization": 500000000, "ebitda": 2583000000, "ebitdaratio": 0.1571645878, "operatingIncome": 2083000000, "operatingIncomeRatio": 0.1267417098, "totalOtherIncomeExpensesNet": -70000000, "incomeBeforeTax": 2013000000, "incomeBeforeTaxRatio": 0.1224825068, "incomeTaxExpense": 751000000, "netIncome": 1262000000, "netIncomeRatio": 0.0767873441, "eps": 2.9, "epsdiluted": 2.87, "weightedAverageShsOut": 435000000, "weightedAverageShsOutDil": 440000000, "link": "https://www.sec.gov/Archives/edgar/data/39911/000003991115000101/0000039911-15-000101-index.htm", "finalLink": "https://www.sec.gov/Archives/edgar/data/39911/000003991115000101/fy201410-k.htm", "calculatedOtherExpenses": -23000000, "calculatedOperatingExpenses": 4206000000, "calculatedNetInterest": -65000000, "calculatedOtherIncome": -5000000, "calculatedIncomeNonControlling": 0, "calculatedEbitda": 2583000000}, {"date": "2014-02-01", "symbol": "GPS", "reportedCurrency": "USD", "cik": "0000039911", "fillingDate": "2014-03-24", "acceptedDate": "2014-03-24 15:34:12", "calendarYear": "2013", "period": "FY", "revenue": 16148000000, "costOfRevenue": 9855000000, "grossProfit": 6293000000, "grossProfitRatio": 0.3897077037, "researchAndDevelopmentExpenses": 0, "generalAndAdministrativeExpenses": 880000000, "sellingAndMarketingExpenses": 637000000, "sellingGeneralAndAdministrativeExpenses": 880000000, "otherExpenses": 4144000000, "operatingExpenses": 4144000000, "costAndExpenses": 13999000000, "interestIncome": 5000000, "interestExpense": 56000000, "depreciationAndAmortization": 470000000, "ebitda": 2619000000, "ebitdaratio": 0.1621872678, "operatingIncome": 2149000000, "operatingIncomeRatio": 0.1330814962, "totalOtherIncomeExpensesNet": -56000000, "incomeBeforeTax": 2093000000, "incomeBeforeTaxRatio": 0.1296135744, "incomeTaxExpense": 813000000, "netIncome": 1280000000, "netIncomeRatio": 0.0792667823, "eps": 2.78, "epsdiluted": 2.74, "weightedAverageShsOut": 461000000, "weightedAverageShsOutDil": 467000000, "link": "https://www.sec.gov/Archives/edgar/data/39911/000003991114000045/0000039911-14-000045-index.htm", "finalLink": "https://www.sec.gov/Archives/edgar/data/39911/000003991114000045/fy201310-k.htm", "calculatedOtherExpenses": 3264000000, "calculatedOperatingExpenses": 4144000000, "calculatedNetInterest": -51000000, "calculatedOtherIncome": -5000000, "calculatedIncomeNonControlling": 0, "calculatedEbitda": 2619000000}, {"date": "2013-02-02", "symbol": "GPS", "reportedCurrency": "USD", "cik": "0000039911", "fillingDate": "2013-03-26", "acceptedDate": "2013-03-26 12:25:54", "calendarYear": "2012", "period": "FY", "revenue": 15651000000, "costOfRevenue": 9480000000, "grossProfit": 6171000000, "grossProfitRatio": 0.3942879049, "researchAndDevelopmentExpenses": 0, "generalAndAdministrativeExpenses": 884000000, "sellingAndMarketingExpenses": 653000000, "sellingGeneralAndAdministrativeExpenses": 884000000, "otherExpenses": 4229000000, "operatingExpenses": 4229000000, "costAndExpenses": 13709000000, "interestIncome": 6000000, "interestExpense": 81000000, "depreciationAndAmortization": 483000000, "ebitda": 2425000000, "ebitdaratio": 0.1549421762, "operatingIncome": 1942000000, "operatingIncomeRatio": 0.1240815283, "totalOtherIncomeExpensesNet": -81000000, "incomeBeforeTax": 1861000000, "incomeBeforeTaxRatio": 0.1189061402, "incomeTaxExpense": 726000000, "netIncome": 1135000000, "netIncomeRatio": 0.0725193278, "eps": 2.35, "epsdiluted": 2.33, "weightedAverageShsOut": 482000000, "weightedAverageShsOutDil": 488000000, "link": "https://www.sec.gov/Archives/edgar/data/39911/000003991113000057/0000039911-13-000057-index.htm", "finalLink": "https://www.sec.gov/Archives/edgar/data/39911/000003991113000057/fy1210-k.htm", "calculatedOtherExpenses": 3345000000, "calculatedOperatingExpenses": 4229000000, "calculatedNetInterest": -75000000, "calculatedOtherIncome": -6000000, "calculatedIncomeNonControlling": 0, "calculatedEbitda": 2425000000}, {"date": "2012-01-28", "symbol": "GPS", "reportedCurrency": "USD", "cik": "0000039911", "fillingDate": "2012-03-26", "acceptedDate": "2012-03-26 16:16:00", "calendarYear": "2011", "period": "FY", "revenue": 14549000000, "costOfRevenue": 9275000000, "grossProfit": 5274000000, "grossProfitRatio": 0.3624991408, "researchAndDevelopmentExpenses": 0, "generalAndAdministrativeExpenses": 770000000, "sellingAndMarketingExpenses": 0, "sellingGeneralAndAdministrativeExpenses": 770000000, "otherExpenses": 3836000000, "operatingExpenses": 3836000000, "costAndExpenses": 13111000000, "interestIncome": 5000000, "interestExpense": 74000000, "depreciationAndAmortization": 506000000, "ebitda": 1944000000, "ebitdaratio": 0.1336174308, "operatingIncome": 1438000000, "operatingIncomeRatio": 0.0988384081, "totalOtherIncomeExpensesNet": -69000000, "incomeBeforeTax": 1369000000, "incomeBeforeTaxRatio": 0.0940958141, "incomeTaxExpense": 536000000, "netIncome": 833000000, "netIncomeRatio": 0.0572547941, "eps": 1.57, "epsdiluted": 1.56, "weightedAverageShsOut": 529000000, "weightedAverageShsOutDil": 533000000, "link": "https://www.sec.gov/Archives/edgar/data/39911/000119312512132098/0001193125-12-132098-index.htm", "finalLink": "https://www.sec.gov/Archives/edgar/data/39911/000119312512132098/d279340d10k.htm", "calculatedOtherExpenses": 3066000000, "calculatedOperatingExpenses": 3836000000, "calculatedNetInterest": -69000000, "calculatedOtherIncome": 0, "calculatedIncomeNonControlling": 0, "calculatedEbitda": 1944000000}, {"date": "2011-01-29", "symbol": "GPS", "reportedCurrency": "USD", "cik": "0000039911", "fillingDate": "2011-03-28", "acceptedDate": "2011-03-28 15:51:43", "calendarYear": "2010", "period": "FY", "revenue": 14664000000, "costOfRevenue": 8775000000, "grossProfit": 5889000000, "grossProfitRatio": 0.4015957447, "researchAndDevelopmentExpenses": 0, "generalAndAdministrativeExpenses": 738000000, "sellingAndMarketingExpenses": 0, "sellingGeneralAndAdministrativeExpenses": 738000000, "otherExpenses": 3921000000, "operatingExpenses": 3921000000, "costAndExpenses": 12696000000, "interestIncome": 14000000, "interestExpense": 14000000, "depreciationAndAmortization": 562000000, "ebitda": 2558000000, "ebitdaratio": 0.1744408074, "operatingIncome": 1968000000, "operatingIncomeRatio": 0.1342062193, "totalOtherIncomeExpensesNet": 14000000, "incomeBeforeTax": 1982000000, "incomeBeforeTaxRatio": 0.1351609384, "incomeTaxExpense": 778000000, "netIncome": 1204000000, "netIncomeRatio": 0.0821058374, "eps": 1.89, "epsdiluted": 1.88, "weightedAverageShsOut": 636000000, "weightedAverageShsOutDil": 641000000, "link": "https://www.sec.gov/Archives/edgar/data/39911/000119312511079691/0001193125-11-079691-index.htm", "finalLink": "https://www.sec.gov/Archives/edgar/data/39911/000119312511079691/d10k.htm", "calculatedOtherExpenses": 3183000000, "calculatedOperatingExpenses": 3921000000, "calculatedNetInterest": 0, "calculatedOtherIncome": 14000000, "calculatedIncomeNonControlling": 0, "calculatedEbitda": 2530000000}, {"date": "2010-01-30", "symbol": "GPS", "reportedCurrency": "USD", "cik": "0000039911", "fillingDate": "2010-03-26", "acceptedDate": "2010-03-26 14:23:07", "calendarYear": "2009", "period": "FY", "revenue": 14197000000, "costOfRevenue": 8473000000, "grossProfit": 5724000000, "grossProfitRatio": 0.4031837712, "researchAndDevelopmentExpenses": 0, "generalAndAdministrativeExpenses": 744000000, "sellingAndMarketingExpenses": 0, "sellingGeneralAndAdministrativeExpenses": 744000000, "otherExpenses": 3909000000, "operatingExpenses": 3909000000, "costAndExpenses": 12382000000, "interestIncome": 7000000, "interestExpense": 1000000, "depreciationAndAmortization": 573000000, "ebitda": 2390000000, "ebitdaratio": 0.1683454251, "operatingIncome": 1815000000, "operatingIncomeRatio": 0.1278439107, "totalOtherIncomeExpensesNet": 1000000, "incomeBeforeTax": 1816000000, "incomeBeforeTaxRatio": 0.1279143481, "incomeTaxExpense": 714000000, "netIncome": 1102000000, "netIncomeRatio": 0.0776220328, "eps": 1.59, "epsdiluted": 1.58, "weightedAverageShsOut": 694000000, "weightedAverageShsOutDil": 699000000, "link": "https://www.sec.gov/Archives/edgar/data/39911/000119312510068386/0001193125-10-068386-index.htm", "finalLink": "https://www.sec.gov/Archives/edgar/data/39911/000119312510068386/d10k.htm", "calculatedOtherExpenses": 3165000000, "calculatedOperatingExpenses": 3909000000, "calculatedNetInterest": 6000000, "calculatedOtherIncome": -5000000, "calculatedIncomeNonControlling": 0, "calculatedEbitda": 2388000000}, {"date": "2009-01-31", "symbol": "GPS", "reportedCurrency": "USD", "cik": "0000039911", "fillingDate": "2009-03-27", "acceptedDate": "2009-03-27 16:11:44", "calendarYear": "2008", "period": "FY", "revenue": 14526000000, "costOfRevenue": 9079000000, "grossProfit": 5447000000, "grossProfitRatio": 0.3749827895, "researchAndDevelopmentExpenses": 0, "generalAndAdministrativeExpenses": 0, "sellingAndMarketingExpenses": 0, "sellingGeneralAndAdministrativeExpenses": 0, "otherExpenses": 3899000000, "operatingExpenses": 3899000000, "costAndExpenses": 12978000000, "interestIncome": -37000000, "interestExpense": 1000000, "depreciationAndAmortization": 568000000, "ebitda": 2116000000, "ebitdaratio": 0.1456698334, "operatingIncome": 1548000000, "operatingIncomeRatio": 0.1065675341, "totalOtherIncomeExpensesNet": 36000000, "incomeBeforeTax": 1584000000, "incomeBeforeTaxRatio": 0.1090458488, "incomeTaxExpense": 617000000, "netIncome": 967000000, "netIncomeRatio": 0.0665702878, "eps": 1.59, "epsdiluted": 1.58, "weightedAverageShsOut": 694000000, "weightedAverageShsOutDil": 699000000, "link": "https://www.sec.gov/Archives/edgar/data/39911/000119312509066067/0001193125-09-066067-index.htm", "finalLink": "https://www.sec.gov/Archives/edgar/data/39911/000119312509066067/d10k.htm", "calculatedOtherExpenses": 3899000000, "calculatedOperatingExpenses": 3899000000, "calculatedNetInterest": -38000000, "calculatedOtherIncome": 74000000, "calculatedIncomeNonControlling": 0, "calculatedEbitda": 2116000000}, {"date": "2008-02-02", "symbol": "GPS", "reportedCurrency": "USD", "cik": "0000039911", "fillingDate": "2008-03-28", "acceptedDate": "2008-03-28 15:32:08", "calendarYear": "2007", "period": "FY", "revenue": 15763000000, "costOfRevenue": 10071000000, "grossProfit": 5692000000, "grossProfitRatio": 0.3610987756, "researchAndDevelopmentExpenses": 0, "generalAndAdministrativeExpenses": 0, "sellingAndMarketingExpenses": 0, "sellingGeneralAndAdministrativeExpenses": 0, "otherExpenses": 4377000000, "operatingExpenses": 4377000000, "costAndExpenses": 14448000000, "interestIncome": 0, "interestExpense": 0, "depreciationAndAmortization": 547000000, "ebitda": 1862000000, "ebitdaratio": 0.1181247225, "operatingIncome": 1315000000, "operatingIncomeRatio": 0.0834232062, "totalOtherIncomeExpensesNet": 91000000, "incomeBeforeTax": 1406000000, "incomeBeforeTaxRatio": 0.089196219, "incomeTaxExpense": 539000000, "netIncome": 833000000, "netIncomeRatio": 0.0528452706, "eps": 1.05, "epsdiluted": 1.05, "weightedAverageShsOut": 791000000, "weightedAverageShsOutDil": 794000000, "link": "https://www.sec.gov/Archives/edgar/data/39911/000119312508069025/0001193125-08-069025-index.htm", "finalLink": "https://www.sec.gov/Archives/edgar/data/39911/000119312508069025/d10k.htm", "calculatedOtherExpenses": 4377000000, "calculatedOperatingExpenses": 4377000000, "calculatedNetInterest": 0, "calculatedOtherIncome": 91000000, "calculatedIncomeNonControlling": 34000000, "calculatedEbitda": 1862000000}, {"date": "2007-02-03", "symbol": "GPS", "reportedCurrency": "USD", "cik": "0000039911", "fillingDate": "2007-04-02", "acceptedDate": "2007-03-30 20:37:19", "calendarYear": "2006", "period": "FY", "revenue": 15943000000, "costOfRevenue": 10294000000, "grossProfit": 5649000000, "grossProfitRatio": 0.354324782, "researchAndDevelopmentExpenses": 0, "generalAndAdministrativeExpenses": 0, "sellingAndMarketingExpenses": 0, "sellingGeneralAndAdministrativeExpenses": 0, "otherExpenses": 4385000000, "operatingExpenses": 4475000000, "costAndExpenses": 14769000000, "interestIncome": 0, "interestExpense": 0, "depreciationAndAmortization": 530000000, "ebitda": 1704000000, "ebitdaratio": 0.1068807627, "operatingIncome": 1174000000, "operatingIncomeRatio": 0.073637333, "totalOtherIncomeExpensesNet": 90000000, "incomeBeforeTax": 1264000000, "incomeBeforeTaxRatio": 0.0792824437, "incomeTaxExpense": 486000000, "netIncome": 778000000, "netIncomeRatio": 0.0487988459, "eps": 0.94, "epsdiluted": 0.93, "weightedAverageShsOut": 831000000, "weightedAverageShsOutDil": 836000000, "link": "https://www.sec.gov/Archives/edgar/data/39911/000119312507070941/0001193125-07-070941-index.htm", "finalLink": "https://www.sec.gov/Archives/edgar/data/39911/000119312507070941/d10k.htm", "calculatedOtherExpenses": 4475000000, "calculatedOperatingExpenses": 4475000000, "calculatedNetInterest": 0, "calculatedOtherIncome": 90000000, "calculatedIncomeNonControlling": 0, "calculatedEbitda": 1704000000}, {"date": "2006-01-28", "symbol": "GPS", "reportedCurrency": "USD", "cik": "0000039911", "fillingDate": "2006-03-28", "acceptedDate": "2006-03-28 14:40:53", "calendarYear": "2005", "period": "FY", "revenue": 16023000000, "costOfRevenue": 10154000000, "grossProfit": 5869000000, "grossProfitRatio": 0.3662859639, "researchAndDevelopmentExpenses": 0, "generalAndAdministrativeExpenses": 0, "sellingAndMarketingExpenses": 0, "sellingGeneralAndAdministrativeExpenses": 0, "otherExpenses": 4076000000, "operatingExpenses": 4124000000, "costAndExpenses": 14278000000, "interestIncome": 0, "interestExpense": 0, "depreciationAndAmortization": 625000000, "ebitda": 2370000000, "ebitdaratio": 0.147912376, "operatingIncome": 1745000000, "operatingIncomeRatio": 0.1089059477, "totalOtherIncomeExpensesNet": 48000000, "incomeBeforeTax": 1793000000, "incomeBeforeTaxRatio": 0.1119016414, "incomeTaxExpense": 680000000, "netIncome": 1113000000, "netIncomeRatio": 0.0694626474, "eps": 1.26, "epsdiluted": 1.24, "weightedAverageShsOut": 881000000, "weightedAverageShsOutDil": 902000000, "link": "https://www.sec.gov/Archives/edgar/data/39911/000119312506064998/0001193125-06-064998-index.htm", "finalLink": "https://www.sec.gov/Archives/edgar/data/39911/000119312506064998/d10k.htm", "calculatedOtherExpenses": 4124000000, "calculatedOperatingExpenses": 4124000000, "calculatedNetInterest": 0, "calculatedOtherIncome": 48000000, "calculatedIncomeNonControlling": 0, "calculatedEbitda": 2370000000}, {"date": "2005-01-29", "symbol": "GPS", "reportedCurrency": "USD", "cik": "0000039911", "fillingDate": "2005-03-28", "acceptedDate": "2005-03-25 21:08:46", "calendarYear": "2004", "period": "FY", "revenue": 16267000000, "costOfRevenue": 9886000000, "grossProfit": 6381000000, "grossProfitRatio": 0.3922665519, "researchAndDevelopmentExpenses": 0, "generalAndAdministrativeExpenses": 0, "sellingAndMarketingExpenses": 0, "sellingGeneralAndAdministrativeExpenses": 0, "otherExpenses": 4509000000, "operatingExpenses": 4296000000, "costAndExpenses": 14182000000, "interestIncome": 0, "interestExpense": 0, "depreciationAndAmortization": 620000000, "ebitda": 2810000000, "ebitdaratio": 0.1727423618, "operatingIncome": 2085000000, "operatingIncomeRatio": 0.128173603, "totalOtherIncomeExpensesNet": -105000000, "incomeBeforeTax": 1872000000, "incomeBeforeTaxRatio": 0.115079609, "incomeTaxExpense": 722000000, "netIncome": 1150000000, "netIncomeRatio": 0.0706952726, "eps": 1.29, "epsdiluted": 1.21, "weightedAverageShsOut": 893000000, "weightedAverageShsOutDil": 991000000, "link": "https://www.sec.gov/Archives/edgar/data/39911/000119312505061097/0001193125-05-061097-index.htm", "finalLink": "https://www.sec.gov/Archives/edgar/data/39911/000119312505061097/d10k.htm", "calculatedOtherExpenses": 4296000000, "calculatedOperatingExpenses": 4296000000, "calculatedNetInterest": 0, "calculatedOtherIncome": -213000000, "calculatedIncomeNonControlling": 0, "calculatedEbitda": 2705000000}, {"date": "2004-01-31", "symbol": "GPS", "reportedCurrency": "USD", "cik": "0000039911", "fillingDate": "2004-03-30", "acceptedDate": "2004-03-30 14:20:29", "calendarYear": "2003", "period": "FY", "revenue": 15854000000, "costOfRevenue": 9886000000, "grossProfit": 5968000000, "grossProfitRatio": 0.3764349691, "researchAndDevelopmentExpenses": 0, "generalAndAdministrativeExpenses": 0, "sellingAndMarketingExpenses": 0, "sellingGeneralAndAdministrativeExpenses": 0, "otherExpenses": 4089000000, "operatingExpenses": 4089000000, "costAndExpenses": 13975000000, "interestIncome": 0, "interestExpense": 0, "depreciationAndAmortization": 664000000, "ebitda": 2543000000, "ebitdaratio": 0.1604011606, "operatingIncome": 1879000000, "operatingIncomeRatio": 0.1185189857, "totalOtherIncomeExpensesNet": -196000000, "incomeBeforeTax": 1683000000, "incomeBeforeTaxRatio": 0.1061561751, "incomeTaxExpense": 653000000, "netIncome": 1030000000, "netIncomeRatio": 0.0649678315, "eps": 1.15, "epsdiluted": 1.09, "weightedAverageShsOut": 892554538, "weightedAverageShsOutDil": 988177828, "link": "https://www.sec.gov/Archives/edgar/data/39911/000119312504053618/0001193125-04-053618-index.htm", "finalLink": "https://www.sec.gov/Archives/edgar/data/39911/000119312504053618/d10k.htm", "calculatedOtherExpenses": 4089000000, "calculatedOperatingExpenses": 4089000000, "calculatedNetInterest": 0, "calculatedOtherIncome": -196000000, "calculatedIncomeNonControlling": 0, "calculatedEbitda": 2543000000}, {"date": "2003-02-01", "symbol": "GPS", "reportedCurrency": "USD", "cik": "0000039911", "fillingDate": "2003-04-01", "acceptedDate": "2003-03-31 21:46:33", "calendarYear": "2002", "period": "FY", "revenue": 14454709000, "costOfRevenue": 9541558000, "grossProfit": 4913151000, "grossProfitRatio": 0.3398996825, "researchAndDevelopmentExpenses": 0, "generalAndAdministrativeExpenses": 0, "sellingAndMarketingExpenses": 0, "sellingGeneralAndAdministrativeExpenses": 0, "otherExpenses": 4112000000, "operatingExpenses": 3900522000, "costAndExpenses": 13442080000, "interestIncome": 0, "interestExpense": 0, "depreciationAndAmortization": 780876000, "ebitda": 1793505000, "ebitdaratio": 0.1240775584, "operatingIncome": 1012629000, "operatingIncomeRatio": 0.0700553017, "totalOtherIncomeExpensesNet": -211629000, "incomeBeforeTax": 800875000, "incomeBeforeTaxRatio": 0.0554058197, "incomeTaxExpense": 323418000, "netIncome": 477457000, "netIncomeRatio": 0.0330312426, "eps": 0.55, "epsdiluted": 0.54, "weightedAverageShsOut": 867272727, "weightedAverageShsOutDil": 883333333, "link": "https://www.sec.gov/Archives/edgar/data/39911/000102140803005462/0001021408-03-005462-index.htm", "finalLink": "https://www.sec.gov/Archives/edgar/data/39911/000102140803005462/d10k.htm", "calculatedOtherExpenses": 3900522000, "calculatedOperatingExpenses": 3900522000, "calculatedNetInterest": 0, "calculatedOtherIncome": -211754000, "calculatedIncomeNonControlling": 0, "calculatedEbitda": 1793505000}, {"date": "2002-02-02", "symbol": "GPS", "reportedCurrency": "USD", "cik": "0000039911", "fillingDate": "2002-04-02", "acceptedDate": "2002-04-02 00:00:00", "calendarYear": "2001", "period": "FY", "revenue": 13847873000, "costOfRevenue": 9704389000, "grossProfit": 4143484000, "grossProfitRatio": 0.2992144714, "researchAndDevelopmentExpenses": 0, "generalAndAdministrativeExpenses": 0, "sellingAndMarketingExpenses": 0, "sellingGeneralAndAdministrativeExpenses": 0, "otherExpenses": 3902000000, "operatingExpenses": 3805968000, "costAndExpenses": 13510357000, "interestIncome": 0, "interestExpense": 62876000, "depreciationAndAmortization": 810486000, "ebitda": 1148002000, "ebitdaratio": 0.0829009625, "operatingIncome": 337516000, "operatingIncomeRatio": 0.0243731294, "totalOtherIncomeExpensesNet": -95516000, "incomeBeforeTax": 241641000, "incomeBeforeTaxRatio": 0.0174496834, "incomeTaxExpense": 249405000, "netIncome": -7764000, "netIncomeRatio": -0.0005606637, "eps": -0.009, "epsdiluted": -0.009, "weightedAverageShsOut": 860255419, "weightedAverageShsOutDil": 860255419, "link": "https://www.sec.gov/Archives/edgar/data/39911/000102140802004717/0001021408-02-004717-index.htm", "finalLink": "https://www.sec.gov/Archives/edgar/data/39911/000102140802004717/d10k.txt", "calculatedOtherExpenses": 3805968000, "calculatedOperatingExpenses": 3805968000, "calculatedNetInterest": -62876000, "calculatedOtherIncome": -32999000, "calculatedIncomeNonControlling": 0, "calculatedEbitda": 1148002000}, {"date": "2001-02-03", "symbol": "GPS", "reportedCurrency": "USD", "cik": "0000039911", "fillingDate": "2001-04-05", "acceptedDate": "2001-04-05 00:00:00", "calendarYear": "2000", "period": "FY", "revenue": 13673460000, "costOfRevenue": 8009077000, "grossProfit": 5664383000, "grossProfitRatio": 0.4142611307, "researchAndDevelopmentExpenses": 0, "generalAndAdministrativeExpenses": 0, "sellingAndMarketingExpenses": 0, "sellingGeneralAndAdministrativeExpenses": 0, "otherExpenses": 3693000000, "operatingExpenses": 4219622000, "costAndExpenses": 12228699000, "interestIncome": 0, "interestExpense": 0, "depreciationAndAmortization": 590365000, "ebitda": 2035126000, "ebitdaratio": 0.1488376753, "operatingIncome": 1444761000, "operatingIncomeRatio": 0.1056616979, "totalOtherIncomeExpensesNet": -62761000, "incomeBeforeTax": 1381885000, "incomeBeforeTaxRatio": 0.1010633007, "incomeTaxExpense": 504388000, "netIncome": 877497000, "netIncomeRatio": 0.0641751978, "eps": 1.03, "epsdiluted": 1, "weightedAverageShsOut": 849810658, "weightedAverageShsOutDil": 879137194, "link": "https://www.sec.gov/Archives/edgar/data/39911/000092962401000565/0000929624-01-000565-index.htm", "finalLink": "https://www.sec.gov/Archives/edgar/data/39911/000092962401000565/0000929624-01-000565-0001.txt", "calculatedOtherExpenses": 4219622000, "calculatedOperatingExpenses": 4219622000, "calculatedNetInterest": 0, "calculatedOtherIncome": -62876000, "calculatedIncomeNonControlling": 0, "calculatedEbitda": 2035126000}, {"date": "2000-01-29", "symbol": "GPS", "reportedCurrency": "USD", "cik": "0000039911", "fillingDate": "2000-04-04", "acceptedDate": "2000-04-04 00:00:00", "calendarYear": "1999", "period": "FY", "revenue": 11635400000, "costOfRevenue": 6339100000, "grossProfit": 5296300000, "grossProfitRatio": 0.4551884765, "researchAndDevelopmentExpenses": 0, "generalAndAdministrativeExpenses": 0, "sellingAndMarketingExpenses": 0, "sellingGeneralAndAdministrativeExpenses": 3043400000, "otherExpenses": 31600000, "operatingExpenses": 3479600000, "costAndExpenses": 9818700000, "interestIncome": 0, "interestExpense": 0, "depreciationAndAmortization": 436200000, "ebitda": 2252900000, "ebitdaratio": 0.1936246283, "operatingIncome": 1816700000, "operatingIncomeRatio": 0.1561355862, "totalOtherIncomeExpensesNet": -31700000, "incomeBeforeTax": 1785000000, "incomeBeforeTaxRatio": 0.1534111419, "incomeTaxExpense": 657900000, "netIncome": 1127100000, "netIncomeRatio": 0.0968681781, "eps": 1.32, "epsdiluted": 1.26, "weightedAverageShsOut": 853863636, "weightedAverageShsOutDil": 894523810, "link": "https://www.sec.gov/Archives/edgar/data/39911/000092962400000504/0000929624-00-000504-index.html", "finalLink": "https://www.sec.gov/Archives/edgar/data/39911/000092962400000504/", "calculatedOtherExpenses": 436200000, "calculatedOperatingExpenses": 3479600000, "calculatedNetInterest": 0, "calculatedOtherIncome": -31700000, "calculatedIncomeNonControlling": 0, "calculatedEbitda": 2252900000}, {"date": "1999-01-30", "symbol": "GPS", "reportedCurrency": "USD", "cik": "0000039911", "fillingDate": "1999-04-02", "acceptedDate": "1999-04-02 00:00:00", "calendarYear": "1998", "period": "FY", "revenue": 9054500000, "costOfRevenue": 4991800000, "grossProfit": 4062700000, "grossProfitRatio": 0.4486940195, "researchAndDevelopmentExpenses": 0, "generalAndAdministrativeExpenses": 0, "sellingAndMarketingExpenses": 0, "sellingGeneralAndAdministrativeExpenses": 2403400000, "otherExpenses": 13600000, "operatingExpenses": 2729800000, "costAndExpenses": 7721600000, "interestIncome": 0, "interestExpense": 0, "depreciationAndAmortization": 326400000, "ebitda": 1659300000, "ebitdaratio": 0.1832569441, "operatingIncome": 1332900000, "operatingIncomeRatio": 0.1472085703, "totalOtherIncomeExpensesNet": -13900000, "incomeBeforeTax": 1319200000, "incomeBeforeTaxRatio": 0.1456955105, "incomeTaxExpense": 494700000, "netIncome": 824500000, "netIncomeRatio": 0.0910596941, "eps": 0.95, "epsdiluted": 0.91, "weightedAverageShsOut": 867894737, "weightedAverageShsOutDil": 906043956, "link": "https://www.sec.gov/Archives/edgar/data/39911/000092962499000704/0000929624-99-000704-index.html", "finalLink": "https://www.sec.gov/Archives/edgar/data/39911/", "calculatedOtherExpenses": 326400000, "calculatedOperatingExpenses": 2729800000, "calculatedNetInterest": 0, "calculatedOtherIncome": -13700000, "calculatedIncomeNonControlling": 0, "calculatedEbitda": 1659300000}, {"date": "1998-01-31", "symbol": "GPS", "reportedCurrency": "USD", "cik": "0000039911", "fillingDate": "1998-04-03", "acceptedDate": "1998-04-03 00:00:00", "calendarYear": "1997", "period": "FY", "revenue": 6507800000, "costOfRevenue": 3751800000, "grossProfit": 2756000000, "grossProfitRatio": 0.4234918098, "researchAndDevelopmentExpenses": 0, "generalAndAdministrativeExpenses": 1635000000, "sellingAndMarketingExpenses": 0, "sellingGeneralAndAdministrativeExpenses": 1635000000, "otherExpenses": 269700000, "operatingExpenses": 1904700000, "costAndExpenses": 5656500000, "interestIncome": 0, "interestExpense": 0, "depreciationAndAmortization": 269700000, "ebitda": 1118000000, "ebitdaratio": 0.1717938474, "operatingIncome": 851300000, "operatingIncomeRatio": 0.1308122561, "totalOtherIncomeExpensesNet": 3000000, "incomeBeforeTax": 854200000, "incomeBeforeTaxRatio": 0.1312578752, "incomeTaxExpense": 320300000, "netIncome": 533900000, "netIncomeRatio": 0.0820400135, "eps": 0.6, "epsdiluted": 0.58, "weightedAverageShsOut": 891404943, "weightedAverageShsOutDil": 922951705, "link": "https://www.sec.gov/Archives/edgar/data/39911/000101287098000890/0001012870-98-000890-index.html", "finalLink": "https://www.sec.gov/Archives/edgar/data/39911/", "calculatedOtherExpenses": 269700000, "calculatedOperatingExpenses": 1904700000, "calculatedNetInterest": 0, "calculatedOtherIncome": 2900000, "calculatedIncomeNonControlling": 0, "calculatedEbitda": 1121000000}, {"date": "1997-02-01", "symbol": "GPS", "reportedCurrency": "USD", "cik": "0000039911", "fillingDate": "1997-04-21", "acceptedDate": "1997-04-21 00:00:00", "calendarYear": "1996", "period": "FY", "revenue": 5284400000, "costOfRevenue": 3070300000, "grossProfit": 2214100000, "grossProfitRatio": 0.4189879646, "researchAndDevelopmentExpenses": 0, "generalAndAdministrativeExpenses": 0, "sellingAndMarketingExpenses": 0, "sellingGeneralAndAdministrativeExpenses": 1270100000, "otherExpenses": -19100000, "operatingExpenses": 1485000000, "costAndExpenses": 4555300000, "interestIncome": 0, "interestExpense": 0, "depreciationAndAmortization": 214900000, "ebitda": 924500000, "ebitdaratio": 0.1749489062, "operatingIncome": 729100000, "operatingIncomeRatio": 0.1379721444, "totalOtherIncomeExpensesNet": 19500000, "incomeBeforeTax": 748600000, "incomeBeforeTaxRatio": 0.1416622512, "incomeTaxExpense": 295700000, "netIncome": 452900000, "netIncomeRatio": 0.0857050942, "eps": 0.49, "epsdiluted": 0.47, "weightedAverageShsOut": 924285714, "weightedAverageShsOutDil": 963617021, "link": "https://www.sec.gov/Archives/edgar/data/39911/000101287097000791/0001012870-97-000791-index.html", "finalLink": "https://www.sec.gov/Archives/edgar/data/39911/", "calculatedOtherExpenses": 214900000, "calculatedOperatingExpenses": 1485000000, "calculatedNetInterest": 0, "calculatedOtherIncome": 19500000, "calculatedIncomeNonControlling": 0, "calculatedEbitda": 944000000}, {"date": "1996-02-03", "symbol": "GPS", "reportedCurrency": "USD", "cik": "0000039911", "fillingDate": "1996-04-22", "acceptedDate": "1996-04-22 00:00:00", "calendarYear": "1995", "period": "FY", "revenue": 4395300000, "costOfRevenue": 2624100000, "grossProfit": 1771200000, "grossProfitRatio": 0.4029759061, "researchAndDevelopmentExpenses": 0, "generalAndAdministrativeExpenses": 0, "sellingAndMarketingExpenses": 0, "sellingGeneralAndAdministrativeExpenses": 1004400000, "otherExpenses": -15400000, "operatingExpenses": 1201800000, "costAndExpenses": 3825900000, "interestIncome": 0, "interestExpense": 0, "depreciationAndAmortization": 197400000, "ebitda": 751000000, "ebitdaratio": 0.1708643324, "operatingIncome": 569400000, "operatingIncomeRatio": 0.1295474712, "totalOtherIncomeExpensesNet": 15800000, "incomeBeforeTax": 585200000, "incomeBeforeTaxRatio": 0.1331422201, "incomeTaxExpense": 231200000, "netIncome": 354000000, "netIncomeRatio": 0.0805405774, "eps": 0.38, "epsdiluted": 0.37, "weightedAverageShsOut": 931578947, "weightedAverageShsOutDil": 956756757, "link": "https://www.sec.gov/Archives/edgar/data/39911/000003991196000010/0000039911-96-000010-index.html", "finalLink": "https://www.sec.gov/Archives/edgar/data/39911/", "calculatedOtherExpenses": 197400000, "calculatedOperatingExpenses": 1201800000, "calculatedNetInterest": 0, "calculatedOtherIncome": 15800000, "calculatedIncomeNonControlling": 0, "calculatedEbitda": 766800000}, {"date": "1995-01-28", "symbol": "GPS", "reportedCurrency": "USD", "cik": "0000039911", "fillingDate": "1995-04-21", "acceptedDate": "1995-04-21 00:00:00", "calendarYear": "1994", "period": "FY", "revenue": 3722900000, "costOfRevenue": 2182800000, "grossProfit": 1540100000, "grossProfitRatio": 0.4136828816, "researchAndDevelopmentExpenses": 0, "generalAndAdministrativeExpenses": 0, "sellingAndMarketingExpenses": 0, "sellingGeneralAndAdministrativeExpenses": 853500000, "otherExpenses": -10500000, "operatingExpenses": 1021700000, "costAndExpenses": 3204500000, "interestIncome": 0, "interestExpense": 0, "depreciationAndAmortization": 168200000, "ebitda": 675700000, "ebitdaratio": 0.1814982943, "operatingIncome": 518400000, "operatingIncomeRatio": 0.1392462865, "totalOtherIncomeExpensesNet": 10900000, "incomeBeforeTax": 529300000, "incomeBeforeTaxRatio": 0.1421741116, "incomeTaxExpense": 209100000, "netIncome": 320200000, "netIncomeRatio": 0.0860082194, "eps": 0.34, "epsdiluted": 0.33, "weightedAverageShsOut": 941764706, "weightedAverageShsOutDil": 970303030, "link": "https://www.sec.gov/Archives/edgar/data/39911/000003991195000015/0000039911-95-000015-index.html", "finalLink": "https://www.sec.gov/Archives/edgar/data/39911/", "calculatedOtherExpenses": 168200000, "calculatedOperatingExpenses": 1021700000, "calculatedNetInterest": 0, "calculatedOtherIncome": 10900000, "calculatedIncomeNonControlling": 0, "calculatedEbitda": 686600000}, {"date": "1994-01-29", "symbol": "GPS", "reportedCurrency": "USD", "cik": "0000039911", "fillingDate": "1994-04-22", "acceptedDate": "1994-04-22 00:00:00", "calendarYear": "1993", "period": "FY", "revenue": 3295700000, "costOfRevenue": 1980000000, "grossProfit": 1315700000, "grossProfitRatio": 0.3992171618, "researchAndDevelopmentExpenses": 0, "generalAndAdministrativeExpenses": 0, "sellingAndMarketingExpenses": 0, "sellingGeneralAndAdministrativeExpenses": 748200000, "otherExpenses": 141800000, "operatingExpenses": 890000000, "costAndExpenses": 2870000000, "interestIncome": 0, "interestExpense": 0, "depreciationAndAmortization": 141800000, "ebitda": 567500000, "ebitdaratio": 0.1721940711, "operatingIncome": 425700000, "operatingIncomeRatio": 0.1291683102, "totalOtherIncomeExpensesNet": -800000, "incomeBeforeTax": 424900000, "incomeBeforeTaxRatio": 0.1289255697, "incomeTaxExpense": 166500000, "netIncome": 258400000, "netIncomeRatio": 0.0784051946, "eps": 0.27, "epsdiluted": 0.27, "weightedAverageShsOut": 957037037, "weightedAverageShsOutDil": 957037037, "link": "https://www.sec.gov/Archives/edgar/data/39911/000003991194000014/0000039911-94-000014-index.html", "finalLink": "https://www.sec.gov/Archives/edgar/data/39911/", "calculatedOtherExpenses": 141800000, "calculatedOperatingExpenses": 890000000, "calculatedNetInterest": 0, "calculatedOtherIncome": -800000, "calculatedIncomeNonControlling": 0, "calculatedEbitda": 567500000}, {"date": "1993-01-31", "symbol": "GPS", "reportedCurrency": "USD", "cik": "0000039911", "fillingDate": "1993-01-31", "acceptedDate": "1993-01-30 19:00:00", "calendarYear": "1992", "period": "FY", "revenue": 2960400000, "costOfRevenue": 1841600000, "grossProfit": 1118800000, "grossProfitRatio": 0.3779219024, "researchAndDevelopmentExpenses": 0, "generalAndAdministrativeExpenses": 0, "sellingAndMarketingExpenses": 0, "sellingGeneralAndAdministrativeExpenses": 661300000, "otherExpenses": 114000000, "operatingExpenses": 775300000, "costAndExpenses": 2616900000, "interestIncome": 0, "interestExpense": 0, "depreciationAndAmortization": 114000000, "ebitda": 457500000, "ebitdaratio": 0.154539927, "operatingIncome": 343500000, "operatingIncomeRatio": 0.1160316173, "totalOtherIncomeExpensesNet": -3700000, "incomeBeforeTax": 339800000, "incomeBeforeTaxRatio": 0.1147817862, "incomeTaxExpense": 129100000, "netIncome": 210700000, "netIncomeRatio": 0.0711728145, "eps": 0.23, "epsdiluted": 0.22, "weightedAverageShsOut": 916086957, "weightedAverageShsOutDil": 957727273, "link": "", "finalLink": "", "calculatedOtherExpenses": 114000000, "calculatedOperatingExpenses": 775300000, "calculatedNetInterest": 0, "calculatedOtherIncome": -3700000, "calculatedIncomeNonControlling": 0, "calculatedEbitda": 457500000}, {"date": "1992-01-31", "symbol": "GPS", "reportedCurrency": "USD", "cik": "0000039911", "fillingDate": "1992-01-31", "acceptedDate": "1992-01-30 19:00:00", "calendarYear": "1991", "period": "FY", "revenue": 2518900000, "costOfRevenue": 1486800000, "grossProfit": 1032100000, "grossProfitRatio": 0.4097423479, "researchAndDevelopmentExpenses": 0, "generalAndAdministrativeExpenses": 0, "sellingAndMarketingExpenses": 0, "sellingGeneralAndAdministrativeExpenses": 575700000, "otherExpenses": 82100000, "operatingExpenses": 657800000, "costAndExpenses": 2144600000, "interestIncome": 0, "interestExpense": 0, "depreciationAndAmortization": 82100000, "ebitda": 456400000, "ebitdaratio": 0.1811902021, "operatingIncome": 374300000, "operatingIncomeRatio": 0.1485966096, "totalOtherIncomeExpensesNet": -3500000, "incomeBeforeTax": 370800000, "incomeBeforeTaxRatio": 0.1472071142, "incomeTaxExpense": 140900000, "netIncome": 229900000, "netIncomeRatio": 0.0912699988, "eps": 0.25, "epsdiluted": 0.24, "weightedAverageShsOut": 919600000, "weightedAverageShsOutDil": 957916667, "link": "", "finalLink": "", "calculatedOtherExpenses": 82100000, "calculatedOperatingExpenses": 657800000, "calculatedNetInterest": 0, "calculatedOtherIncome": -3500000, "calculatedIncomeNonControlling": 0, "calculatedEbitda": 456400000}, {"date": "1991-01-31", "symbol": "GPS", "reportedCurrency": "USD", "cik": "0000039911", "fillingDate": "1991-01-31", "acceptedDate": "1991-01-30 19:00:00", "calendarYear": "1990", "period": "FY", "revenue": 1933800000, "costOfRevenue": 1179800000, "grossProfit": 754000000, "grossProfitRatio": 0.3899058848, "researchAndDevelopmentExpenses": 0, "generalAndAdministrativeExpenses": 0, "sellingAndMarketingExpenses": 0, "sellingGeneralAndAdministrativeExpenses": 454200000, "otherExpenses": 61500000, "operatingExpenses": 515700000, "costAndExpenses": 1695500000, "interestIncome": 0, "interestExpense": 0, "depreciationAndAmortization": 61500000, "ebitda": 299800000, "ebitdaratio": 0.1550315441, "operatingIncome": 238300000, "operatingIncomeRatio": 0.1232288758, "totalOtherIncomeExpensesNet": -1400000, "incomeBeforeTax": 236900000, "incomeBeforeTaxRatio": 0.1225049126, "incomeTaxExpense": 92400000, "netIncome": 144500000, "netIncomeRatio": 0.0747233426, "eps": 0.16, "epsdiluted": 0.15, "weightedAverageShsOut": 903125000, "weightedAverageShsOutDil": 963333333, "link": "", "finalLink": "", "calculatedOtherExpenses": 61500000, "calculatedOperatingExpenses": 515700000, "calculatedNetInterest": 0, "calculatedOtherIncome": -1400000, "calculatedIncomeNonControlling": 0, "calculatedEbitda": 299800000}, {"date": "1990-01-31", "symbol": "GPS", "reportedCurrency": "USD", "cik": "0000039911", "fillingDate": "1990-01-31", "acceptedDate": "1990-01-30 19:00:00", "calendarYear": "1989", "period": "FY", "revenue": 1586600000, "costOfRevenue": 1002500000, "grossProfit": 584100000, "grossProfitRatio": 0.3681457204, "researchAndDevelopmentExpenses": 0, "generalAndAdministrativeExpenses": 0, "sellingAndMarketingExpenses": 0, "sellingGeneralAndAdministrativeExpenses": 364100000, "otherExpenses": 43800000, "operatingExpenses": 407900000, "costAndExpenses": 1410400000, "interestIncome": 0, "interestExpense": 0, "depreciationAndAmortization": 43800000, "ebitda": 230800000, "ebitdaratio": 0.145468297, "operatingIncome": 176200000, "operatingIncomeRatio": 0.1110550863, "totalOtherIncomeExpensesNet": -10800000, "incomeBeforeTax": 162700000, "incomeBeforeTaxRatio": 0.1025463255, "incomeTaxExpense": 65100000, "netIncome": 97600000, "netIncomeRatio": 0.0615151897, "eps": 0.11, "epsdiluted": 0.1, "weightedAverageShsOut": 887272727, "weightedAverageShsOutDil": 976000000, "link": "", "finalLink": "", "calculatedOtherExpenses": 43800000, "calculatedOperatingExpenses": 407900000, "calculatedNetInterest": 0, "calculatedOtherIncome": -13500000, "calculatedIncomeNonControlling": 0, "calculatedEbitda": 220000000}, {"date": "1989-01-31", "symbol": "GPS", "reportedCurrency": "USD", "cik": "0000039911", "fillingDate": "1989-01-31", "acceptedDate": "1989-01-30 19:00:00", "calendarYear": "1988", "period": "FY", "revenue": 1252100000, "costOfRevenue": 815400000, "grossProfit": 436700000, "grossProfitRatio": 0.3487740596, "researchAndDevelopmentExpenses": 0, "generalAndAdministrativeExpenses": 0, "sellingAndMarketingExpenses": 0, "sellingGeneralAndAdministrativeExpenses": 277400000, "otherExpenses": 30000000, "operatingExpenses": 307400000, "costAndExpenses": 1122800000, "interestIncome": 0, "interestExpense": 0, "depreciationAndAmortization": 30000000, "ebitda": 159300000, "ebitdaratio": 0.1272262599, "operatingIncome": 129300000, "operatingIncomeRatio": 0.1032665123, "totalOtherIncomeExpensesNet": -3500000, "incomeBeforeTax": 125800000, "incomeBeforeTaxRatio": 0.1004712084, "incomeTaxExpense": 51600000, "netIncome": 74200000, "netIncomeRatio": 0.0592604425, "eps": 0.08, "epsdiluted": 0.07, "weightedAverageShsOut": 927500000, "weightedAverageShsOutDil": 1060000000, "link": "", "finalLink": "", "calculatedOtherExpenses": 30000000, "calculatedOperatingExpenses": 307400000, "calculatedNetInterest": 0, "calculatedOtherIncome": -3500000, "calculatedIncomeNonControlling": 0, "calculatedEbitda": 159300000}, {"date": "1988-01-31", "symbol": "GPS", "reportedCurrency": "USD", "cik": "0000039911", "fillingDate": "1988-01-31", "acceptedDate": "1988-01-30 19:00:00", "calendarYear": "1987", "period": "FY", "revenue": 1062000000, "costOfRevenue": 655400000, "grossProfit": 406600000, "grossProfitRatio": 0.3828625235, "researchAndDevelopmentExpenses": 0, "generalAndAdministrativeExpenses": 0, "sellingAndMarketingExpenses": 0, "sellingGeneralAndAdministrativeExpenses": 254200000, "otherExpenses": 23800000, "operatingExpenses": 278000000, "costAndExpenses": 933400000, "interestIncome": 0, "interestExpense": 0, "depreciationAndAmortization": 23800000, "ebitda": 152400000, "ebitdaratio": 0.1435028249, "operatingIncome": 128600000, "operatingIncomeRatio": 0.1210922787, "totalOtherIncomeExpensesNet": -3900000, "incomeBeforeTax": 124700000, "incomeBeforeTaxRatio": 0.1174199623, "incomeTaxExpense": 55100000, "netIncome": 69600000, "netIncomeRatio": 0.0655367232, "eps": 0.07, "epsdiluted": 0.07, "weightedAverageShsOut": 994285714, "weightedAverageShsOutDil": 994285714, "link": "", "finalLink": "", "calculatedOtherExpenses": 23800000, "calculatedOperatingExpenses": 278000000, "calculatedNetInterest": 0, "calculatedOtherIncome": -3900000, "calculatedIncomeNonControlling": 0, "calculatedEbitda": 152400000}, {"date": "1987-01-31", "symbol": "GPS", "reportedCurrency": "USD", "cik": "0000039911", "fillingDate": "1987-01-31", "acceptedDate": "1987-01-30 19:00:00", "calendarYear": "1986", "period": "FY", "revenue": 848000000, "costOfRevenue": 478300000, "grossProfit": 369700000, "grossProfitRatio": 0.4359669811, "researchAndDevelopmentExpenses": 0, "generalAndAdministrativeExpenses": 0, "sellingAndMarketingExpenses": 0, "sellingGeneralAndAdministrativeExpenses": 209200000, "otherExpenses": 21700000, "operatingExpenses": 230900000, "costAndExpenses": 709200000, "interestIncome": 0, "interestExpense": 0, "depreciationAndAmortization": 21700000, "ebitda": 160500000, "ebitdaratio": 0.1892688679, "operatingIncome": 138800000, "operatingIncomeRatio": 0.1636792453, "totalOtherIncomeExpensesNet": -1600000, "incomeBeforeTax": 137200000, "incomeBeforeTaxRatio": 0.1617924528, "incomeTaxExpense": 69100000, "netIncome": 68100000, "netIncomeRatio": 0.0803066038, "eps": 0.07, "epsdiluted": 0.07, "weightedAverageShsOut": 972857143, "weightedAverageShsOutDil": 972857143, "link": "", "finalLink": "", "calculatedOtherExpenses": 21700000, "calculatedOperatingExpenses": 230900000, "calculatedNetInterest": 0, "calculatedOtherIncome": -1600000, "calculatedIncomeNonControlling": 0, "calculatedEbitda": 160500000}, {"date": "1986-01-31", "symbol": "GPS", "reportedCurrency": "USD", "cik": "0000039911", "fillingDate": "1986-01-31", "acceptedDate": "1986-01-30 19:00:00", "calendarYear": "1985", "period": "FY", "revenue": 647300000, "costOfRevenue": 396100000, "grossProfit": 251200000, "grossProfitRatio": 0.3880735362, "researchAndDevelopmentExpenses": 0, "generalAndAdministrativeExpenses": 0, "sellingAndMarketingExpenses": 0, "sellingGeneralAndAdministrativeExpenses": 162800000, "otherExpenses": 17100000, "operatingExpenses": 179900000, "costAndExpenses": 576000000, "interestIncome": 0, "interestExpense": 0, "depreciationAndAmortization": 17100000, "ebitda": 88400000, "ebitdaratio": 0.1365672795, "operatingIncome": 71300000, "operatingIncomeRatio": 0.1101498532, "totalOtherIncomeExpensesNet": -3400000, "incomeBeforeTax": 67900000, "incomeBeforeTaxRatio": 0.1048972656, "incomeTaxExpense": 33500000, "netIncome": 27700000, "netIncomeRatio": 0.0427931407, "eps": 0.03, "epsdiluted": 0.03, "weightedAverageShsOut": 923333333, "weightedAverageShsOutDil": 923333333, "link": "", "finalLink": "", "calculatedOtherExpenses": 17100000, "calculatedOperatingExpenses": 179900000, "calculatedNetInterest": 0, "calculatedOtherIncome": -3400000, "calculatedIncomeNonControlling": 6700000, "calculatedEbitda": 88400000}]}