{"originalCurrency": "USD", "convertedCurrency": "USD", "report": [{"date": "2023-12-31", "symbol": "GRBK", "reportedCurrency": "USD", "cik": "0001373670", "fillingDate": "2024-02-29", "acceptedDate": "2024-02-29 16:48:09", "calendarYear": "2023", "period": "FY", "revenue": 1777710000, "costOfRevenue": 1233073000, "grossProfit": 544637000, "grossProfitRatio": 0.3063699929, "researchAndDevelopmentExpenses": 0, "generalAndAdministrativeExpenses": 187032000, "sellingAndMarketingExpenses": 2400000, "sellingGeneralAndAdministrativeExpenses": 189432000, "otherExpenses": 19366000, "operatingExpenses": 189432000, "costAndExpenses": 1422505000, "interestIncome": 0, "interestExpense": 0, "depreciationAndAmortization": 3545000, "ebitda": 358750000, "ebitdaratio": 0.2018045688, "operatingIncome": 355205000, "operatingIncomeRatio": 0.1998104303, "totalOtherIncomeExpensesNet": 36108000, "incomeBeforeTax": 391313000, "incomeBeforeTaxRatio": 0.2201219546, "incomeTaxExpense": 84638000, "netIncome": 284626000, "netIncomeRatio": 0.1601082291, "eps": 6.2, "epsdiluted": 6.14, "weightedAverageShsOut": 45446000, "weightedAverageShsOutDil": 45917000, "link": "https://www.sec.gov/Archives/edgar/data/1373670/000137367024000008/0001373670-24-000008-index.htm", "finalLink": "https://www.sec.gov/Archives/edgar/data/1373670/000137367024000008/grbk-20231231.htm", "calculatedOtherExpenses": 0, "calculatedOperatingExpenses": 189432000, "calculatedNetInterest": 0, "calculatedOtherIncome": 36108000, "calculatedIncomeNonControlling": 22049000, "calculatedEbitda": 358750000}, {"date": "2022-12-31", "symbol": "GRBK", "reportedCurrency": "USD", "cik": "0001373670", "fillingDate": "2023-02-27", "acceptedDate": "2023-02-27 16:38:02", "calendarYear": "2022", "period": "FY", "revenue": 1757793000, "costOfRevenue": 1234768000, "grossProfit": 523025000, "grossProfitRatio": 0.2975464119, "researchAndDevelopmentExpenses": 0, "generalAndAdministrativeExpenses": 162743000, "sellingAndMarketingExpenses": 1200000, "sellingGeneralAndAdministrativeExpenses": 163943000, "otherExpenses": 11757000, "operatingExpenses": 163943000, "costAndExpenses": 1398711000, "interestIncome": 0, "interestExpense": -17653000, "depreciationAndAmortization": 2367000, "ebitda": 359082000, "ebitdaratio": 0.2042800261, "operatingIncome": 356715000, "operatingIncomeRatio": 0.2029334512, "totalOtherIncomeExpensesNet": 39750000, "incomeBeforeTax": 396465000, "incomeBeforeTaxRatio": 0.2255470354, "incomeTaxExpense": 82468000, "netIncome": 291900000, "netIncomeRatio": 0.1660605088, "eps": 6.07, "epsdiluted": 6.02, "weightedAverageShsOut": 47648000, "weightedAverageShsOutDil": 47987000, "link": "https://www.sec.gov/Archives/edgar/data/1373670/000137367023000006/0001373670-23-000006-index.htm", "finalLink": "https://www.sec.gov/Archives/edgar/data/1373670/000137367023000006/grbk-20221231.htm", "calculatedOtherExpenses": 2367000, "calculatedOperatingExpenses": 166310000, "calculatedNetInterest": 17653000, "calculatedOtherIncome": 22097000, "calculatedIncomeNonControlling": 22097000, "calculatedEbitda": 359082000}, {"date": "2021-12-31", "symbol": "GRBK", "reportedCurrency": "USD", "cik": "0001373670", "fillingDate": "2022-03-01", "acceptedDate": "2022-03-01 17:01:43", "calendarYear": "2021", "period": "FY", "revenue": 1402876000, "costOfRevenue": 1040817000, "grossProfit": 362059000, "grossProfitRatio": 0.2580833944, "researchAndDevelopmentExpenses": 0, "generalAndAdministrativeExpenses": 132969000, "sellingAndMarketingExpenses": 1300000, "sellingGeneralAndAdministrativeExpenses": 134269000, "otherExpenses": 9483000, "operatingExpenses": 134269000, "costAndExpenses": 1175086000, "interestIncome": 0, "interestExpense": 0, "depreciationAndAmortization": 2744000, "ebitda": 227790000, "ebitdaratio": 0.1623735811, "operatingIncome": 225046000, "operatingIncomeRatio": 0.1604175993, "totalOtherIncomeExpensesNet": 31940000, "incomeBeforeTax": 256986000, "incomeBeforeTaxRatio": 0.183185114, "incomeTaxExpense": 52605000, "netIncome": 190210000, "netIncomeRatio": 0.1355857538, "eps": 3.75, "epsdiluted": 3.72, "weightedAverageShsOut": 50700000, "weightedAverageShsOutDil": 51060000, "link": "https://www.sec.gov/Archives/edgar/data/1373670/000137367022000008/0001373670-22-000008-index.htm", "finalLink": "https://www.sec.gov/Archives/edgar/data/1373670/000137367022000008/grbk-20211231.htm", "calculatedOtherExpenses": 2744000, "calculatedOperatingExpenses": 137013000, "calculatedNetInterest": 0, "calculatedOtherIncome": 31940000, "calculatedIncomeNonControlling": 14171000, "calculatedEbitda": 227790000}, {"date": "2020-12-31", "symbol": "GRBK", "reportedCurrency": "USD", "cik": "0001373670", "fillingDate": "2021-03-08", "acceptedDate": "2021-03-08 17:16:44", "calendarYear": "2020", "period": "FY", "revenue": 976021000, "costOfRevenue": 741417000, "grossProfit": 234604000, "grossProfitRatio": 0.240367779, "researchAndDevelopmentExpenses": 0, "generalAndAdministrativeExpenses": 109934000, "sellingAndMarketingExpenses": 2200000, "sellingGeneralAndAdministrativeExpenses": 112134000, "otherExpenses": 4057000, "operatingExpenses": 112134000, "costAndExpenses": 853551000, "interestIncome": 0, "interestExpense": 0, "depreciationAndAmortization": 3666000, "ebitda": 122838000, "ebitdaratio": 0.1258558986, "operatingIncome": 119172000, "operatingIncomeRatio": 0.1220998319, "totalOtherIncomeExpensesNet": 23641000, "incomeBeforeTax": 142813000, "incomeBeforeTaxRatio": 0.1463216468, "incomeTaxExpense": 25016000, "netIncome": 113693000, "netIncomeRatio": 0.1164862231, "eps": 2.25, "epsdiluted": 2.24, "weightedAverageShsOut": 50568000, "weightedAverageShsOutDil": 50795000, "link": "https://www.sec.gov/Archives/edgar/data/1373670/000137367021000016/0001373670-21-000016-index.htm", "finalLink": "https://www.sec.gov/Archives/edgar/data/1373670/000137367021000016/grbk-20201231.htm", "calculatedOtherExpenses": 3298000, "calculatedOperatingExpenses": 115432000, "calculatedNetInterest": 0, "calculatedOtherIncome": 23641000, "calculatedIncomeNonControlling": 4104000, "calculatedEbitda": 122838000}, {"date": "2019-12-31", "symbol": "GRBK", "reportedCurrency": "USD", "cik": "0001373670", "fillingDate": "2020-03-06", "acceptedDate": "2020-03-06 09:00:24", "calendarYear": "2019", "period": "FY", "revenue": 791660000, "costOfRevenue": 622578000, "grossProfit": 169082000, "grossProfitRatio": 0.2135790617, "researchAndDevelopmentExpenses": 0, "generalAndAdministrativeExpenses": 96559000, "sellingAndMarketingExpenses": 2100000, "sellingGeneralAndAdministrativeExpenses": 98659000, "otherExpenses": 9003000, "operatingExpenses": 98659000, "costAndExpenses": 721237000, "interestIncome": 0, "interestExpense": 0, "depreciationAndAmortization": 3079000, "ebitda": 75329000, "ebitdaratio": 0.0951532223, "operatingIncome": 72250000, "operatingIncomeRatio": 0.0912639264, "totalOtherIncomeExpensesNet": 12079000, "incomeBeforeTax": 84329000, "incomeBeforeTaxRatio": 0.1065217391, "incomeTaxExpense": 20027000, "netIncome": 58656000, "netIncomeRatio": 0.0740924134, "eps": 1.16, "epsdiluted": 1.16, "weightedAverageShsOut": 50530000, "weightedAverageShsOutDil": 50636000, "link": "https://www.sec.gov/Archives/edgar/data/1373670/000137367020000005/0001373670-20-000005-index.htm", "finalLink": "https://www.sec.gov/Archives/edgar/data/1373670/000137367020000005/a201910-k.htm", "calculatedOtherExpenses": -1827000, "calculatedOperatingExpenses": 96832000, "calculatedNetInterest": 0, "calculatedOtherIncome": 12079000, "calculatedIncomeNonControlling": 5646000, "calculatedEbitda": 75329000}, {"date": "2018-12-31", "symbol": "GRBK", "reportedCurrency": "USD", "cik": "0001373670", "fillingDate": "2019-03-08", "acceptedDate": "2019-03-08 07:04:33", "calendarYear": "2018", "period": "FY", "revenue": 623647000, "costOfRevenue": 493317000, "grossProfit": 130330000, "grossProfitRatio": 0.2089804008, "researchAndDevelopmentExpenses": 0, "generalAndAdministrativeExpenses": 56830000, "sellingAndMarketingExpenses": 0, "sellingGeneralAndAdministrativeExpenses": 56830000, "otherExpenses": 2605000, "operatingExpenses": 54225000, "costAndExpenses": 547542000, "interestIncome": 0, "interestExpense": 0, "depreciationAndAmortization": 2943000, "ebitda": 77798000, "ebitdaratio": 0.124746852, "operatingIncome": 71807000, "operatingIncomeRatio": 0.1151404561, "totalOtherIncomeExpensesNet": 5566000, "incomeBeforeTax": 81671000, "incomeBeforeTaxRatio": 0.1309570959, "incomeTaxExpense": 17136000, "netIncome": 51623000, "netIncomeRatio": 0.0827759935, "eps": 1.02, "epsdiluted": 1.02, "weightedAverageShsOut": 50652000, "weightedAverageShsOutDil": 50751000, "link": "https://www.sec.gov/Archives/edgar/data/1373670/000137367019000005/0001373670-19-000005-index.htm", "finalLink": "https://www.sec.gov/Archives/edgar/data/1373670/000137367019000005/a1231201810-k.htm", "calculatedOtherExpenses": 1693000, "calculatedOperatingExpenses": 58523000, "calculatedNetInterest": 0, "calculatedOtherIncome": 9864000, "calculatedIncomeNonControlling": 12912000, "calculatedEbitda": 74750000}, {"date": "2017-12-31", "symbol": "GRBK", "reportedCurrency": "USD", "cik": "0001373670", "fillingDate": "2018-03-12", "acceptedDate": "2018-03-12 16:13:15", "calendarYear": "2017", "period": "FY", "revenue": 454374000, "costOfRevenue": 355921000, "grossProfit": 98453000, "grossProfitRatio": 0.2166783311, "researchAndDevelopmentExpenses": 0, "generalAndAdministrativeExpenses": 21823000, "sellingAndMarketingExpenses": 17193000, "sellingGeneralAndAdministrativeExpenses": 39016000, "otherExpenses": -2054000, "operatingExpenses": 36962000, "costAndExpenses": 392883000, "interestIncome": 0, "interestExpense": 0, "depreciationAndAmortization": 325000, "ebitda": 61491000, "ebitdaratio": 0.1353312469, "operatingIncome": 59437000, "operatingIncomeRatio": 0.1308107418, "totalOtherIncomeExpensesNet": 2746000, "incomeBeforeTax": 64237000, "incomeBeforeTaxRatio": 0.1413747265, "incomeTaxExpense": 39031000, "netIncome": 14970000, "netIncomeRatio": 0.0329464274, "eps": 0.3, "epsdiluted": 0.3, "weightedAverageShsOut": 49597000, "weightedAverageShsOutDil": 49683000, "link": "https://www.sec.gov/Archives/edgar/data/1373670/000137367018000015/0001373670-18-000015-index.htm", "finalLink": "https://www.sec.gov/Archives/edgar/data/1373670/000137367018000015/a1231201710-kgrbk.htm", "calculatedOtherExpenses": 0, "calculatedOperatingExpenses": 39016000, "calculatedNetInterest": 0, "calculatedOtherIncome": 4800000, "calculatedIncomeNonControlling": 10236000, "calculatedEbitda": 59762000}, {"date": "2016-12-31", "symbol": "GRBK", "reportedCurrency": "USD", "cik": "0001373670", "fillingDate": "2017-03-13", "acceptedDate": "2017-03-13 16:18:21", "calendarYear": "2016", "period": "FY", "revenue": 380328000, "costOfRevenue": 293953000, "grossProfit": 86375000, "grossProfitRatio": 0.2271066027, "researchAndDevelopmentExpenses": 0, "generalAndAdministrativeExpenses": 21871000, "sellingAndMarketingExpenses": 16758000, "sellingGeneralAndAdministrativeExpenses": 38629000, "otherExpenses": -2808000, "operatingExpenses": 35821000, "costAndExpenses": 329774000, "interestIncome": 0, "interestExpense": 0, "depreciationAndAmortization": 286000, "ebitda": 50554000, "ebitdaratio": 0.1329221093, "operatingIncome": 47746000, "operatingIncomeRatio": 0.1255390084, "totalOtherIncomeExpensesNet": 2808000, "incomeBeforeTax": 50554000, "incomeBeforeTaxRatio": 0.1329221093, "incomeTaxExpense": 15381000, "netIncome": 23756000, "netIncomeRatio": 0.062461875, "eps": 0.49, "epsdiluted": 0.49, "weightedAverageShsOut": 48879000, "weightedAverageShsOutDil": 48886000, "link": "https://www.sec.gov/Archives/edgar/data/1373670/000137367017000004/0001373670-17-000004-index.htm", "finalLink": "https://www.sec.gov/Archives/edgar/data/1373670/000137367017000004/a1231201610-kgrbk.htm", "calculatedOtherExpenses": 0, "calculatedOperatingExpenses": 38629000, "calculatedNetInterest": 0, "calculatedOtherIncome": 2808000, "calculatedIncomeNonControlling": 11417000, "calculatedEbitda": 48032000}, {"date": "2015-12-31", "symbol": "GRBK", "reportedCurrency": "USD", "cik": "0001373670", "fillingDate": "2016-03-30", "acceptedDate": "2016-03-30 08:09:42", "calendarYear": "2015", "period": "FY", "revenue": 291145000, "costOfRevenue": 223654000, "grossProfit": 67491000, "grossProfitRatio": 0.2318123272, "researchAndDevelopmentExpenses": 0, "generalAndAdministrativeExpenses": 20685000, "sellingAndMarketingExpenses": 13665000, "sellingGeneralAndAdministrativeExpenses": 34350000, "otherExpenses": -1843000, "operatingExpenses": 32507000, "costAndExpenses": 256161000, "interestIncome": 13000, "interestExpense": 281000, "depreciationAndAmortization": 865000, "ebitda": 35862000, "ebitdaratio": 0.1231757372, "operatingIncome": 33141000, "operatingIncomeRatio": 0.1138298786, "totalOtherIncomeExpensesNet": 1843000, "incomeBeforeTax": 34716000, "incomeBeforeTaxRatio": 0.1192395542, "incomeTaxExpense": 9171000, "netIncome": 15325000, "netIncomeRatio": 0.0526370022, "eps": 0.38, "epsdiluted": 0.38, "weightedAverageShsOut": 40068000, "weightedAverageShsOutDil": 40099000, "link": "https://www.sec.gov/Archives/edgar/data/1373670/000137367016000053/0001373670-16-000053-index.htm", "finalLink": "https://www.sec.gov/Archives/edgar/data/1373670/000137367016000053/a1231201510-kgrbk.htm", "calculatedOtherExpenses": 0, "calculatedOperatingExpenses": 34350000, "calculatedNetInterest": -268000, "calculatedOtherIncome": 1843000, "calculatedIncomeNonControlling": 10220000, "calculatedEbitda": 34006000}, {"date": "2014-12-31", "symbol": "GRBK", "reportedCurrency": "USD", "cik": "0001373670", "fillingDate": "2015-03-31", "acceptedDate": "2015-03-30 17:47:53", "calendarYear": "2014", "period": "FY", "revenue": 246102000, "costOfRevenue": 183447000, "grossProfit": 62655000, "grossProfitRatio": 0.2545895604, "researchAndDevelopmentExpenses": 0, "generalAndAdministrativeExpenses": 16134000, "sellingAndMarketingExpenses": 10099000, "sellingGeneralAndAdministrativeExpenses": 26233000, "otherExpenses": -134000, "operatingExpenses": 26099000, "costAndExpenses": 209546000, "interestIncome": 1046000, "interestExpense": 1393000, "depreciationAndAmortization": 735000, "ebitda": 38337000, "ebitdaratio": 0.155776873, "operatingIncome": 35687000, "operatingIncomeRatio": 0.14500898, "totalOtherIncomeExpensesNet": 869000, "incomeBeforeTax": 36209000, "incomeBeforeTaxRatio": 0.1471300518, "incomeTaxExpense": -24853000, "netIncome": 50026000, "netIncomeRatio": 0.2032734395, "eps": 3.4, "epsdiluted": 3.4, "weightedAverageShsOut": 14712000, "weightedAverageShsOutDil": 14712000, "link": "https://www.sec.gov/Archives/edgar/data/1373670/000137367015000015/0001373670-15-000015-index.htm", "finalLink": "https://www.sec.gov/Archives/edgar/data/1373670/000137367015000015/a1231201410-kgrbk.htm", "calculatedOtherExpenses": 735000, "calculatedOperatingExpenses": 26968000, "calculatedNetInterest": -347000, "calculatedOtherIncome": 869000, "calculatedIncomeNonControlling": 11036000, "calculatedEbitda": 36422000}, {"date": "2013-12-31", "symbol": "GRBK", "reportedCurrency": "USD", "cik": "0001373670", "fillingDate": "2014-03-26", "acceptedDate": "2014-03-26 16:29:57", "calendarYear": "2013", "period": "FY", "revenue": 298429000, "costOfRevenue": 12678000, "grossProfit": 285751000, "grossProfitRatio": 0.9575175335, "researchAndDevelopmentExpenses": 0, "generalAndAdministrativeExpenses": 8107000, "sellingAndMarketingExpenses": 0, "sellingGeneralAndAdministrativeExpenses": 8107000, "otherExpenses": -3000, "operatingExpenses": 9743000, "costAndExpenses": 9743000, "interestIncome": 0, "interestExpense": -7057000, "depreciationAndAmortization": 25337000, "ebitda": 15594000, "ebitdaratio": 0.0522536349, "operatingIncome": 9743000, "operatingIncomeRatio": 0.0326476314, "totalOtherIncomeExpensesNet": -3000, "incomeBeforeTax": -9746000, "incomeBeforeTaxRatio": -0.0326576841, "incomeTaxExpense": 29462000, "netIncome": -39208000, "netIncomeRatio": -0.1313813336, "eps": -5.06, "epsdiluted": -5.06, "weightedAverageShsOut": 7751169, "weightedAverageShsOutDil": 7751169, "link": "https://www.sec.gov/Archives/edgar/data/1373670/000114420414017928/0001144204-14-017928-index.htm", "finalLink": "https://www.sec.gov/Archives/edgar/data/1373670/000114420414017928/v370378_10k.htm", "calculatedOtherExpenses": 267901000, "calculatedOperatingExpenses": 276008000, "calculatedNetInterest": 7057000, "calculatedOtherIncome": -26546000, "calculatedIncomeNonControlling": 0, "calculatedEbitda": 35080000}, {"date": "2012-12-31", "symbol": "GRBK", "reportedCurrency": "USD", "cik": "0001373670", "fillingDate": "2013-04-01", "acceptedDate": "2013-04-01 16:31:41", "calendarYear": "2012", "period": "FY", "revenue": 463280000, "costOfRevenue": 493901000, "grossProfit": -30621000, "grossProfitRatio": -0.0660960974, "researchAndDevelopmentExpenses": 0, "generalAndAdministrativeExpenses": 5934000, "sellingAndMarketingExpenses": 0, "sellingGeneralAndAdministrativeExpenses": 5934000, "otherExpenses": 1442000, "operatingExpenses": 9868000, "costAndExpenses": 503769000, "interestIncome": 0, "interestExpense": 7275000, "depreciationAndAmortization": 28300000, "ebitda": -10747000, "ebitdaratio": -0.0231976343, "operatingIncome": -40489000, "operatingIncomeRatio": -0.087396391, "totalOtherIncomeExpensesNet": 1442000, "incomeBeforeTax": -46322000, "incomeBeforeTaxRatio": -0.0999870489, "incomeTaxExpense": -6479000, "netIncome": -39843000, "netIncomeRatio": -0.0860019858, "eps": -5.28, "epsdiluted": -5.28, "weightedAverageShsOut": 7552495, "weightedAverageShsOutDil": 7552495, "link": "https://www.sec.gov/Archives/edgar/data/1373670/000114420413019187/0001144204-13-019187-index.htm", "finalLink": "https://www.sec.gov/Archives/edgar/data/1373670/000114420413019187/v337040_10k.htm", "calculatedOtherExpenses": 3934000, "calculatedOperatingExpenses": 9868000, "calculatedNetInterest": -7275000, "calculatedOtherIncome": 1442000, "calculatedIncomeNonControlling": 0, "calculatedEbitda": -12189000}, {"date": "2011-12-31", "symbol": "GRBK", "reportedCurrency": "USD", "cik": "0001373670", "fillingDate": "2012-03-16", "acceptedDate": "2012-03-15 20:14:07", "calendarYear": "2011", "period": "FY", "revenue": 653073000, "costOfRevenue": 642504000, "grossProfit": 10569000, "grossProfitRatio": 0.0161834894, "researchAndDevelopmentExpenses": 0, "generalAndAdministrativeExpenses": 7237000, "sellingAndMarketingExpenses": 0, "sellingGeneralAndAdministrativeExpenses": 7237000, "otherExpenses": 3567000, "operatingExpenses": 10804000, "costAndExpenses": 653308000, "interestIncome": 0, "interestExpense": 10126000, "depreciationAndAmortization": 29712000, "ebitda": 29477000, "ebitdaratio": 0.0451358424, "operatingIncome": -235000, "operatingIncomeRatio": -0.0003598373, "totalOtherIncomeExpensesNet": -10126000, "incomeBeforeTax": -10361000, "incomeBeforeTaxRatio": -0.0158649952, "incomeTaxExpense": -1644000, "netIncome": -8717000, "netIncomeRatio": -0.0133476656, "eps": -1.27, "epsdiluted": -1.27, "weightedAverageShsOut": 6865114, "weightedAverageShsOutDil": 6865114, "link": "https://www.sec.gov/Archives/edgar/data/1373670/000114420412015421/0001144204-12-015421-index.htm", "finalLink": "https://www.sec.gov/Archives/edgar/data/1373670/000114420412015421/v304548_10k.htm", "calculatedOtherExpenses": 3567000, "calculatedOperatingExpenses": 10804000, "calculatedNetInterest": -10126000, "calculatedOtherIncome": 0, "calculatedIncomeNonControlling": 0, "calculatedEbitda": 29477000}, {"date": "2010-12-31", "symbol": "GRBK", "reportedCurrency": "USD", "cik": "0001373670", "fillingDate": "2011-03-29", "acceptedDate": "2011-03-28 20:08:08", "calendarYear": "2010", "period": "FY", "revenue": 453415000, "costOfRevenue": 454638000, "grossProfit": -1223000, "grossProfitRatio": -0.0026973082, "researchAndDevelopmentExpenses": 0, "generalAndAdministrativeExpenses": 12395000, "sellingAndMarketingExpenses": 0, "sellingGeneralAndAdministrativeExpenses": 12395000, "otherExpenses": 0, "operatingExpenses": 12395000, "costAndExpenses": 467033000, "interestIncome": 0, "interestExpense": 11605000, "depreciationAndAmortization": 28720000, "ebitda": 15102000, "ebitdaratio": 0.0333072351, "operatingIncome": -13618000, "operatingIncomeRatio": -0.0300342953, "totalOtherIncomeExpensesNet": -11605000, "incomeBeforeTax": -25223000, "incomeBeforeTaxRatio": -0.0556289492, "incomeTaxExpense": -5240000, "netIncome": -19983000, "netIncomeRatio": -0.0440722076, "eps": -10.84, "epsdiluted": -10.84, "weightedAverageShsOut": 1843241, "weightedAverageShsOutDil": 1843241, "link": "https://www.sec.gov/Archives/edgar/data/1373670/000114420411017756/0001144204-11-017756-index.htm", "finalLink": "https://www.sec.gov/Archives/edgar/data/1373670/000114420411017756/v213703_10k.htm", "calculatedOtherExpenses": 0, "calculatedOperatingExpenses": 12395000, "calculatedNetInterest": -11605000, "calculatedOtherIncome": 0, "calculatedIncomeNonControlling": 0, "calculatedEbitda": 15102000}, {"date": "2009-12-31", "symbol": "GRBK", "reportedCurrency": "USD", "cik": "0001373670", "fillingDate": "2010-03-30", "acceptedDate": "2010-03-29 19:29:36", "calendarYear": "2009", "period": "FY", "revenue": 415514000, "costOfRevenue": 404750000, "grossProfit": 10764000, "grossProfitRatio": 0.0259052643, "researchAndDevelopmentExpenses": 0, "generalAndAdministrativeExpenses": 15487000, "sellingAndMarketingExpenses": 0, "sellingGeneralAndAdministrativeExpenses": 15487000, "otherExpenses": 150000, "operatingExpenses": 15637000, "costAndExpenses": 420387000, "interestIncome": 78000, "interestExpense": 14906000, "depreciationAndAmortization": 28137000, "ebitda": 23342000, "ebitdaratio": 0.0561762059, "operatingIncome": -4873000, "operatingIncomeRatio": -0.0117276434, "totalOtherIncomeExpensesNet": -1000, "incomeBeforeTax": -19702000, "incomeBeforeTaxRatio": -0.0474159715, "incomeTaxExpense": -25774000, "netIncome": -13630000, "netIncomeRatio": -0.0328027455, "eps": -7.9, "epsdiluted": -7.9, "weightedAverageShsOut": 1725124, "weightedAverageShsOutDil": 1725124, "link": "https://www.sec.gov/Archives/edgar/data/1373670/000114420410016417/0001144204-10-016417-index.htm", "finalLink": "https://www.sec.gov/Archives/edgar/data/1373670/000114420410016417/v178513_10k.htm", "calculatedOtherExpenses": 150000, "calculatedOperatingExpenses": 15637000, "calculatedNetInterest": -14828000, "calculatedOtherIncome": -1000, "calculatedIncomeNonControlling": 19702000, "calculatedEbitda": 23264000}, {"date": "2008-12-31", "symbol": "GRBK", "reportedCurrency": "USD", "cik": "0001373670", "fillingDate": "2009-03-30", "acceptedDate": "2009-03-27 19:38:47", "calendarYear": "2008", "period": "FY", "revenue": 179867000, "costOfRevenue": 199163000, "grossProfit": -19296000, "grossProfitRatio": -0.1072792675, "researchAndDevelopmentExpenses": 0, "generalAndAdministrativeExpenses": 17044000, "sellingAndMarketingExpenses": 0, "sellingGeneralAndAdministrativeExpenses": 17044000, "otherExpenses": 1350000, "operatingExpenses": 18394000, "costAndExpenses": 217557000, "interestIncome": 1087000, "interestExpense": 5831000, "depreciationAndAmortization": 9791000, "ebitda": -26812000, "ebitdaratio": -0.1490656985, "operatingIncome": -37690000, "operatingIncomeRatio": -0.2095437184, "totalOtherIncomeExpensesNet": -41693000, "incomeBeforeTax": -84127000, "incomeBeforeTaxRatio": -0.4677178137, "incomeTaxExpense": -37431000, "netIncome": -40865000, "netIncomeRatio": -0.2271956501, "eps": -36.55, "epsdiluted": -36.55, "weightedAverageShsOut": 1118010, "weightedAverageShsOutDil": 1118010, "link": "https://www.sec.gov/Archives/edgar/data/1373670/000104746909003328/0001047469-09-003328-index.htm", "finalLink": "https://www.sec.gov/Archives/edgar/data/1373670/000104746909003328/a2191863z10-k.htm", "calculatedOtherExpenses": 1350000, "calculatedOperatingExpenses": 18394000, "calculatedNetInterest": -4744000, "calculatedOtherIncome": -41693000, "calculatedIncomeNonControlling": -5831000, "calculatedEbitda": -27899000}, {"date": "2007-12-31", "symbol": "GRBK", "reportedCurrency": "USD", "cik": "0001373670", "fillingDate": "2008-03-12", "acceptedDate": "2008-03-12 06:00:54", "calendarYear": "2007", "period": "FY", "revenue": 0, "costOfRevenue": 0, "grossProfit": 0, "grossProfitRatio": 0, "researchAndDevelopmentExpenses": 0, "generalAndAdministrativeExpenses": 0, "sellingAndMarketingExpenses": 0, "sellingGeneralAndAdministrativeExpenses": 9215000, "otherExpenses": 0, "operatingExpenses": 9215000, "costAndExpenses": 9215000, "interestIncome": 1812000, "interestExpense": 0, "depreciationAndAmortization": 79000, "ebitda": -9136000, "ebitdaratio": 0, "operatingIncome": -9215000, "operatingIncomeRatio": 0, "totalOtherIncomeExpensesNet": 6794000, "incomeBeforeTax": -2421000, "incomeBeforeTaxRatio": 0, "incomeTaxExpense": 0, "netIncome": -2421000, "netIncomeRatio": 0, "eps": -3.14, "epsdiluted": -3.14, "weightedAverageShsOut": 771709, "weightedAverageShsOutDil": 771709, "link": "https://www.sec.gov/Archives/edgar/data/1373670/000104746908002537/0001047469-08-002537-index.htm", "finalLink": "https://www.sec.gov/Archives/edgar/data/1373670/000104746908002537/a2183623z10-k.htm", "calculatedOtherExpenses": 0, "calculatedOperatingExpenses": 9215000, "calculatedNetInterest": 1812000, "calculatedOtherIncome": 4982000, "calculatedIncomeNonControlling": 0, "calculatedEbitda": -9136000}, {"date": "2006-12-31", "symbol": "GRBK", "reportedCurrency": "USD", "cik": "0001373670", "fillingDate": "2006-12-31", "acceptedDate": "2006-12-30 19:00:00", "calendarYear": "2006", "period": "FY", "revenue": 0, "costOfRevenue": 0, "grossProfit": 0, "grossProfitRatio": 0, "researchAndDevelopmentExpenses": 0, "generalAndAdministrativeExpenses": 0, "sellingAndMarketingExpenses": 0, "sellingGeneralAndAdministrativeExpenses": 9162618, "otherExpenses": 0, "operatingExpenses": 9162618, "costAndExpenses": 9162618, "interestIncome": 11312, "interestExpense": 0, "depreciationAndAmortization": 5275, "ebitda": -9157343, "ebitdaratio": 0, "operatingIncome": -9162618, "operatingIncomeRatio": 0, "totalOtherIncomeExpensesNet": 0, "incomeBeforeTax": 0, "incomeBeforeTaxRatio": 0, "incomeTaxExpense": -6828996, "netIncome": -2333622, "netIncomeRatio": 0, "eps": -2.24, "epsdiluted": -2.24, "weightedAverageShsOut": 1042971, "weightedAverageShsOutDil": 1042971, "link": "", "finalLink": "", "calculatedOtherExpenses": 0, "calculatedOperatingExpenses": 9162618, "calculatedNetInterest": 11312, "calculatedOtherIncome": 9151306, "calculatedIncomeNonControlling": 9162618, "calculatedEbitda": -9157343}]}