{"originalCurrency": "USD", "convertedCurrency": "USD", "report": [{"date": "2023-12-31", "symbol": "GS", "reportedCurrency": "USD", "cik": "0000886982", "fillingDate": "2024-02-23", "acceptedDate": "2024-02-22 20:39:25", "calendarYear": "2023", "period": "FY", "revenue": 46254000000, "costOfRevenue": 16552000000, "grossProfit": 29702000000, "grossProfitRatio": 0.6421498681, "researchAndDevelopmentExpenses": 0, "generalAndAdministrativeExpenses": 15499000000, "sellingAndMarketingExpenses": 629000000, "sellingGeneralAndAdministrativeExpenses": 16128000000, "otherExpenses": -13079000000, "operatingExpenses": 13079000000, "costAndExpenses": 97679000000, "interestIncome": 68515000000, "interestExpense": 62164000000, "depreciationAndAmortization": 4856000000, "ebitda": -1734000000, "ebitdaratio": -0.0374886496, "operatingIncome": 11864000000, "operatingIncomeRatio": 0.2564967354, "totalOtherIncomeExpensesNet": 10739000000, "incomeBeforeTax": 10739000000, "incomeBeforeTaxRatio": 0.2321745146, "incomeTaxExpense": 2223000000, "netIncome": 8516000000, "netIncomeRatio": 0.1841138064, "eps": 23.2, "epsdiluted": 22.87, "weightedAverageShsOut": 340800000, "weightedAverageShsOutDil": 345800000, "link": "https://www.sec.gov/Archives/edgar/data/886982/000088698224000006/0000886982-24-000006-index.htm", "finalLink": "https://www.sec.gov/Archives/edgar/data/886982/000088698224000006/gs-20231231.htm", "calculatedOtherExpenses": 1710000000, "calculatedOperatingExpenses": 17838000000, "calculatedNetInterest": 6351000000, "calculatedOtherIncome": -7476000000, "calculatedIncomeNonControlling": 0, "calculatedEbitda": 16720000000}, {"date": "2022-12-31", "symbol": "GS", "reportedCurrency": "USD", "cik": "0000886982", "fillingDate": "2023-02-24", "acceptedDate": "2023-02-23 19:58:16", "calendarYear": "2022", "period": "FY", "revenue": 47365000000, "costOfRevenue": 16174000000, "grossProfit": 31191000000, "grossProfitRatio": 0.6585242267, "researchAndDevelopmentExpenses": 0, "generalAndAdministrativeExpenses": 15148000000, "sellingAndMarketingExpenses": 812000000, "sellingGeneralAndAdministrativeExpenses": 15960000000, "otherExpenses": 13103000000, "operatingExpenses": 31164000000, "costAndExpenses": 31164000000, "interestIncome": 29024000000, "interestExpense": 21346000000, "depreciationAndAmortization": 2455000000, "ebitda": 37287000000, "ebitdaratio": 0.7872268553, "operatingIncome": 34832000000, "operatingIncomeRatio": 0.7353953341, "totalOtherIncomeExpensesNet": -21346000000, "incomeBeforeTax": 13486000000, "incomeBeforeTaxRatio": 0.2847250079, "incomeTaxExpense": 2225000000, "netIncome": 11261000000, "netIncomeRatio": 0.237749393, "eps": 30.57, "epsdiluted": 30.06, "weightedAverageShsOut": 352100000, "weightedAverageShsOutDil": 358100000, "link": "https://www.sec.gov/Archives/edgar/data/886982/000088698223000003/0000886982-23-000003-index.htm", "finalLink": "https://www.sec.gov/Archives/edgar/data/886982/000088698223000003/gs-20221231.htm", "calculatedOtherExpenses": -19601000000, "calculatedOperatingExpenses": -3641000000, "calculatedNetInterest": 7678000000, "calculatedOtherIncome": -29024000000, "calculatedIncomeNonControlling": 0, "calculatedEbitda": 37287000000}, {"date": "2021-12-31", "symbol": "GS", "reportedCurrency": "USD", "cik": "0000886982", "fillingDate": "2022-02-25", "acceptedDate": "2022-02-24 21:09:11", "calendarYear": "2021", "period": "FY", "revenue": 59339000000, "costOfRevenue": 18700000000, "grossProfit": 40639000000, "grossProfitRatio": 0.6848615582, "researchAndDevelopmentExpenses": 0, "generalAndAdministrativeExpenses": 17719000000, "sellingAndMarketingExpenses": 553000000, "sellingGeneralAndAdministrativeExpenses": 18272000000, "otherExpenses": -50567000000, "operatingExpenses": -32295000000, "costAndExpenses": -32295000000, "interestIncome": 12120000000, "interestExpense": 5650000000, "depreciationAndAmortization": 2015000000, "ebitda": 29059000000, "ebitdaratio": 0.4897116568, "operatingIncome": 27044000000, "operatingIncomeRatio": 0.4557542257, "totalOtherIncomeExpensesNet": 704000000, "incomeBeforeTax": 27044000000, "incomeBeforeTaxRatio": 0.4557542257, "incomeTaxExpense": 5409000000, "netIncome": 21635000000, "netIncomeRatio": 0.3646000101, "eps": 60.35, "epsdiluted": 59.45, "weightedAverageShsOut": 350500000, "weightedAverageShsOutDil": 355800000, "link": "https://www.sec.gov/Archives/edgar/data/886982/000119312522052682/0001193125-22-052682-index.htm", "finalLink": "https://www.sec.gov/Archives/edgar/data/886982/000119312522052682/d192225d10k.htm", "calculatedOtherExpenses": -4677000000, "calculatedOperatingExpenses": 13595000000, "calculatedNetInterest": 6470000000, "calculatedOtherIncome": -6470000000, "calculatedIncomeNonControlling": 0, "calculatedEbitda": 29059000000}, {"date": "2020-12-31", "symbol": "GS", "reportedCurrency": "USD", "cik": "0000886982", "fillingDate": "2021-02-22", "acceptedDate": "2021-02-19 21:16:45", "calendarYear": "2020", "period": "FY", "revenue": 40419000000, "costOfRevenue": 14269000000, "grossProfit": 26150000000, "grossProfitRatio": 0.6469729583, "researchAndDevelopmentExpenses": 0, "generalAndAdministrativeExpenses": 13309000000, "sellingAndMarketingExpenses": 401000000, "sellingGeneralAndAdministrativeExpenses": 13710000000, "otherExpenses": -41650000000, "operatingExpenses": -27940000000, "costAndExpenses": -27940000000, "interestIncome": 13689000000, "interestExpense": 8938000000, "depreciationAndAmortization": 1902000000, "ebitda": 14381000000, "ebitdaratio": 0.3557980158, "operatingIncome": 12479000000, "operatingIncomeRatio": 0.3087409387, "totalOtherIncomeExpensesNet": -1367000000, "incomeBeforeTax": 12479000000, "incomeBeforeTaxRatio": 0.3087409387, "incomeTaxExpense": 3020000000, "netIncome": 9459000000, "netIncomeRatio": 0.2340236028, "eps": 25.01, "epsdiluted": 24.74, "weightedAverageShsOut": 356400000, "weightedAverageShsOutDil": 360300000, "link": "https://www.sec.gov/Archives/edgar/data/886982/000119312521049380/0001193125-21-049380-index.htm", "finalLink": "https://www.sec.gov/Archives/edgar/data/886982/000119312521049380/d39654d10k.htm", "calculatedOtherExpenses": -39000000, "calculatedOperatingExpenses": 13671000000, "calculatedNetInterest": 4751000000, "calculatedOtherIncome": -4751000000, "calculatedIncomeNonControlling": 0, "calculatedEbitda": 14381000000}, {"date": "2019-12-31", "symbol": "GS", "reportedCurrency": "USD", "cik": "0000886982", "fillingDate": "2020-02-21", "acceptedDate": "2020-02-20 21:09:56", "calendarYear": "2019", "period": "FY", "revenue": 33294000000, "costOfRevenue": 13382000000, "grossProfit": 19912000000, "grossProfitRatio": 0.5980657175, "researchAndDevelopmentExpenses": 0, "generalAndAdministrativeExpenses": 12353000000, "sellingAndMarketingExpenses": 739000000, "sellingGeneralAndAdministrativeExpenses": 13092000000, "otherExpenses": -35803000000, "operatingExpenses": -22711000000, "costAndExpenses": -22711000000, "interestIncome": 21738000000, "interestExpense": 17376000000, "depreciationAndAmortization": 1704000000, "ebitda": 12287000000, "ebitdaratio": 0.3690454737, "operatingIncome": 10583000000, "operatingIncomeRatio": 0.3178650808, "totalOtherIncomeExpensesNet": 14562000000, "incomeBeforeTax": 10583000000, "incomeBeforeTaxRatio": 0.3178650808, "incomeTaxExpense": 2117000000, "netIncome": 8466000000, "netIncomeRatio": 0.2542800505, "eps": 21.25, "epsdiluted": 21.03, "weightedAverageShsOut": 371600000, "weightedAverageShsOutDil": 375500000, "link": "https://www.sec.gov/Archives/edgar/data/886982/000119312520043853/0001193125-20-043853-index.html", "finalLink": "https://www.sec.gov/Archives/edgar/data/886982/000119312520043853/d826673d10k.htm", "calculatedOtherExpenses": -3763000000, "calculatedOperatingExpenses": 9329000000, "calculatedNetInterest": 4362000000, "calculatedOtherIncome": -4362000000, "calculatedIncomeNonControlling": 0, "calculatedEbitda": 12287000000}, {"date": "2018-12-31", "symbol": "GS", "reportedCurrency": "USD", "cik": "0000886982", "fillingDate": "2019-02-26", "acceptedDate": "2019-02-25 19:51:24", "calendarYear": "2018", "period": "FY", "revenue": 33416000000, "costOfRevenue": 13137000000, "grossProfit": 20279000000, "grossProfitRatio": 0.6068649749, "researchAndDevelopmentExpenses": 0, "generalAndAdministrativeExpenses": 12328000000, "sellingAndMarketingExpenses": 740000000, "sellingGeneralAndAdministrativeExpenses": 13068000000, "otherExpenses": -18091000000, "operatingExpenses": -5023000000, "costAndExpenses": -5023000000, "interestIncome": 19679000000, "interestExpense": 15912000000, "depreciationAndAmortization": 1328000000, "ebitda": 29721000000, "ebitdaratio": 0.8894242279, "operatingIncome": 28393000000, "operatingIncomeRatio": 0.8496827867, "totalOtherIncomeExpensesNet": -15912000000, "incomeBeforeTax": 12481000000, "incomeBeforeTaxRatio": 0.3735037108, "incomeTaxExpense": 2022000000, "netIncome": 10459000000, "netIncomeRatio": 0.3129937754, "eps": 27.14, "epsdiluted": 26.8, "weightedAverageShsOut": 385399996, "weightedAverageShsOutDil": 390199996, "link": "https://www.sec.gov/Archives/edgar/data/886982/000119312519050198/0001193125-19-050198-index.html", "finalLink": "https://www.sec.gov/Archives/edgar/data/886982/000119312519050198/d669877d10k.htm", "calculatedOtherExpenses": -21182000000, "calculatedOperatingExpenses": -8114000000, "calculatedNetInterest": 3767000000, "calculatedOtherIncome": -19679000000, "calculatedIncomeNonControlling": 0, "calculatedEbitda": 29721000000}, {"date": "2017-12-31", "symbol": "GS", "reportedCurrency": "USD", "cik": "0000886982", "fillingDate": "2018-02-26", "acceptedDate": "2018-02-23 20:16:10", "calendarYear": "2017", "period": "FY", "revenue": 29740000000, "costOfRevenue": 0, "grossProfit": 29740000000, "grossProfitRatio": 1, "researchAndDevelopmentExpenses": 0, "generalAndAdministrativeExpenses": 11653000000, "sellingAndMarketingExpenses": 588000000, "sellingGeneralAndAdministrativeExpenses": 12241000000, "otherExpenses": -30849000000, "operatingExpenses": -18608000000, "costAndExpenses": -18608000000, "interestIncome": 13113000000, "interestExpense": 10181000000, "depreciationAndAmortization": 1152000000, "ebitda": 12284000000, "ebitdaratio": 0.4130464022, "operatingIncome": 11132000000, "operatingIncomeRatio": 0.3743106927, "totalOtherIncomeExpensesNet": 0, "incomeBeforeTax": 11132000000, "incomeBeforeTaxRatio": 0.3743106927, "incomeTaxExpense": 6846000000, "netIncome": 4286000000, "netIncomeRatio": 0.1441156691, "eps": 10.48, "epsdiluted": 10.48, "weightedAverageShsOut": 401599995, "weightedAverageShsOutDil": 409099995, "link": "https://www.sec.gov/Archives/edgar/data/886982/000119312518056383/0001193125-18-056383-index.html", "finalLink": "https://www.sec.gov/Archives/edgar/data/886982/000119312518056383/d480167d10k.htm", "calculatedOtherExpenses": 6367000000, "calculatedOperatingExpenses": 18608000000, "calculatedNetInterest": 2932000000, "calculatedOtherIncome": -2932000000, "calculatedIncomeNonControlling": 0, "calculatedEbitda": 12284000000}, {"date": "2016-12-31", "symbol": "GS", "reportedCurrency": "USD", "cik": "0000886982", "fillingDate": "2017-02-27", "acceptedDate": "2017-02-24 19:08:26", "calendarYear": "2016", "period": "FY", "revenue": 27967000000, "costOfRevenue": 0, "grossProfit": 27967000000, "grossProfitRatio": 1, "researchAndDevelopmentExpenses": 0, "generalAndAdministrativeExpenses": 11448000000, "sellingAndMarketingExpenses": 457000000, "sellingGeneralAndAdministrativeExpenses": 11905000000, "otherExpenses": -29568000000, "operatingExpenses": -17663000000, "costAndExpenses": -17663000000, "interestIncome": 9691000000, "interestExpense": 7104000000, "depreciationAndAmortization": 998000000, "ebitda": 11302000000, "ebitdaratio": 0.4041191404, "operatingIncome": 10304000000, "operatingIncomeRatio": 0.3684342261, "totalOtherIncomeExpensesNet": 0, "incomeBeforeTax": 10304000000, "incomeBeforeTaxRatio": 0.3684342261, "incomeTaxExpense": 2906000000, "netIncome": 7398000000, "netIncomeRatio": 0.2645260486, "eps": 17, "epsdiluted": 17, "weightedAverageShsOut": 427399995, "weightedAverageShsOutDil": 435099995, "link": "https://www.sec.gov/Archives/edgar/data/886982/000119312517056804/0001193125-17-056804-index.html", "finalLink": "https://www.sec.gov/Archives/edgar/data/886982/000119312517056804/d308759d10k.htm", "calculatedOtherExpenses": 5758000000, "calculatedOperatingExpenses": 17663000000, "calculatedNetInterest": 2587000000, "calculatedOtherIncome": -2587000000, "calculatedIncomeNonControlling": 0, "calculatedEbitda": 11302000000}, {"date": "2015-12-31", "symbol": "GS", "reportedCurrency": "USD", "cik": "0000886982", "fillingDate": "2016-02-22", "acceptedDate": "2016-02-19 19:11:09", "calendarYear": "2015", "period": "FY", "revenue": 31210000000, "costOfRevenue": 0, "grossProfit": 31210000000, "grossProfitRatio": 1, "researchAndDevelopmentExpenses": 0, "generalAndAdministrativeExpenses": 12678000000, "sellingAndMarketingExpenses": 557000000, "sellingGeneralAndAdministrativeExpenses": 13235000000, "otherExpenses": -35667000000, "operatingExpenses": -22432000000, "costAndExpenses": -22432000000, "interestIncome": 8452000000, "interestExpense": 5388000000, "depreciationAndAmortization": 991000000, "ebitda": 9769000000, "ebitdaratio": 0.3130086511, "operatingIncome": 8778000000, "operatingIncomeRatio": 0.2812560077, "totalOtherIncomeExpensesNet": 0, "incomeBeforeTax": 8778000000, "incomeBeforeTaxRatio": 0.2812560077, "incomeTaxExpense": 2695000000, "netIncome": 6083000000, "netIncomeRatio": 0.194905479, "eps": 13.26, "epsdiluted": 13.26, "weightedAverageShsOut": 448899995, "weightedAverageShsOutDil": 458599995, "link": "https://www.sec.gov/Archives/edgar/data/886982/000119312516470289/0001193125-16-470289-index.htm", "finalLink": "https://www.sec.gov/Archives/edgar/data/886982/000119312516470289/d107036d10k.htm", "calculatedOtherExpenses": 9197000000, "calculatedOperatingExpenses": 22432000000, "calculatedNetInterest": 3064000000, "calculatedOtherIncome": -3064000000, "calculatedIncomeNonControlling": 0, "calculatedEbitda": 9769000000}, {"date": "2014-12-31", "symbol": "GS", "reportedCurrency": "USD", "cik": "0000886982", "fillingDate": "2014-12-31", "acceptedDate": "2014-12-30 19:00:00", "calendarYear": "2014", "period": "FY", "revenue": 32027000000, "costOfRevenue": 0, "grossProfit": 32027000000, "grossProfitRatio": 1, "researchAndDevelopmentExpenses": 0, "generalAndAdministrativeExpenses": 12691000000, "sellingAndMarketingExpenses": 549000000, "sellingGeneralAndAdministrativeExpenses": 13240000000, "otherExpenses": -32910000000, "operatingExpenses": -19670000000, "costAndExpenses": -19670000000, "interestIncome": 9604000000, "interestExpense": 5557000000, "depreciationAndAmortization": 1337000000, "ebitda": 13694000000, "ebitdaratio": 0.4275767321, "operatingIncome": 12357000000, "operatingIncomeRatio": 0.3858307053, "totalOtherIncomeExpensesNet": 0, "incomeBeforeTax": 12357000000, "incomeBeforeTaxRatio": 0.3858307053, "incomeTaxExpense": 3880000000, "netIncome": 8477000000, "netIncomeRatio": 0.2646829238, "eps": 17.91, "epsdiluted": 17.91, "weightedAverageShsOut": 458899995, "weightedAverageShsOutDil": 473199995, "link": null, "finalLink": null, "calculatedOtherExpenses": 6430000000, "calculatedOperatingExpenses": 19670000000, "calculatedNetInterest": 4047000000, "calculatedOtherIncome": -4047000000, "calculatedIncomeNonControlling": 0, "calculatedEbitda": 13694000000}, {"date": "2013-12-31", "symbol": "GS", "reportedCurrency": "USD", "cik": "0000886982", "fillingDate": "2013-12-31", "acceptedDate": "2013-12-30 19:00:00", "calendarYear": "2013", "period": "FY", "revenue": 31865000000, "costOfRevenue": 0, "grossProfit": 31865000000, "grossProfitRatio": 1, "researchAndDevelopmentExpenses": 0, "generalAndAdministrativeExpenses": 12789000000, "sellingAndMarketingExpenses": 541000000, "sellingGeneralAndAdministrativeExpenses": 13330000000, "otherExpenses": -33458000000, "operatingExpenses": -20128000000, "costAndExpenses": -20128000000, "interestIncome": 10060000000, "interestExpense": 6668000000, "depreciationAndAmortization": 1322000000, "ebitda": 13059000000, "ebitdaratio": 0.4098226895, "operatingIncome": 11737000000, "operatingIncomeRatio": 0.368335164, "totalOtherIncomeExpensesNet": 0, "incomeBeforeTax": 11737000000, "incomeBeforeTaxRatio": 0.368335164, "incomeTaxExpense": 3697000000, "netIncome": 8040000000, "netIncomeRatio": 0.2523144516, "eps": 16.09, "epsdiluted": 16.09, "weightedAverageShsOut": 498048061, "weightedAverageShsOutDil": 499599995, "link": null, "finalLink": null, "calculatedOtherExpenses": 6798000000, "calculatedOperatingExpenses": 20128000000, "calculatedNetInterest": 3392000000, "calculatedOtherIncome": -3392000000, "calculatedIncomeNonControlling": 0, "calculatedEbitda": 13059000000}, {"date": "2012-12-31", "symbol": "GS", "reportedCurrency": "USD", "cik": "0000886982", "fillingDate": "2013-03-01", "acceptedDate": "2013-02-28 21:27:42", "calendarYear": "2012", "period": "FY", "revenue": 31955000000, "costOfRevenue": 0, "grossProfit": 31955000000, "grossProfitRatio": 1, "researchAndDevelopmentExpenses": 0, "generalAndAdministrativeExpenses": 13542000000, "sellingAndMarketingExpenses": 509000000, "sellingGeneralAndAdministrativeExpenses": 14051000000, "otherExpenses": -34799000000, "operatingExpenses": -20748000000, "costAndExpenses": -20748000000, "interestIncome": 11381000000, "interestExpense": 7501000000, "depreciationAndAmortization": 1738000000, "ebitda": 12945000000, "ebitdaratio": 0.4051009232, "operatingIncome": 11207000000, "operatingIncomeRatio": 0.3507119387, "totalOtherIncomeExpensesNet": 0, "incomeBeforeTax": 11207000000, "incomeBeforeTaxRatio": 0.3507119387, "incomeTaxExpense": 3732000000, "netIncome": 7475000000, "netIncomeRatio": 0.2339227038, "eps": 14.48, "epsdiluted": 14.48, "weightedAverageShsOut": 496199995, "weightedAverageShsOutDil": 516099994, "link": "https://www.sec.gov/Archives/edgar/data/886982/000119312513085474/0001193125-13-085474-index.html", "finalLink": "https://www.sec.gov/Archives/edgar/data/886982/000119312513085474/d446679d10k.htm", "calculatedOtherExpenses": 6697000000, "calculatedOperatingExpenses": 20748000000, "calculatedNetInterest": 3880000000, "calculatedOtherIncome": -3880000000, "calculatedIncomeNonControlling": 0, "calculatedEbitda": 12945000000}, {"date": "2011-12-31", "symbol": "GS", "reportedCurrency": "USD", "cik": "0000886982", "fillingDate": "2012-02-28", "acceptedDate": "2012-02-28 17:22:17", "calendarYear": "2011", "period": "FY", "revenue": 26348000000, "costOfRevenue": 0, "grossProfit": 26348000000, "grossProfitRatio": 1, "researchAndDevelopmentExpenses": 0, "generalAndAdministrativeExpenses": 12752000000, "sellingAndMarketingExpenses": 640000000, "sellingGeneralAndAdministrativeExpenses": 13392000000, "otherExpenses": -33571000000, "operatingExpenses": -20179000000, "costAndExpenses": -20179000000, "interestIncome": 13174000000, "interestExpense": 7982000000, "depreciationAndAmortization": 1869000000, "ebitda": 8038000000, "ebitdaratio": 0.3050705936, "operatingIncome": 6169000000, "operatingIncomeRatio": 0.2341354182, "totalOtherIncomeExpensesNet": 0, "incomeBeforeTax": 6169000000, "incomeBeforeTaxRatio": 0.2341354182, "incomeTaxExpense": 1727000000, "netIncome": 4442000000, "netIncomeRatio": 0.1685896463, "eps": 7.98, "epsdiluted": 7.98, "weightedAverageShsOut": 556899994, "weightedAverageShsOutDil": 556899994, "link": "https://www.sec.gov/Archives/edgar/data/886982/000119312512085822/0001193125-12-085822-index.html", "finalLink": "https://www.sec.gov/Archives/edgar/data/886982/000119312512085822/d276319d10k.htm", "calculatedOtherExpenses": 6787000000, "calculatedOperatingExpenses": 20179000000, "calculatedNetInterest": 5192000000, "calculatedOtherIncome": -5192000000, "calculatedIncomeNonControlling": 0, "calculatedEbitda": 8038000000}, {"date": "2010-12-31", "symbol": "GS", "reportedCurrency": "USD", "cik": "0000886982", "fillingDate": "2010-12-31", "acceptedDate": "2010-12-30 19:00:00", "calendarYear": "2010", "period": "FY", "revenue": 36880000000, "costOfRevenue": 0, "grossProfit": 36880000000, "grossProfitRatio": 1, "researchAndDevelopmentExpenses": 0, "generalAndAdministrativeExpenses": 15774000000, "sellingAndMarketingExpenses": 530000000, "sellingGeneralAndAdministrativeExpenses": 16304000000, "otherExpenses": -40292000000, "operatingExpenses": -23988000000, "costAndExpenses": -23988000000, "interestIncome": 12309000000, "interestExpense": 6806000000, "depreciationAndAmortization": 1904000000, "ebitda": 14796000000, "ebitdaratio": 0.4011930586, "operatingIncome": 12892000000, "operatingIncomeRatio": 0.3495661605, "totalOtherIncomeExpensesNet": 0, "incomeBeforeTax": 12892000000, "incomeBeforeTaxRatio": 0.3495661605, "incomeTaxExpense": 4538000000, "netIncome": 8354000000, "netIncomeRatio": 0.2265184382, "eps": 14.27, "epsdiluted": 14.27, "weightedAverageShsOut": 585299994, "weightedAverageShsOutDil": 585299994, "link": null, "finalLink": null, "calculatedOtherExpenses": 7684000000, "calculatedOperatingExpenses": 23988000000, "calculatedNetInterest": 5503000000, "calculatedOtherIncome": -5503000000, "calculatedIncomeNonControlling": 0, "calculatedEbitda": 14796000000}, {"date": "2009-12-31", "symbol": "GS", "reportedCurrency": "USD", "cik": "0000886982", "fillingDate": "2009-12-31", "acceptedDate": "2009-12-30 19:00:00", "calendarYear": "2009", "period": "FY", "revenue": 42875000000, "costOfRevenue": 0, "grossProfit": 42875000000, "grossProfitRatio": 1, "researchAndDevelopmentExpenses": 0, "generalAndAdministrativeExpenses": 16193000000, "sellingAndMarketingExpenses": 342000000, "sellingGeneralAndAdministrativeExpenses": 16535000000, "otherExpenses": -39581000000, "operatingExpenses": -23046000000, "costAndExpenses": -23046000000, "interestIncome": 13907000000, "interestExpense": 6500000000, "depreciationAndAmortization": 1943000000, "ebitda": 21772000000, "ebitdaratio": 0.5078017493, "operatingIncome": 19829000000, "operatingIncomeRatio": 0.462483965, "totalOtherIncomeExpensesNet": 0, "incomeBeforeTax": 19829000000, "incomeBeforeTaxRatio": 0.462483965, "incomeTaxExpense": 6444000000, "netIncome": 13385000000, "netIncomeRatio": 0.3121865889, "eps": 24.3, "epsdiluted": 24.3, "weightedAverageShsOut": 550899994, "weightedAverageShsOutDil": 550899994, "link": null, "finalLink": null, "calculatedOtherExpenses": 6511000000, "calculatedOperatingExpenses": 23046000000, "calculatedNetInterest": 7407000000, "calculatedOtherIncome": -7407000000, "calculatedIncomeNonControlling": 0, "calculatedEbitda": 21772000000}, {"date": "2008-11-28", "symbol": "GS", "reportedCurrency": "USD", "cik": "0000886982", "fillingDate": "2009-01-27", "acceptedDate": "2009-01-27 06:03:28", "calendarYear": "2008", "period": "FY", "revenue": 19224000000, "costOfRevenue": 0, "grossProfit": 19224000000, "grossProfitRatio": 1, "researchAndDevelopmentExpenses": 0, "generalAndAdministrativeExpenses": 10659000000, "sellingAndMarketingExpenses": 485000000, "sellingGeneralAndAdministrativeExpenses": 11144000000, "otherExpenses": -28032000000, "operatingExpenses": -16888000000, "costAndExpenses": -16888000000, "interestIncome": 35633000000, "interestExpense": 31357000000, "depreciationAndAmortization": 1625000000, "ebitda": 3961000000, "ebitdaratio": 0.2060445277, "operatingIncome": 2336000000, "operatingIncomeRatio": 0.1215147732, "totalOtherIncomeExpensesNet": 0, "incomeBeforeTax": 2336000000, "incomeBeforeTaxRatio": 0.1215147732, "incomeTaxExpense": 14000000, "netIncome": 2322000000, "netIncomeRatio": 0.1207865169, "eps": 5.09, "epsdiluted": 5.09, "weightedAverageShsOut": 436999995, "weightedAverageShsOutDil": 456199995, "link": "https://www.sec.gov/Archives/edgar/data/886982/000095012309001278/0000950123-09-001278-index.htm", "finalLink": "https://www.sec.gov/Archives/edgar/data/886982/000095012309001278/y74032e10vk.htm", "calculatedOtherExpenses": 5744000000, "calculatedOperatingExpenses": 16888000000, "calculatedNetInterest": 4276000000, "calculatedOtherIncome": -4276000000, "calculatedIncomeNonControlling": 0, "calculatedEbitda": 3961000000}, {"date": "2007-11-30", "symbol": "GS", "reportedCurrency": "USD", "cik": "0000886982", "fillingDate": "2007-11-30", "acceptedDate": "2007-11-29 19:00:00", "calendarYear": "2007", "period": "FY", "revenue": 43229000000, "costOfRevenue": 0, "grossProfit": 43229000000, "grossProfitRatio": 1, "researchAndDevelopmentExpenses": 0, "generalAndAdministrativeExpenses": 20190000000, "sellingAndMarketingExpenses": 601000000, "sellingGeneralAndAdministrativeExpenses": 20791000000, "otherExpenses": -46416000000, "operatingExpenses": -25625000000, "costAndExpenses": -25625000000, "interestIncome": 45968000000, "interestExpense": 41981000000, "depreciationAndAmortization": 1167000000, "ebitda": 18771000000, "ebitdaratio": 0.434222397, "operatingIncome": 17604000000, "operatingIncomeRatio": 0.4072266303, "totalOtherIncomeExpensesNet": 0, "incomeBeforeTax": 17604000000, "incomeBeforeTaxRatio": 0.4072266303, "incomeTaxExpense": 6005000000, "netIncome": 11599000000, "netIncomeRatio": 0.2683152513, "eps": 25.15, "epsdiluted": 25.15, "weightedAverageShsOut": 461199995, "weightedAverageShsOutDil": 461199995, "link": null, "finalLink": null, "calculatedOtherExpenses": 4834000000, "calculatedOperatingExpenses": 25625000000, "calculatedNetInterest": 3987000000, "calculatedOtherIncome": -3987000000, "calculatedIncomeNonControlling": 0, "calculatedEbitda": 18771000000}, {"date": "2006-11-24", "symbol": "GS", "reportedCurrency": "USD", "cik": "0000886982", "fillingDate": "2007-02-06", "acceptedDate": "2007-02-06 06:06:14", "calendarYear": "2006", "period": "FY", "revenue": 35680000000, "costOfRevenue": 0, "grossProfit": 35680000000, "grossProfitRatio": 1, "researchAndDevelopmentExpenses": 0, "generalAndAdministrativeExpenses": 16457000000, "sellingAndMarketingExpenses": 492000000, "sellingGeneralAndAdministrativeExpenses": 16949000000, "otherExpenses": -38069000000, "operatingExpenses": -21120000000, "costAndExpenses": -21120000000, "interestIncome": 35186000000, "interestExpense": 31688000000, "depreciationAndAmortization": 995000000, "ebitda": 15555000000, "ebitdaratio": 0.4359585202, "operatingIncome": 14560000000, "operatingIncomeRatio": 0.4080717489, "totalOtherIncomeExpensesNet": 0, "incomeBeforeTax": 14560000000, "incomeBeforeTaxRatio": 0.4080717489, "incomeTaxExpense": 5023000000, "netIncome": 9537000000, "netIncomeRatio": 0.2672926009, "eps": 19.98, "epsdiluted": 19.98, "weightedAverageShsOut": 477399995, "weightedAverageShsOutDil": 477399995, "link": "https://www.sec.gov/Archives/edgar/data/886982/000095012307001332/0000950123-07-001332-index.htm", "finalLink": "https://www.sec.gov/Archives/edgar/data/886982/000095012307001332/y29219e10vk.htm", "calculatedOtherExpenses": 4171000000, "calculatedOperatingExpenses": 21120000000, "calculatedNetInterest": 3498000000, "calculatedOtherIncome": -3498000000, "calculatedIncomeNonControlling": 0, "calculatedEbitda": 15555000000}, {"date": "2005-11-25", "symbol": "GS", "reportedCurrency": "USD", "cik": "0000886982", "fillingDate": "2006-02-07", "acceptedDate": "2006-02-07 08:19:42", "calendarYear": "2005", "period": "FY", "revenue": 23822000000, "costOfRevenue": 0, "grossProfit": 23822000000, "grossProfitRatio": 1, "researchAndDevelopmentExpenses": 0, "generalAndAdministrativeExpenses": 11758000000, "sellingAndMarketingExpenses": 378000000, "sellingGeneralAndAdministrativeExpenses": 12136000000, "otherExpenses": -27685000000, "operatingExpenses": -15549000000, "costAndExpenses": -15549000000, "interestIncome": 21250000000, "interestExpense": 18153000000, "depreciationAndAmortization": 854000000, "ebitda": 9127000000, "ebitdaratio": 0.3831332382, "operatingIncome": 8273000000, "operatingIncomeRatio": 0.3472840232, "totalOtherIncomeExpensesNet": 0, "incomeBeforeTax": 8273000000, "incomeBeforeTaxRatio": 0.3472840232, "incomeTaxExpense": 2647000000, "netIncome": 5626000000, "netIncomeRatio": 0.2361682478, "eps": 11.25, "epsdiluted": 11.25, "weightedAverageShsOut": 478099995, "weightedAverageShsOutDil": 500199994, "link": "https://www.sec.gov/Archives/edgar/data/886982/000095012306001208/0000950123-06-001208-index.htm", "finalLink": "https://www.sec.gov/Archives/edgar/data/886982/000095012306001208/y16720e10vk.htm", "calculatedOtherExpenses": 3413000000, "calculatedOperatingExpenses": 15549000000, "calculatedNetInterest": 3097000000, "calculatedOtherIncome": -3097000000, "calculatedIncomeNonControlling": 0, "calculatedEbitda": 9127000000}, {"date": "2004-11-26", "symbol": "GS", "reportedCurrency": "USD", "cik": "0000886982", "fillingDate": "2005-02-08", "acceptedDate": "2005-02-07 21:16:42", "calendarYear": "2004", "period": "FY", "revenue": 19779000000, "costOfRevenue": 0, "grossProfit": 19779000000, "grossProfitRatio": 1, "researchAndDevelopmentExpenses": 0, "generalAndAdministrativeExpenses": 9681000000, "sellingAndMarketingExpenses": 374000000, "sellingGeneralAndAdministrativeExpenses": 10055000000, "otherExpenses": -23158000000, "operatingExpenses": -13103000000, "costAndExpenses": -13103000000, "interestIncome": 11914000000, "interestExpense": 8888000000, "depreciationAndAmortization": 845000000, "ebitda": 7521000000, "ebitdaratio": 0.3802517822, "operatingIncome": 6676000000, "operatingIncomeRatio": 0.3375297032, "totalOtherIncomeExpensesNet": 0, "incomeBeforeTax": 6676000000, "incomeBeforeTaxRatio": 0.3375297032, "incomeTaxExpense": 2123000000, "netIncome": 4553000000, "netIncomeRatio": 0.2301936397, "eps": 8.92, "epsdiluted": 8.92, "weightedAverageShsOut": 489499995, "weightedAverageShsOutDil": 510499994, "link": "https://www.sec.gov/Archives/edgar/data/886982/000095012305001271/0000950123-05-001271-index.htm", "finalLink": "https://www.sec.gov/Archives/edgar/data/886982/000095012305001271/e05053e10vk.htm", "calculatedOtherExpenses": 3048000000, "calculatedOperatingExpenses": 13103000000, "calculatedNetInterest": 3026000000, "calculatedOtherIncome": -3026000000, "calculatedIncomeNonControlling": 0, "calculatedEbitda": 7521000000}, {"date": "2003-11-28", "symbol": "GS", "reportedCurrency": "USD", "cik": "0000886982", "fillingDate": "2004-02-24", "acceptedDate": "2004-02-24 09:05:23", "calendarYear": "2003", "period": "FY", "revenue": 16023000000, "costOfRevenue": 0, "grossProfit": 16023000000, "grossProfitRatio": 1, "researchAndDevelopmentExpenses": 0, "generalAndAdministrativeExpenses": 7393000000, "sellingAndMarketingExpenses": 264000000, "sellingGeneralAndAdministrativeExpenses": 7657000000, "otherExpenses": -19235000000, "operatingExpenses": -11578000000, "costAndExpenses": -11578000000, "interestIncome": 10751000000, "interestExpense": 7600000000, "depreciationAndAmortization": 1145000000, "ebitda": 5590000000, "ebitdaratio": 0.3488734944, "operatingIncome": 4445000000, "operatingIncomeRatio": 0.2774137178, "totalOtherIncomeExpensesNet": 0, "incomeBeforeTax": 4445000000, "incomeBeforeTaxRatio": 0.2774137178, "incomeTaxExpense": 1440000000, "netIncome": 3005000000, "netIncomeRatio": 0.1875429071, "eps": 5.87, "epsdiluted": 5.87, "weightedAverageShsOut": 488399995, "weightedAverageShsOutDil": 511899994, "link": "https://www.sec.gov/Archives/edgar/data/886982/000095012304002239/0000950123-04-002239-index.htm", "finalLink": "https://www.sec.gov/Archives/edgar/data/886982/000095012304002239/y94357e10vk.htm", "calculatedOtherExpenses": 3921000000, "calculatedOperatingExpenses": 11578000000, "calculatedNetInterest": 3151000000, "calculatedOtherIncome": -3151000000, "calculatedIncomeNonControlling": 0, "calculatedEbitda": 5590000000}, {"date": "2002-11-29", "symbol": "GS", "reportedCurrency": "USD", "cik": "0000886982", "fillingDate": "2003-02-27", "acceptedDate": "2003-02-27 09:00:44", "calendarYear": "2002", "period": "FY", "revenue": 13986000000, "costOfRevenue": 0, "grossProfit": 13986000000, "grossProfitRatio": 1, "researchAndDevelopmentExpenses": 0, "generalAndAdministrativeExpenses": 6744000000, "sellingAndMarketingExpenses": 306000000, "sellingGeneralAndAdministrativeExpenses": 7050000000, "otherExpenses": -17783000000, "operatingExpenses": -10733000000, "costAndExpenses": -10733000000, "interestIncome": 11269000000, "interestExpense": 8868000000, "depreciationAndAmortization": 744000000, "ebitda": 3997000000, "ebitdaratio": 0.2857857858, "operatingIncome": 3253000000, "operatingIncomeRatio": 0.2325897326, "totalOtherIncomeExpensesNet": 0, "incomeBeforeTax": 3253000000, "incomeBeforeTaxRatio": 0.2325897326, "incomeTaxExpense": 1139000000, "netIncome": 2114000000, "netIncomeRatio": 0.1511511512, "eps": 4.03, "epsdiluted": 4.03, "weightedAverageShsOut": 525099994, "weightedAverageShsOutDil": 525099994, "link": "https://www.sec.gov/Archives/edgar/data/886982/000095012303002099/0000950123-03-002099-index.htm", "finalLink": "https://www.sec.gov/Archives/edgar/data/886982/000095012303002099/y83718e10vk.htm", "calculatedOtherExpenses": 3683000000, "calculatedOperatingExpenses": 10733000000, "calculatedNetInterest": 2401000000, "calculatedOtherIncome": -2401000000, "calculatedIncomeNonControlling": 0, "calculatedEbitda": 3997000000}, {"date": "2001-11-30", "symbol": "GS", "reportedCurrency": "USD", "cik": "0000886982", "fillingDate": "2001-11-30", "acceptedDate": "2001-11-29 19:00:00", "calendarYear": "2001", "period": "FY", "revenue": 15811000000, "costOfRevenue": 0, "grossProfit": 15811000000, "grossProfitRatio": 1, "researchAndDevelopmentExpenses": 0, "generalAndAdministrativeExpenses": 7700000000, "sellingAndMarketingExpenses": 406000000, "sellingGeneralAndAdministrativeExpenses": 8106000000, "otherExpenses": -20221000000, "operatingExpenses": -12115000000, "costAndExpenses": -12115000000, "interestIncome": 16620000000, "interestExpense": 15327000000, "depreciationAndAmortization": 873000000, "ebitda": 4569000000, "ebitdaratio": 0.2889760293, "operatingIncome": 3696000000, "operatingIncomeRatio": 0.2337613054, "totalOtherIncomeExpensesNet": 0, "incomeBeforeTax": 3696000000, "incomeBeforeTaxRatio": 0.2337613054, "incomeTaxExpense": 1386000000, "netIncome": 2310000000, "netIncomeRatio": 0.1461008159, "eps": 4.26, "epsdiluted": 4.26, "weightedAverageShsOut": 541799994, "weightedAverageShsOutDil": 541799994, "link": null, "finalLink": null, "calculatedOtherExpenses": 4009000000, "calculatedOperatingExpenses": 12115000000, "calculatedNetInterest": 1293000000, "calculatedOtherIncome": -1293000000, "calculatedIncomeNonControlling": 0, "calculatedEbitda": 4569000000}, {"date": "2000-11-30", "symbol": "GS", "reportedCurrency": "USD", "cik": "0000886982", "fillingDate": "2000-11-30", "acceptedDate": "2000-11-29 19:00:00", "calendarYear": "2000", "period": "FY", "revenue": 16590000000, "costOfRevenue": 0, "grossProfit": 16590000000, "grossProfitRatio": 1, "researchAndDevelopmentExpenses": 0, "generalAndAdministrativeExpenses": 7773000000, "sellingAndMarketingExpenses": 506000000, "sellingGeneralAndAdministrativeExpenses": 8279000000, "otherExpenses": -19849000000, "operatingExpenses": -11570000000, "costAndExpenses": -11570000000, "interestIncome": 17396000000, "interestExpense": 16410000000, "depreciationAndAmortization": 486000000, "ebitda": 5506000000, "ebitdaratio": 0.3318866787, "operatingIncome": 5020000000, "operatingIncomeRatio": 0.3025919228, "totalOtherIncomeExpensesNet": 0, "incomeBeforeTax": 5020000000, "incomeBeforeTaxRatio": 0.3025919228, "incomeTaxExpense": 1953000000, "netIncome": 3067000000, "netIncomeRatio": 0.1848704039, "eps": 6, "epsdiluted": 6, "weightedAverageShsOut": 511499994, "weightedAverageShsOutDil": 511499994, "link": null, "finalLink": null, "calculatedOtherExpenses": 3291000000, "calculatedOperatingExpenses": 11570000000, "calculatedNetInterest": 986000000, "calculatedOtherIncome": -986000000, "calculatedIncomeNonControlling": 0, "calculatedEbitda": 5506000000}, {"date": "1999-11-26", "symbol": "GS", "reportedCurrency": "USD", "cik": "0000886982", "fillingDate": "2000-02-14", "acceptedDate": "2000-02-14 00:00:00", "calendarYear": "1999", "period": "FY", "revenue": 13345000000, "costOfRevenue": 0, "grossProfit": 13345000000, "grossProfitRatio": 1, "researchAndDevelopmentExpenses": 0, "generalAndAdministrativeExpenses": 6459000000, "sellingAndMarketingExpenses": 364000000, "sellingGeneralAndAdministrativeExpenses": 6823000000, "otherExpenses": -18176000000, "operatingExpenses": -11353000000, "costAndExpenses": -11353000000, "interestIncome": 12722000000, "interestExpense": 12018000000, "depreciationAndAmortization": 337000000, "ebitda": 2329000000, "ebitdaratio": 0.174522293, "operatingIncome": 1992000000, "operatingIncomeRatio": 0.1492693893, "totalOtherIncomeExpensesNet": 0, "incomeBeforeTax": 1992000000, "incomeBeforeTaxRatio": 0.1492693893, "incomeTaxExpense": -716000000, "netIncome": 2708000000, "netIncomeRatio": 0.2029224429, "eps": 5.57, "epsdiluted": 5.57, "weightedAverageShsOut": 475899995, "weightedAverageShsOutDil": 485799995, "link": "https://www.sec.gov/Archives/edgar/data/886982/000095012300001143/0000950123-00-001143-index.htm", "finalLink": "https://www.sec.gov/Archives/edgar/data/886982/000095012300001143/0000950123-00-001143-d1.html", "calculatedOtherExpenses": 4530000000, "calculatedOperatingExpenses": 11353000000, "calculatedNetInterest": 704000000, "calculatedOtherIncome": -704000000, "calculatedIncomeNonControlling": 0, "calculatedEbitda": 2329000000}]}