{"originalCurrency": "USD", "convertedCurrency": "USD", "report": [{"date": "2023-12-31", "symbol": "GSAT", "reportedCurrency": "USD", "cik": "0001366868", "fillingDate": "2024-02-29", "acceptedDate": "2024-02-29 08:06:10", "calendarYear": "2023", "period": "FY", "revenue": 223808000, "costOfRevenue": 156963000, "grossProfit": 66845000, "grossProfitRatio": 0.2986711824, "researchAndDevelopmentExpenses": 1400000, "generalAndAdministrativeExpenses": 65947000, "sellingAndMarketingExpenses": -700000, "sellingGeneralAndAdministrativeExpenses": 65247000, "otherExpenses": -5010000, "operatingExpenses": 66647000, "costAndExpenses": 223610000, "interestIncome": 0, "interestExpense": 38481000, "depreciationAndAmortization": 91821000, "ebitda": 92019000, "ebitdaratio": 0.4111515227, "operatingIncome": 198000, "operatingIncomeRatio": 0.0008846869, "totalOtherIncomeExpensesNet": -23793000, "incomeBeforeTax": -23595000, "incomeBeforeTaxRatio": -0.1054251859, "incomeTaxExpense": 1123000, "netIncome": -24718000, "netIncomeRatio": -0.1104428796, "eps": -0.0135, "epsdiluted": -0.0135, "weightedAverageShsOut": 1835005000, "weightedAverageShsOutDil": 1835005000, "link": "https://www.sec.gov/Archives/edgar/data/1366868/000136686824000028/0001366868-24-000028-index.htm", "finalLink": "https://www.sec.gov/Archives/edgar/data/1366868/000136686824000028/gsat-20231231.htm", "calculatedOtherExpenses": 0, "calculatedOperatingExpenses": 66647000, "calculatedNetInterest": -38481000, "calculatedOtherIncome": 14688000, "calculatedIncomeNonControlling": 0, "calculatedEbitda": 92019000}, {"date": "2022-12-31", "symbol": "GSAT", "reportedCurrency": "USD", "cik": "0001366868", "fillingDate": "2023-03-01", "acceptedDate": "2023-03-01 16:44:59", "calendarYear": "2022", "period": "FY", "revenue": 148504000, "costOfRevenue": 65020000, "grossProfit": 83484000, "grossProfitRatio": 0.5621666756, "researchAndDevelopmentExpenses": 500000, "generalAndAdministrativeExpenses": 42103000, "sellingAndMarketingExpenses": 2000000, "sellingGeneralAndAdministrativeExpenses": 44103000, "otherExpenses": 93884000, "operatingExpenses": 137987000, "costAndExpenses": 203007000, "interestIncome": 30168000, "interestExpense": 374973000, "depreciationAndAmortization": 93884000, "ebitda": 212015000, "ebitdaratio": 1.4276719819, "operatingIncome": 118131000, "operatingIncomeRatio": 0.7954735226, "totalOtherIncomeExpensesNet": -374973000, "incomeBeforeTax": -256842000, "incomeBeforeTaxRatio": -1.7295291709, "incomeTaxExpense": 73000, "netIncome": -256915000, "netIncomeRatio": -1.7300207402, "eps": -0.14, "epsdiluted": -0.14, "weightedAverageShsOut": 1800825000, "weightedAverageShsOutDil": 1800825000, "link": "https://www.sec.gov/Archives/edgar/data/1366868/000136686823000022/0001366868-23-000022-index.htm", "finalLink": "https://www.sec.gov/Archives/edgar/data/1366868/000136686823000022/gsat-20221231.htm", "calculatedOtherExpenses": -79250000, "calculatedOperatingExpenses": -34647000, "calculatedNetInterest": -344805000, "calculatedOtherIncome": -30168000, "calculatedIncomeNonControlling": 0, "calculatedEbitda": 212015000}, {"date": "2021-12-31", "symbol": "GSAT", "reportedCurrency": "USD", "cik": "0001366868", "fillingDate": "2022-02-25", "acceptedDate": "2022-02-25 06:08:48", "calendarYear": "2021", "period": "FY", "revenue": 124297000, "costOfRevenue": 51963000, "grossProfit": 72334000, "grossProfitRatio": 0.5819448579, "researchAndDevelopmentExpenses": 1000000, "generalAndAdministrativeExpenses": 39058000, "sellingAndMarketingExpenses": 2300000, "sellingGeneralAndAdministrativeExpenses": 41358000, "otherExpenses": 96237000, "operatingExpenses": 137595000, "costAndExpenses": 189558000, "interestIncome": 43536000, "interestExpense": -43536000, "depreciationAndAmortization": 96237000, "ebitda": 35471000, "ebitdaratio": 0.2853729374, "operatingIncome": -60766000, "operatingIncomeRatio": -0.4888774468, "totalOtherIncomeExpensesNet": -52158000, "incomeBeforeTax": -112924000, "incomeBeforeTaxRatio": -0.9085014119, "incomeTaxExpense": -299000, "netIncome": -112625000, "netIncomeRatio": -0.9060958832, "eps": -0.0638, "epsdiluted": -0.0638, "weightedAverageShsOut": 1765139000, "weightedAverageShsOutDil": 1765139000, "link": "https://www.sec.gov/Archives/edgar/data/1366868/000136686822000022/0001366868-22-000022-index.htm", "finalLink": "https://www.sec.gov/Archives/edgar/data/1366868/000136686822000022/gsat-20211231.htm", "calculatedOtherExpenses": 90742000, "calculatedOperatingExpenses": 133100000, "calculatedNetInterest": 87072000, "calculatedOtherIncome": -139230000, "calculatedIncomeNonControlling": 0, "calculatedEbitda": 35471000}, {"date": "2020-12-31", "symbol": "GSAT", "reportedCurrency": "USD", "cik": "0001366868", "fillingDate": "2021-03-04", "acceptedDate": "2021-03-04 16:47:08", "calendarYear": "2020", "period": "FY", "revenue": 128487000, "costOfRevenue": 48681000, "grossProfit": 79806000, "grossProfitRatio": 0.6211212029, "researchAndDevelopmentExpenses": 1900000, "generalAndAdministrativeExpenses": 39238000, "sellingAndMarketingExpenses": 2500000, "sellingGeneralAndAdministrativeExpenses": 41738000, "otherExpenses": 96815000, "operatingExpenses": 138553000, "costAndExpenses": 187234000, "interestIncome": 48429000, "interestExpense": 48429000, "depreciationAndAmortization": 96815000, "ebitda": 36314000, "ebitdaratio": 0.2826278145, "operatingIncome": -60501000, "operatingIncomeRatio": -0.4708725396, "totalOtherIncomeExpensesNet": -48476000, "incomeBeforeTax": -108977000, "incomeBeforeTaxRatio": -0.8481558446, "incomeTaxExpense": 662000, "netIncome": -109639000, "netIncomeRatio": -0.8533081168, "eps": -0.0668, "epsdiluted": -0.0668, "weightedAverageShsOut": 1642359000, "weightedAverageShsOutDil": 1642359000, "link": "https://www.sec.gov/Archives/edgar/data/1366868/000136686821000016/0001366868-21-000016-index.htm", "finalLink": "https://www.sec.gov/Archives/edgar/data/1366868/000136686821000016/gsat-20201231.htm", "calculatedOtherExpenses": 96669000, "calculatedOperatingExpenses": 140307000, "calculatedNetInterest": 0, "calculatedOtherIncome": -48476000, "calculatedIncomeNonControlling": 0, "calculatedEbitda": 36314000}, {"date": "2019-12-31", "symbol": "GSAT", "reportedCurrency": "USD", "cik": "0001366868", "fillingDate": "2020-02-28", "acceptedDate": "2020-02-28 10:52:05", "calendarYear": "2019", "period": "FY", "revenue": 131718000, "costOfRevenue": 53635000, "grossProfit": 78083000, "grossProfitRatio": 0.5928043244, "researchAndDevelopmentExpenses": 3200000, "generalAndAdministrativeExpenses": 41833000, "sellingAndMarketingExpenses": 3400000, "sellingGeneralAndAdministrativeExpenses": 45233000, "otherExpenses": 95772000, "operatingExpenses": 141005000, "costAndExpenses": 194640000, "interestIncome": 62464000, "interestExpense": 62464000, "depreciationAndAmortization": -48297000, "ebitda": -111219000, "ebitdaratio": -0.8443720676, "operatingIncome": -62922000, "operatingIncomeRatio": -0.4777023641, "totalOtherIncomeExpensesNet": 78791000, "incomeBeforeTax": 15869000, "incomeBeforeTaxRatio": 0.1204770798, "incomeTaxExpense": 545000, "netIncome": 15324000, "netIncomeRatio": 0.1163394525, "eps": 0.0106, "epsdiluted": -0.0669, "weightedAverageShsOut": 1450768000, "weightedAverageShsOutDil": 1655191000, "link": "https://www.sec.gov/Archives/edgar/data/1366868/000136686820000030/0001366868-20-000030-index.htm", "finalLink": "https://www.sec.gov/Archives/edgar/data/1366868/000136686820000030/gsat-20191231x10k.htm", "calculatedOtherExpenses": 92572000, "calculatedOperatingExpenses": 141005000, "calculatedNetInterest": 0, "calculatedOtherIncome": 78791000, "calculatedIncomeNonControlling": 0, "calculatedEbitda": -111219000}, {"date": "2018-12-31", "symbol": "GSAT", "reportedCurrency": "USD", "cik": "0001366868", "fillingDate": "2019-02-28", "acceptedDate": "2019-02-28 17:25:22", "calendarYear": "2018", "period": "FY", "revenue": 130113000, "costOfRevenue": 52089000, "grossProfit": 78024000, "grossProfitRatio": 0.5996633695, "researchAndDevelopmentExpenses": 1500000, "generalAndAdministrativeExpenses": 55443000, "sellingAndMarketingExpenses": 3600000, "sellingGeneralAndAdministrativeExpenses": 55443000, "otherExpenses": -3299000, "operatingExpenses": 145881000, "costAndExpenses": 197970000, "interestIncome": 0, "interestExpense": 43612000, "depreciationAndAmortization": 90438000, "ebitda": -85796000, "ebitdaratio": -0.6593960634, "operatingIncome": -47379000, "operatingIncomeRatio": -0.3641373268, "totalOtherIncomeExpensesNet": 105078000, "incomeBeforeTax": -6391000, "incomeBeforeTaxRatio": -0.0491188429, "incomeTaxExpense": 125000, "netIncome": -6516000, "netIncomeRatio": -0.0500795462, "eps": -0.0051, "epsdiluted": -0.0051, "weightedAverageShsOut": 1269548000, "weightedAverageShsOutDil": 1269548000, "link": "https://www.sec.gov/Archives/edgar/data/1366868/000136686819000020/0001366868-19-000020-index.htm", "finalLink": "https://www.sec.gov/Archives/edgar/data/1366868/000136686819000020/gsat-20181231x10k.htm", "calculatedOtherExpenses": 68460000, "calculatedOperatingExpenses": 125403000, "calculatedNetInterest": -43612000, "calculatedOtherIncome": 84600000, "calculatedIncomeNonControlling": 0, "calculatedEbitda": 43059000}, {"date": "2017-12-31", "symbol": "GSAT", "reportedCurrency": "USD", "cik": "0001366868", "fillingDate": "2018-02-23", "acceptedDate": "2018-02-22 17:33:11", "calendarYear": "2017", "period": "FY", "revenue": 112660000, "costOfRevenue": 47809000, "grossProfit": 64851000, "grossProfitRatio": 0.5756346529, "researchAndDevelopmentExpenses": 3800000, "generalAndAdministrativeExpenses": 39099000, "sellingAndMarketingExpenses": 2500000, "sellingGeneralAndAdministrativeExpenses": 39099000, "otherExpenses": -2873000, "operatingExpenses": 116597000, "costAndExpenses": 164406000, "interestIncome": 0, "interestExpense": 34771000, "depreciationAndAmortization": 77498000, "ebitda": 25246000, "ebitdaratio": 0.2240901829, "operatingIncome": -68786000, "operatingIncomeRatio": -0.6105627552, "totalOtherIncomeExpensesNet": -2367000, "incomeBeforeTax": -88884000, "incomeBeforeTaxRatio": -0.7889579265, "incomeTaxExpense": 190000, "netIncome": -89074000, "netIncomeRatio": -0.7906444168, "eps": -0.08, "epsdiluted": -0.0764, "weightedAverageShsOut": 1113425000, "weightedAverageShsOutDil": 1166581000, "link": "https://www.sec.gov/Archives/edgar/data/1366868/000136686818000007/0001366868-18-000007-index.htm", "finalLink": "https://www.sec.gov/Archives/edgar/data/1366868/000136686818000007/gsat-20171231x10k.htm", "calculatedOtherExpenses": 90738000, "calculatedOperatingExpenses": 133637000, "calculatedNetInterest": -34771000, "calculatedOtherIncome": 14673000, "calculatedIncomeNonControlling": 0, "calculatedEbitda": 8712000}, {"date": "2016-12-31", "symbol": "GSAT", "reportedCurrency": "USD", "cik": "0001366868", "fillingDate": "2017-02-23", "acceptedDate": "2017-02-23 17:23:02", "calendarYear": "2016", "period": "FY", "revenue": 96861000, "costOfRevenue": 41815000, "grossProfit": 55046000, "grossProfitRatio": 0.5682989026, "researchAndDevelopmentExpenses": 2100000, "generalAndAdministrativeExpenses": 40982000, "sellingAndMarketingExpenses": 4099999, "sellingGeneralAndAdministrativeExpenses": 40982000, "otherExpenses": -430000, "operatingExpenses": 118372000, "costAndExpenses": 160187000, "interestIncome": 0, "interestExpense": 35952000, "depreciationAndAmortization": 77390000, "ebitda": 53545000, "ebitdaratio": 0.5528024695, "operatingIncome": -63676000, "operatingIncomeRatio": -0.6573956494, "totalOtherIncomeExpensesNet": -39911000, "incomeBeforeTax": -139189000, "incomeBeforeTaxRatio": -1.4369973467, "incomeTaxExpense": -6543000, "netIncome": -132646000, "netIncomeRatio": -1.3694469394, "eps": -0.12, "epsdiluted": -0.12, "weightedAverageShsOut": 1064443000, "weightedAverageShsOutDil": 1064443000, "link": "https://www.sec.gov/Archives/edgar/data/1366868/000136686817000019/0001366868-17-000019-index.htm", "finalLink": "https://www.sec.gov/Archives/edgar/data/1366868/000136686817000019/gsat-20161231x10k.htm", "calculatedOtherExpenses": 75640000, "calculatedOperatingExpenses": 118722000, "calculatedNetInterest": -35952000, "calculatedOtherIncome": -39561000, "calculatedIncomeNonControlling": 0, "calculatedEbitda": 13714000}, {"date": "2015-12-31", "symbol": "GSAT", "reportedCurrency": "USD", "cik": "0001366868", "fillingDate": "2016-02-26", "acceptedDate": "2016-02-25 18:47:52", "calendarYear": "2015", "period": "FY", "revenue": 90490000, "costOfRevenue": 42429000, "grossProfit": 48061000, "grossProfitRatio": 0.5311194607, "researchAndDevelopmentExpenses": 1900000, "generalAndAdministrativeExpenses": 37418000, "sellingAndMarketingExpenses": 3400000, "sellingGeneralAndAdministrativeExpenses": 37418000, "otherExpenses": 3229000, "operatingExpenses": 114665000, "costAndExpenses": 157094000, "interestIncome": 0, "interestExpense": 35854000, "depreciationAndAmortization": 77247000, "ebitda": -162300000, "ebitdaratio": -1.7935683501, "operatingIncome": -66604000, "operatingIncomeRatio": -0.7360371312, "totalOtherIncomeExpensesNet": 176172000, "incomeBeforeTax": 73714000, "incomeBeforeTaxRatio": 0.8146093491, "incomeTaxExpense": 1392000, "netIncome": 72322000, "netIncomeRatio": 0.7992264339, "eps": 0.07, "epsdiluted": 0.07, "weightedAverageShsOut": 1020149000, "weightedAverageShsOutDil": 1230394000, "link": "https://www.sec.gov/Archives/edgar/data/1366868/000136686816000113/0001366868-16-000113-index.htm", "finalLink": "https://www.sec.gov/Archives/edgar/data/1366868/000136686816000113/gsat-20151231x10k.htm", "calculatedOtherExpenses": 75347000, "calculatedOperatingExpenses": 114665000, "calculatedNetInterest": -35854000, "calculatedOtherIncome": 176172000, "calculatedIncomeNonControlling": 0, "calculatedEbitda": 10643000}, {"date": "2014-12-31", "symbol": "GSAT", "reportedCurrency": "USD", "cik": "0001366868", "fillingDate": "2015-03-02", "acceptedDate": "2015-03-02 17:19:26", "calendarYear": "2014", "period": "FY", "revenue": 90064000, "costOfRevenue": 66209000, "grossProfit": 23855000, "grossProfitRatio": 0.2648672055, "researchAndDevelopmentExpenses": 500000, "generalAndAdministrativeExpenses": 33520000, "sellingAndMarketingExpenses": 2600000, "sellingGeneralAndAdministrativeExpenses": 33520000, "otherExpenses": 3038000, "operatingExpenses": 119666000, "costAndExpenses": 185875000, "interestIncome": 0, "interestExpense": 43233000, "depreciationAndAmortization": 86146000, "ebitda": 316314000, "ebitdaratio": 3.5121025049, "operatingIncome": -95895000, "operatingIncomeRatio": -1.0647428495, "totalOtherIncomeExpensesNet": -322941000, "incomeBeforeTax": -461985000, "incomeBeforeTaxRatio": -5.1295190087, "incomeTaxExpense": 881000, "netIncome": -462866000, "netIncomeRatio": -5.1393009416, "eps": -0.5, "epsdiluted": -0.5, "weightedAverageShsOut": 925732000, "weightedAverageShsOutDil": 934356000, "link": "https://www.sec.gov/Archives/edgar/data/1366868/000136686815000011/0001366868-15-000011-index.htm", "finalLink": "https://www.sec.gov/Archives/edgar/data/1366868/000136686815000011/gsat-20141231x10k.htm", "calculatedOtherExpenses": 85730000, "calculatedOperatingExpenses": 119750000, "calculatedNetInterest": -43233000, "calculatedOtherIncome": -322857000, "calculatedIncomeNonControlling": 0, "calculatedEbitda": -9749000}, {"date": "2013-12-31", "symbol": "GSAT", "reportedCurrency": "USD", "cik": "0001366868", "fillingDate": "2014-03-11", "acceptedDate": "2014-03-10 18:21:00", "calendarYear": "2013", "period": "FY", "revenue": 82711000, "costOfRevenue": 49627000, "grossProfit": 33084000, "grossProfitRatio": 0.3999951639, "researchAndDevelopmentExpenses": 600000, "generalAndAdministrativeExpenses": 29888000, "sellingAndMarketingExpenses": 2900000, "sellingGeneralAndAdministrativeExpenses": 29888000, "otherExpenses": -2962000, "operatingExpenses": 120480000, "costAndExpenses": 170107000, "interestIncome": 0, "interestExpense": 67828000, "depreciationAndAmortization": 90592000, "ebitda": 434988000, "ebitdaratio": 5.2591311917, "operatingIncome": -87396000, "operatingIncomeRatio": -1.05664301, "totalOtherIncomeExpensesNet": -434754000, "incomeBeforeTax": -589978000, "incomeBeforeTaxRatio": -7.1330052835, "incomeTaxExpense": 1138000, "netIncome": -591116000, "netIncomeRatio": -7.1467640338, "eps": -0.96, "epsdiluted": -0.96, "weightedAverageShsOut": 614959000, "weightedAverageShsOutDil": 614959000, "link": "https://www.sec.gov/Archives/edgar/data/1366868/000114420414014640/0001144204-14-014640-index.htm", "finalLink": "https://www.sec.gov/Archives/edgar/data/1366868/000114420414014640/v369443_10k.htm", "calculatedOtherExpenses": 89992000, "calculatedOperatingExpenses": 120480000, "calculatedNetInterest": -67828000, "calculatedOtherIncome": -434754000, "calculatedIncomeNonControlling": 0, "calculatedEbitda": 3196000}, {"date": "2012-12-31", "symbol": "GSAT", "reportedCurrency": "USD", "cik": "0001366868", "fillingDate": "2013-03-15", "acceptedDate": "2013-03-15 14:06:06", "calendarYear": "2012", "period": "FY", "revenue": 76318000, "costOfRevenue": 37905000, "grossProfit": 38413000, "grossProfitRatio": 0.5033281795, "researchAndDevelopmentExpenses": 300000, "generalAndAdministrativeExpenses": 22048000, "sellingAndMarketingExpenses": 12291000, "sellingGeneralAndAdministrativeExpenses": 34339000, "otherExpenses": -2280000, "operatingExpenses": 104140000, "costAndExpenses": 142045000, "interestIncome": 0, "interestExpense": 21486000, "depreciationAndAmortization": 69801000, "ebitda": 26366000, "ebitdaratio": 0.3454755104, "operatingIncome": -94993000, "operatingIncomeRatio": -1.2446998087, "totalOtherIncomeExpensesNet": -24572000, "incomeBeforeTax": -111785000, "incomeBeforeTaxRatio": -1.464726539, "incomeTaxExpense": 413000, "netIncome": -112198000, "netIncomeRatio": -1.4701381063, "eps": -0.29, "epsdiluted": -0.29, "weightedAverageShsOut": 386889655, "weightedAverageShsOutDil": 388453000, "link": "https://www.sec.gov/Archives/edgar/data/1366868/000114420413015324/0001144204-13-015324-index.htm", "finalLink": "https://www.sec.gov/Archives/edgar/data/1366868/000114420413015324/v335533_10k.htm", "calculatedOtherExpenses": 98767000, "calculatedOperatingExpenses": 133406000, "calculatedNetInterest": -21486000, "calculatedOtherIncome": 4694000, "calculatedIncomeNonControlling": 0, "calculatedEbitda": -25192000}, {"date": "2011-12-31", "symbol": "GSAT", "reportedCurrency": "USD", "cik": "0001366868", "fillingDate": "2012-03-13", "acceptedDate": "2012-03-13 13:34:12", "calendarYear": "2011", "period": "FY", "revenue": 72827000, "costOfRevenue": 49999000, "grossProfit": 22828000, "grossProfitRatio": 0.3134551746, "researchAndDevelopmentExpenses": 0, "generalAndAdministrativeExpenses": 42436000, "sellingAndMarketingExpenses": 0, "sellingGeneralAndAdministrativeExpenses": 42436000, "otherExpenses": 50049000, "operatingExpenses": 92485000, "costAndExpenses": 142484000, "interestIncome": 15000, "interestExpense": 4824000, "depreciationAndAmortization": 53722000, "ebitda": -19593000, "ebitdaratio": -0.269034836, "operatingIncome": -73235000, "operatingIncomeRatio": -1.0056023178, "totalOtherIncomeExpensesNet": 19433000, "incomeBeforeTax": -55033000, "incomeBeforeTaxRatio": -0.7556675409, "incomeTaxExpense": -109000, "netIncome": -54924000, "netIncomeRatio": -0.7541708432, "eps": -0.18, "epsdiluted": -0.18, "weightedAverageShsOut": 299144000, "weightedAverageShsOutDil": 299144000, "link": "https://www.sec.gov/Archives/edgar/data/1366868/000114420412014521/0001144204-12-014521-index.htm", "finalLink": "https://www.sec.gov/Archives/edgar/data/1366868/000114420412014521/v302183_10k.htm", "calculatedOtherExpenses": 53627000, "calculatedOperatingExpenses": 96063000, "calculatedNetInterest": -4809000, "calculatedOtherIncome": 23011000, "calculatedIncomeNonControlling": 0, "calculatedEbitda": -19513000}, {"date": "2010-12-31", "symbol": "GSAT", "reportedCurrency": "USD", "cik": "0001366868", "fillingDate": "2011-03-31", "acceptedDate": "2011-03-31 16:41:45", "calendarYear": "2010", "period": "FY", "revenue": 67941000, "costOfRevenue": 55216000, "grossProfit": 12725000, "grossProfitRatio": 0.1872948588, "researchAndDevelopmentExpenses": 0, "generalAndAdministrativeExpenses": 41827000, "sellingAndMarketingExpenses": 0, "sellingGeneralAndAdministrativeExpenses": 41827000, "otherExpenses": 30667000, "operatingExpenses": 72494000, "costAndExpenses": 127710000, "interestIncome": 424000, "interestExpense": 5021000, "depreciationAndAmortization": 27418000, "ebitda": -61902000, "ebitdaratio": -0.9111140548, "operatingIncome": -59769000, "operatingIncomeRatio": -0.8797191681, "totalOtherIncomeExpensesNet": -2730000, "incomeBeforeTax": -97071000, "incomeBeforeTaxRatio": -1.4287543604, "incomeTaxExpense": 396000, "netIncome": -97467000, "netIncomeRatio": -1.434582947, "eps": -0.34, "epsdiluted": -0.34, "weightedAverageShsOut": 285316000, "weightedAverageShsOutDil": 285316000, "link": "https://www.sec.gov/Archives/edgar/data/1366868/000114420411019122/0001144204-11-019122-index.htm", "finalLink": "https://www.sec.gov/Archives/edgar/data/1366868/000114420411019122/v214676_10k.htm", "calculatedOtherExpenses": 30667000, "calculatedOperatingExpenses": 72494000, "calculatedNetInterest": -4597000, "calculatedOtherIncome": -32705000, "calculatedIncomeNonControlling": 0, "calculatedEbitda": -32351000}, {"date": "2009-12-31", "symbol": "GSAT", "reportedCurrency": "USD", "cik": "0001366868", "fillingDate": "2010-03-12", "acceptedDate": "2010-03-12 16:14:10", "calendarYear": "2009", "period": "FY", "revenue": 64279000, "costOfRevenue": 46998000, "grossProfit": 17281000, "grossProfitRatio": 0.2688436348, "researchAndDevelopmentExpenses": 0, "generalAndAdministrativeExpenses": 49210000, "sellingAndMarketingExpenses": 0, "sellingGeneralAndAdministrativeExpenses": 49210000, "otherExpenses": 21862000, "operatingExpenses": 71072000, "costAndExpenses": 118070000, "interestIncome": 502000, "interestExpense": 6730000, "depreciationAndAmortization": 21862000, "ebitda": -31427000, "ebitdaratio": -0.488915509, "operatingIncome": -53791000, "operatingIncomeRatio": -0.8368362918, "totalOtherIncomeExpensesNet": -14920000, "incomeBeforeTax": -74939000, "incomeBeforeTaxRatio": -1.1658395432, "incomeTaxExpense": -16000, "netIncome": -74923000, "netIncomeRatio": -1.1655906284, "eps": -0.52, "epsdiluted": -0.52, "weightedAverageShsOut": 145430000, "weightedAverageShsOutDil": 145430000, "link": "https://www.sec.gov/Archives/edgar/data/1366868/000114420410013125/0001144204-10-013125-index.htm", "finalLink": "https://www.sec.gov/Archives/edgar/data/1366868/000114420410013125/v176991_10k.htm", "calculatedOtherExpenses": 21862000, "calculatedOperatingExpenses": 71072000, "calculatedNetInterest": -6228000, "calculatedOtherIncome": -14920000, "calculatedIncomeNonControlling": 0, "calculatedEbitda": -31929000}, {"date": "2008-12-31", "symbol": "GSAT", "reportedCurrency": "USD", "cik": "0001366868", "fillingDate": "2009-03-31", "acceptedDate": "2009-03-31 17:16:12", "calendarYear": "2008", "period": "FY", "revenue": 86055000, "costOfRevenue": 55458000, "grossProfit": 30597000, "grossProfitRatio": 0.3555516821, "researchAndDevelopmentExpenses": 0, "generalAndAdministrativeExpenses": 61351000, "sellingAndMarketingExpenses": 0, "sellingGeneralAndAdministrativeExpenses": 61351000, "otherExpenses": 26956000, "operatingExpenses": 88307000, "costAndExpenses": 143765000, "interestIncome": 4713000, "interestExpense": 6779000, "depreciationAndAmortization": 26956000, "ebitda": -26041000, "ebitdaratio": -0.3026087967, "operatingIncome": -57710000, "operatingIncomeRatio": -0.6706176283, "totalOtherIncomeExpensesNet": -7756000, "incomeBeforeTax": -67532000, "incomeBeforeTaxRatio": -0.7847539364, "incomeTaxExpense": 480000, "netIncome": -68012000, "netIncomeRatio": -0.7903317646, "eps": -0.79, "epsdiluted": -0.79, "weightedAverageShsOut": 86405000, "weightedAverageShsOutDil": 86405000, "link": "https://www.sec.gov/Archives/edgar/data/1366868/000104746909003549/0001047469-09-003549-index.htm", "finalLink": "https://www.sec.gov/Archives/edgar/data/1366868/000104746909003549/a2191906z10-k.htm", "calculatedOtherExpenses": 26956000, "calculatedOperatingExpenses": 88307000, "calculatedNetInterest": -2066000, "calculatedOtherIncome": -7756000, "calculatedIncomeNonControlling": 0, "calculatedEbitda": -30754000}, {"date": "2007-12-31", "symbol": "GSAT", "reportedCurrency": "USD", "cik": "0001366868", "fillingDate": "2008-03-17", "acceptedDate": "2008-03-14 20:56:35", "calendarYear": "2007", "period": "FY", "revenue": 98398000, "costOfRevenue": 41638000, "grossProfit": 56760000, "grossProfitRatio": 0.5768409927, "researchAndDevelopmentExpenses": 0, "generalAndAdministrativeExpenses": 49146000, "sellingAndMarketingExpenses": 0, "sellingGeneralAndAdministrativeExpenses": 49146000, "otherExpenses": 32246000, "operatingExpenses": 81392000, "costAndExpenses": 123030000, "interestIncome": 3170000, "interestExpense": 9023000, "depreciationAndAmortization": 21246000, "ebitda": 10299000, "ebitdaratio": 0.1046667615, "operatingIncome": -24632000, "operatingIncomeRatio": -0.2503302913, "totalOtherIncomeExpensesNet": -13685000, "incomeBeforeTax": -25061000, "incomeBeforeTaxRatio": -0.254690136, "incomeTaxExpense": 2864000, "netIncome": -27925000, "netIncomeRatio": -0.2837964186, "eps": -0.36, "epsdiluted": -0.36, "weightedAverageShsOut": 77169138, "weightedAverageShsOutDil": 77169138, "link": "https://www.sec.gov/Archives/edgar/data/1366868/000104746908002849/0001047469-08-002849-index.htm", "finalLink": "https://www.sec.gov/Archives/edgar/data/1366868/000104746908002849/a2181782z10-k.htm", "calculatedOtherExpenses": 32246000, "calculatedOperatingExpenses": 81392000, "calculatedNetInterest": -5853000, "calculatedOtherIncome": 5424000, "calculatedIncomeNonControlling": 0, "calculatedEbitda": -3386000}, {"date": "2006-12-31", "symbol": "GSAT", "reportedCurrency": "USD", "cik": "0001366868", "fillingDate": "2007-04-02", "acceptedDate": "2007-04-02 11:40:47", "calendarYear": "2006", "period": "FY", "revenue": 136671000, "costOfRevenue": 68487000, "grossProfit": 68184000, "grossProfitRatio": 0.4988914986, "researchAndDevelopmentExpenses": 0, "generalAndAdministrativeExpenses": 43899000, "sellingAndMarketingExpenses": 0, "sellingGeneralAndAdministrativeExpenses": 43899000, "otherExpenses": 8622000, "operatingExpenses": 52521000, "costAndExpenses": 121008000, "interestIncome": 1172000, "interestExpense": 587000, "depreciationAndAmortization": 6973000, "ebitda": 31275000, "ebitdaratio": 0.2288342077, "operatingIncome": 15663000, "operatingIncomeRatio": 0.1146036833, "totalOtherIncomeExpensesNet": -8639000, "incomeBeforeTax": 9552000, "incomeBeforeTaxRatio": 0.0698904669, "incomeTaxExpense": -14071000, "netIncome": 23623000, "netIncomeRatio": 0.172845739, "eps": 0.37, "epsdiluted": 0.37, "weightedAverageShsOut": 63709763, "weightedAverageShsOutDil": 64076182, "link": "https://www.sec.gov/Archives/edgar/data/1366868/000110465907024668/0001104659-07-024668-index.htm", "finalLink": "https://www.sec.gov/Archives/edgar/data/1366868/000110465907024668/a07-9000_110k.htm", "calculatedOtherExpenses": 8622000, "calculatedOperatingExpenses": 52521000, "calculatedNetInterest": 585000, "calculatedOtherIncome": -6696000, "calculatedIncomeNonControlling": 0, "calculatedEbitda": 22636000}, {"date": "2005-12-31", "symbol": "GSAT", "reportedCurrency": "USD", "cik": "0001366868", "fillingDate": "2005-12-31", "acceptedDate": "2005-12-30 19:00:00", "calendarYear": "2005", "period": "FY", "revenue": 127147000, "costOfRevenue": 64174000, "grossProfit": 62973000, "grossProfitRatio": 0.4952771202, "researchAndDevelopmentExpenses": 0, "generalAndAdministrativeExpenses": 0, "sellingAndMarketingExpenses": 0, "sellingGeneralAndAdministrativeExpenses": 37945000, "otherExpenses": 3044000, "operatingExpenses": 40989000, "costAndExpenses": 105163000, "interestIncome": 242000, "interestExpense": 269000, "depreciationAndAmortization": 3044000, "ebitda": 25764000, "ebitdaratio": 0.2026315996, "operatingIncome": 21984000, "operatingIncomeRatio": 0.1729022313, "totalOtherIncomeExpensesNet": -736000, "incomeBeforeTax": 21221000, "incomeBeforeTaxRatio": 0.1669013032, "incomeTaxExpense": 2502000, "netIncome": 18719000, "netIncomeRatio": 0.1472232927, "eps": 0.3, "epsdiluted": 0.3, "weightedAverageShsOut": 61855668, "weightedAverageShsOutDil": 61955874, "link": "", "finalLink": "", "calculatedOtherExpenses": 3044000, "calculatedOperatingExpenses": 40989000, "calculatedNetInterest": -27000, "calculatedOtherIncome": -736000, "calculatedIncomeNonControlling": 0, "calculatedEbitda": 25028000}, {"date": "2004-12-31", "symbol": "GSAT", "reportedCurrency": "USD", "cik": "0001366868", "fillingDate": "2004-12-31", "acceptedDate": "2004-12-30 19:00:00", "calendarYear": "2004", "period": "FY", "revenue": 84368000, "costOfRevenue": 48607000, "grossProfit": 35761000, "grossProfitRatio": 0.4238692395, "researchAndDevelopmentExpenses": 0, "generalAndAdministrativeExpenses": 0, "sellingAndMarketingExpenses": 0, "sellingGeneralAndAdministrativeExpenses": 0, "otherExpenses": 114982000, "operatingExpenses": 114982000, "costAndExpenses": 163589000, "interestIncome": 58000, "interestExpense": 1382000, "depreciationAndAmortization": 1959000, "ebitda": -72184000, "ebitdaratio": -0.8555850559, "operatingIncome": -3541000, "operatingIncomeRatio": -0.0419708894, "totalOtherIncomeExpensesNet": -5078000, "incomeBeforeTax": -3944000, "incomeBeforeTaxRatio": -0.046747582, "incomeTaxExpense": -4314000, "netIncome": 370000, "netIncomeRatio": 0.004385549, "eps": 0.01, "epsdiluted": 0.01, "weightedAverageShsOut": 60463917, "weightedAverageShsOutDil": 60463917, "link": "", "finalLink": "", "calculatedOtherExpenses": 39302000, "calculatedOperatingExpenses": 39302000, "calculatedNetInterest": -1324000, "calculatedOtherIncome": 921000, "calculatedIncomeNonControlling": 0, "calculatedEbitda": -1582000}, {"date": "2003-12-31", "symbol": "GSAT", "reportedCurrency": "USD", "cik": "0001366868", "fillingDate": "2003-12-31", "acceptedDate": "2003-12-30 19:00:00", "calendarYear": "2003", "period": "FY", "revenue": 60200000, "costOfRevenue": 42076000, "grossProfit": 18124000, "grossProfitRatio": 0.3010631229, "researchAndDevelopmentExpenses": 0, "generalAndAdministrativeExpenses": 0, "sellingAndMarketingExpenses": 0, "sellingGeneralAndAdministrativeExpenses": 33764000, "otherExpenses": 249523000, "operatingExpenses": 283287000, "costAndExpenses": 325363000, "interestIncome": 14000, "interestExpense": 1644000, "depreciationAndAmortization": 31598000, "ebitda": -234094000, "ebitdaratio": -3.8886046512, "operatingIncome": -265163000, "operatingIncomeRatio": -4.4047009967, "totalOtherIncomeExpensesNet": 529000, "incomeBeforeTax": -266264000, "incomeBeforeTaxRatio": -4.4229900332, "incomeTaxExpense": 133000, "netIncome": -266397000, "netIncomeRatio": -4.4251993355, "eps": -4.28, "epsdiluted": -4.26, "weightedAverageShsOut": 62267130, "weightedAverageShsOutDil": 62596842, "link": "", "finalLink": "", "calculatedOtherExpenses": 249523000, "calculatedOperatingExpenses": 283287000, "calculatedNetInterest": -1630000, "calculatedOtherIncome": 529000, "calculatedIncomeNonControlling": 0, "calculatedEbitda": -233565000}, {"date": "2002-12-31", "symbol": "GSAT", "reportedCurrency": "USD", "cik": "0001366868", "fillingDate": "2002-12-31", "acceptedDate": "2002-12-30 19:00:00", "calendarYear": "2002", "period": "FY", "revenue": 24639000, "costOfRevenue": 0, "grossProfit": 24639000, "grossProfitRatio": 1, "researchAndDevelopmentExpenses": 0, "generalAndAdministrativeExpenses": 0, "sellingAndMarketingExpenses": 0, "sellingGeneralAndAdministrativeExpenses": 39104000, "otherExpenses": 0, "operatingExpenses": 70008000, "costAndExpenses": 70008000, "interestIncome": 101000, "interestExpense": 46523000, "depreciationAndAmortization": 30904000, "ebitda": -6771000, "ebitdaratio": -0.2748082309, "operatingIncome": -103471000, "operatingIncomeRatio": -4.1994804984, "totalOtherIncomeExpensesNet": -7694000, "incomeBeforeTax": -149893000, "incomeBeforeTaxRatio": -6.0835667032, "incomeTaxExpense": 66000, "netIncome": -149959000, "netIncomeRatio": -6.0862453833, "eps": -2.41, "epsdiluted": -2.4, "weightedAverageShsOut": 62267130, "weightedAverageShsOutDil": 62596842, "link": "", "finalLink": "", "calculatedOtherExpenses": 89006000, "calculatedOperatingExpenses": 128110000, "calculatedNetInterest": -46422000, "calculatedOtherIncome": 0, "calculatedIncomeNonControlling": 0, "calculatedEbitda": -72567000}, {"date": "2001-12-31", "symbol": "GSAT", "reportedCurrency": "USD", "cik": "0001366868", "fillingDate": "2001-12-31", "acceptedDate": "2001-12-30 19:00:00", "calendarYear": "2001", "period": "FY", "revenue": 6404000, "costOfRevenue": 0, "grossProfit": 6404000, "grossProfitRatio": 1, "researchAndDevelopmentExpenses": 0, "generalAndAdministrativeExpenses": 0, "sellingAndMarketingExpenses": 0, "sellingGeneralAndAdministrativeExpenses": 0, "otherExpenses": 0, "operatingExpenses": 0, "costAndExpenses": 0, "interestIncome": 4513000, "interestExpense": 381170000, "depreciationAndAmortization": 0, "ebitda": 6404000, "ebitdaratio": 1, "operatingIncome": 6404000, "operatingIncomeRatio": 1, "totalOtherIncomeExpensesNet": -581988000, "incomeBeforeTax": -575584000, "incomeBeforeTaxRatio": -89.8788257339, "incomeTaxExpense": -73000, "netIncome": -575511000, "netIncomeRatio": -89.8674266084, "eps": -9.24, "epsdiluted": -9.19, "weightedAverageShsOut": 62267130, "weightedAverageShsOutDil": 62596842, "link": "", "finalLink": "", "calculatedOtherExpenses": 0, "calculatedOperatingExpenses": 0, "calculatedNetInterest": -376657000, "calculatedOtherIncome": -205331000, "calculatedIncomeNonControlling": 0, "calculatedEbitda": 6404000}]}