{"originalCurrency": "USD", "convertedCurrency": "USD", "report": [{"date": "2023-12-31", "symbol": "GSHD", "reportedCurrency": "USD", "cik": "0001726978", "fillingDate": "2024-02-22", "acceptedDate": "2024-02-21 20:37:13", "calendarYear": "2023", "period": "FY", "revenue": 261276000, "costOfRevenue": 152604000, "grossProfit": 108672000, "grossProfitRatio": 0.4159279842, "researchAndDevelopmentExpenses": 0, "generalAndAdministrativeExpenses": 214715000, "sellingAndMarketingExpenses": 0, "sellingGeneralAndAdministrativeExpenses": 214715000, "otherExpenses": -215448000, "operatingExpenses": 215448000, "costAndExpenses": 224692000, "interestIncome": 1443000, "interestExpense": 6568000, "depreciationAndAmortization": 9244000, "ebitda": 45828000, "ebitdaratio": 0.1754007257, "operatingIncome": 36584000, "operatingIncomeRatio": 0.1400205147, "totalOtherIncomeExpensesNet": -10196000, "incomeBeforeTax": 26388000, "incomeBeforeTaxRatio": 0.1009966472, "incomeTaxExpense": 2692000, "netIncome": 14140000, "netIncomeRatio": 0.0541190159, "eps": 0.59, "epsdiluted": 0.55, "weightedAverageShsOut": 23929000, "weightedAverageShsOutDil": 38356000, "link": "https://www.sec.gov/Archives/edgar/data/1726978/000172697824000018/0001726978-24-000018-index.htm", "finalLink": "https://www.sec.gov/Archives/edgar/data/1726978/000172697824000018/gshd-20231231.htm", "calculatedOtherExpenses": -142627000, "calculatedOperatingExpenses": 72088000, "calculatedNetInterest": -5125000, "calculatedOtherIncome": -5071000, "calculatedIncomeNonControlling": 9556000, "calculatedEbitda": 45828000}, {"date": "2022-12-31", "symbol": "GSHD", "reportedCurrency": "USD", "cik": "0001726978", "fillingDate": "2023-02-27", "acceptedDate": "2023-02-24 19:25:08", "calendarYear": "2022", "period": "FY", "revenue": 209390000, "costOfRevenue": 133293000, "grossProfit": 76097000, "grossProfitRatio": 0.363422322, "researchAndDevelopmentExpenses": 0, "generalAndAdministrativeExpenses": 186180000, "sellingAndMarketingExpenses": 0, "sellingGeneralAndAdministrativeExpenses": 186180000, "otherExpenses": 146375000, "operatingExpenses": 199262000, "costAndExpenses": 204261000, "interestIncome": 1403000, "interestExpense": 4999000, "depreciationAndAmortization": 6884000, "ebitda": 15172000, "ebitdaratio": 0.0724580926, "operatingIncome": 8288000, "operatingIncomeRatio": 0.0395816419, "totalOtherIncomeExpensesNet": -3159000, "incomeBeforeTax": 5129000, "incomeBeforeTaxRatio": 0.0244949616, "incomeTaxExpense": 2499000, "netIncome": 2630000, "netIncomeRatio": 0.0125602942, "eps": 0.13, "epsdiluted": 0.12, "weightedAverageShsOut": 20995000, "weightedAverageShsOutDil": 21773000, "link": "https://www.sec.gov/Archives/edgar/data/1726978/000172697823000020/0001726978-23-000020-index.htm", "finalLink": "https://www.sec.gov/Archives/edgar/data/1726978/000172697823000020/gshd-20221231.htm", "calculatedOtherExpenses": -118371000, "calculatedOperatingExpenses": 67809000, "calculatedNetInterest": -3596000, "calculatedOtherIncome": 437000, "calculatedIncomeNonControlling": 0, "calculatedEbitda": 15172000}, {"date": "2021-12-31", "symbol": "GSHD", "reportedCurrency": "USD", "cik": "0001726978", "fillingDate": "2022-02-28", "acceptedDate": "2022-02-25 19:49:36", "calendarYear": "2021", "period": "FY", "revenue": 151312000, "costOfRevenue": 93038000, "grossProfit": 58274000, "grossProfitRatio": 0.3851247753, "researchAndDevelopmentExpenses": 0, "generalAndAdministrativeExpenses": 134767000, "sellingAndMarketingExpenses": 0, "sellingGeneralAndAdministrativeExpenses": 134767000, "otherExpenses": -350476000, "operatingExpenses": -215709000, "costAndExpenses": 145308000, "interestIncome": 1153000, "interestExpense": 2854000, "depreciationAndAmortization": 4873000, "ebitda": -59524000, "ebitdaratio": -0.3933858518, "operatingIncome": -64397000, "operatingIncomeRatio": -0.4255908322, "totalOtherIncomeExpensesNet": 70401000, "incomeBeforeTax": 6004000, "incomeBeforeTaxRatio": 0.0396796024, "incomeTaxExpense": -2292000, "netIncome": 8296000, "netIncomeRatio": 0.0548271122, "eps": 0.43, "epsdiluted": 0.4, "weightedAverageShsOut": 19181000, "weightedAverageShsOutDil": 20813000, "link": "https://www.sec.gov/Archives/edgar/data/1726978/000172697822000029/0001726978-22-000029-index.htm", "finalLink": "https://www.sec.gov/Archives/edgar/data/1726978/000172697822000029/gshd-20211231.htm", "calculatedOtherExpenses": -12096000, "calculatedOperatingExpenses": 122671000, "calculatedNetInterest": -1701000, "calculatedOtherIncome": 72102000, "calculatedIncomeNonControlling": 0, "calculatedEbitda": -59524000}, {"date": "2020-12-31", "symbol": "GSHD", "reportedCurrency": "USD", "cik": "0001726978", "fillingDate": "2021-02-26", "acceptedDate": "2021-02-26 08:39:37", "calendarYear": "2020", "period": "FY", "revenue": 117014000, "costOfRevenue": 66819000, "grossProfit": 50195000, "grossProfitRatio": 0.4289657648, "researchAndDevelopmentExpenses": 0, "generalAndAdministrativeExpenses": 92351000, "sellingAndMarketingExpenses": 0, "sellingGeneralAndAdministrativeExpenses": 92351000, "otherExpenses": -245503000, "operatingExpenses": -153152000, "costAndExpenses": 99294000, "interestIncome": 813000, "interestExpense": 2310000, "depreciationAndAmortization": 3147000, "ebitda": -32991000, "ebitdaratio": -0.2819406225, "operatingIncome": -36138000, "operatingIncomeRatio": -0.3088348403, "totalOtherIncomeExpensesNet": 53858000, "incomeBeforeTax": 17720000, "incomeBeforeTaxRatio": 0.151434871, "incomeTaxExpense": -1035000, "netIncome": 18755000, "netIncomeRatio": 0.1602799665, "eps": 1.12, "epsdiluted": 1.02, "weightedAverageShsOut": 16785000, "weightedAverageShsOutDil": 18383000, "link": "https://www.sec.gov/Archives/edgar/data/1726978/000172697821000035/0001726978-21-000035-index.htm", "finalLink": "https://www.sec.gov/Archives/edgar/data/1726978/000172697821000035/gshd-20201231.htm", "calculatedOtherExpenses": -6018000, "calculatedOperatingExpenses": 86333000, "calculatedNetInterest": -1497000, "calculatedOtherIncome": 55355000, "calculatedIncomeNonControlling": 0, "calculatedEbitda": -32991000}, {"date": "2019-12-31", "symbol": "GSHD", "reportedCurrency": "USD", "cik": "0001726978", "fillingDate": "2020-03-16", "acceptedDate": "2020-03-13 19:05:50", "calendarYear": "2019", "period": "FY", "revenue": 77486000, "costOfRevenue": 41715000, "grossProfit": 35771000, "grossProfitRatio": 0.4616446842, "researchAndDevelopmentExpenses": 0, "generalAndAdministrativeExpenses": 60757000, "sellingAndMarketingExpenses": 0, "sellingGeneralAndAdministrativeExpenses": 60757000, "otherExpenses": -163875000, "operatingExpenses": -103118000, "costAndExpenses": 65800000, "interestIncome": 617000, "interestExpense": 2387000, "depreciationAndAmortization": 1931000, "ebitda": -23701000, "ebitdaratio": -0.3058746096, "operatingIncome": -25632000, "operatingIncomeRatio": -0.3307952404, "totalOtherIncomeExpensesNet": 37318000, "incomeBeforeTax": 11686000, "incomeBeforeTaxRatio": 0.1508143407, "incomeTaxExpense": 1304000, "netIncome": 10382000, "netIncomeRatio": 0.1339854942, "eps": 0.7, "epsdiluted": 0.64, "weightedAverageShsOut": 14864000, "weightedAverageShsOutDil": 16100000, "link": "https://www.sec.gov/Archives/edgar/data/1726978/000172697820000088/0001726978-20-000088-index.htm", "finalLink": "https://www.sec.gov/Archives/edgar/data/1726978/000172697820000088/gshd-20191231.htm", "calculatedOtherExpenses": 646000, "calculatedOperatingExpenses": 61403000, "calculatedNetInterest": -1770000, "calculatedOtherIncome": 39088000, "calculatedIncomeNonControlling": 0, "calculatedEbitda": -23701000}, {"date": "2018-12-31", "symbol": "GSHD", "reportedCurrency": "USD", "cik": "0001726978", "fillingDate": "2019-03-14", "acceptedDate": "2019-03-14 16:34:53", "calendarYear": "2018", "period": "FY", "revenue": 60148000, "costOfRevenue": 58256000, "grossProfit": 1892000, "grossProfitRatio": 0.0314557425, "researchAndDevelopmentExpenses": 0, "generalAndAdministrativeExpenses": 71316000, "sellingAndMarketingExpenses": 0, "sellingGeneralAndAdministrativeExpenses": 71316000, "otherExpenses": 2684000, "operatingExpenses": 74000000, "costAndExpenses": 78366000, "interestIncome": 422000, "interestExpense": 4266000, "depreciationAndAmortization": 1464000, "ebitda": -1666000, "ebitdaratio": -0.0276983441, "operatingIncome": -4188000, "operatingIncomeRatio": -0.0696282503, "totalOtherIncomeExpensesNet": 23022000, "incomeBeforeTax": -18218000, "incomeBeforeTaxRatio": -0.302886214, "incomeTaxExpense": 449000, "netIncome": -8903000, "netIncomeRatio": -0.1480182217, "eps": -0.66, "epsdiluted": -0.66, "weightedAverageShsOut": 13489393, "weightedAverageShsOutDil": 13554000, "link": "https://www.sec.gov/Archives/edgar/data/1726978/000172697819000074/0001726978-19-000074-index.htm", "finalLink": "https://www.sec.gov/Archives/edgar/data/1726978/000172697819000074/a2018gshd10-k.htm", "calculatedOtherExpenses": -65236000, "calculatedOperatingExpenses": 6080000, "calculatedNetInterest": -3844000, "calculatedOtherIncome": -10186000, "calculatedIncomeNonControlling": -9764000, "calculatedEbitda": -2724000}, {"date": "2017-12-31", "symbol": "GSHD", "reportedCurrency": "USD", "cik": "0001726978", "fillingDate": "2017-12-31", "acceptedDate": "2017-12-30 19:00:00", "calendarYear": "2017", "period": "FY", "revenue": 42710471, "costOfRevenue": 0, "grossProfit": 42710471, "grossProfitRatio": 1, "researchAndDevelopmentExpenses": 0, "generalAndAdministrativeExpenses": 33140971, "sellingAndMarketingExpenses": 0, "sellingGeneralAndAdministrativeExpenses": 33140971, "otherExpenses": -64700437, "operatingExpenses": -31559466, "costAndExpenses": 34033576, "interestIncome": 242700, "interestExpense": 2474110, "depreciationAndAmortization": 876053, "ebitda": 12027058, "ebitdaratio": 0.2815950683, "operatingIncome": 11151005, "operatingIncomeRatio": 0.2610836345, "totalOtherIncomeExpensesNet": 15437753, "incomeBeforeTax": 8676895, "incomeBeforeTaxRatio": 0.2031561534, "incomeTaxExpense": 17911863, "netIncome": 8676895, "netIncomeRatio": 0.2031561534, "eps": 0.19, "epsdiluted": 0.19, "weightedAverageShsOut": 12253767, "weightedAverageShsOutDil": 35000434, "link": "", "finalLink": "", "calculatedOtherExpenses": -1581505, "calculatedOperatingExpenses": 31559466, "calculatedNetInterest": -2231410, "calculatedOtherIncome": -242700, "calculatedIncomeNonControlling": -17911863, "calculatedEbitda": 12027058}, {"date": "2016-12-31", "symbol": "GSHD", "reportedCurrency": "USD", "cik": "0001726978", "fillingDate": "2016-12-31", "acceptedDate": "2016-12-30 19:00:00", "calendarYear": "2016", "period": "FY", "revenue": 31483948, "costOfRevenue": 0, "grossProfit": 31483948, "grossProfitRatio": 1, "researchAndDevelopmentExpenses": 0, "generalAndAdministrativeExpenses": 25201055, "sellingAndMarketingExpenses": 0, "sellingGeneralAndAdministrativeExpenses": 25201055, "otherExpenses": -51549434, "operatingExpenses": -26348379, "costAndExpenses": 26761421, "interestIncome": 99426, "interestExpense": 413042, "depreciationAndAmortization": 488334, "ebitda": 5623903, "ebitdaratio": 0.1786276295, "operatingIncome": 5135569, "operatingIncomeRatio": 0.1631170589, "totalOtherIncomeExpensesNet": 10101065, "incomeBeforeTax": 4722527, "incomeBeforeTaxRatio": 0.1499979291, "incomeTaxExpense": 10514107, "netIncome": 4722527, "netIncomeRatio": 0.1499979291, "eps": 0.39, "epsdiluted": 0.13, "weightedAverageShsOut": 12253767, "weightedAverageShsOutDil": 35000434, "link": "", "finalLink": "", "calculatedOtherExpenses": 1147324, "calculatedOperatingExpenses": 26348379, "calculatedNetInterest": -313616, "calculatedOtherIncome": -99426, "calculatedIncomeNonControlling": -10514107, "calculatedEbitda": 5623903}]}