{"originalCurrency": "USD", "convertedCurrency": "USD", "report": [{"date": "2023-12-31", "symbol": "GT", "reportedCurrency": "USD", "cik": "0000042582", "fillingDate": "2024-02-13", "acceptedDate": "2024-02-13 10:11:02", "calendarYear": "2023", "period": "FY", "revenue": 20066000000, "costOfRevenue": 16557000000, "grossProfit": 3509000000, "grossProfitRatio": 0.1748729194, "researchAndDevelopmentExpenses": 461000000, "generalAndAdministrativeExpenses": 0, "sellingAndMarketingExpenses": 0, "sellingGeneralAndAdministrativeExpenses": 2814000000, "otherExpenses": -150000000, "operatingExpenses": 2814000000, "costAndExpenses": 19371000000, "interestIncome": 84000000, "interestExpense": 532000000, "depreciationAndAmortization": 1001000000, "ebitda": 1571000000, "ebitdaratio": 0.0782916376, "operatingIncome": 570000000, "operatingIncomeRatio": 0.0284062593, "totalOtherIncomeExpensesNet": -865000000, "incomeBeforeTax": -677000000, "incomeBeforeTaxRatio": -0.0337386624, "incomeTaxExpense": 10000000, "netIncome": -689000000, "netIncomeRatio": -0.0343366889, "eps": -2.42, "epsdiluted": -2.42, "weightedAverageShsOut": 285000000, "weightedAverageShsOutDil": 285000000, "link": "https://www.sec.gov/Archives/edgar/data/42582/000095017024014240/0000950170-24-014240-index.htm", "finalLink": "https://www.sec.gov/Archives/edgar/data/42582/000095017024014240/gt-20231231.htm", "calculatedOtherExpenses": -336000000, "calculatedOperatingExpenses": 2939000000, "calculatedNetInterest": -448000000, "calculatedOtherIncome": -799000000, "calculatedIncomeNonControlling": 2000000, "calculatedEbitda": 1571000000}, {"date": "2022-12-31", "symbol": "GT", "reportedCurrency": "USD", "cik": "0000042582", "fillingDate": "2023-02-13", "acceptedDate": "2023-02-13 11:27:41", "calendarYear": "2022", "period": "FY", "revenue": 20805000000, "costOfRevenue": 16953000000, "grossProfit": 3852000000, "grossProfitRatio": 0.185147801, "researchAndDevelopmentExpenses": 501000000, "generalAndAdministrativeExpenses": 0, "sellingAndMarketingExpenses": 0, "sellingGeneralAndAdministrativeExpenses": 2798000000, "otherExpenses": -165000000, "operatingExpenses": 2798000000, "costAndExpenses": 19751000000, "interestIncome": 34000000, "interestExpense": 451000000, "depreciationAndAmortization": 964000000, "ebitda": 1847000000, "ebitdaratio": 0.0887767364, "operatingIncome": 883000000, "operatingIncomeRatio": 0.0424417207, "totalOtherIncomeExpensesNet": -484000000, "incomeBeforeTax": 399000000, "incomeBeforeTaxRatio": 0.0191780822, "incomeTaxExpense": 190000000, "netIncome": 202000000, "netIncomeRatio": 0.0097092045, "eps": 0.89, "epsdiluted": 0.89, "weightedAverageShsOut": 234000000, "weightedAverageShsOutDil": 234000000, "link": "https://www.sec.gov/Archives/edgar/data/42582/000095017023002558/0000950170-23-002558-index.htm", "finalLink": "https://www.sec.gov/Archives/edgar/data/42582/000095017023002558/gt-20221231.htm", "calculatedOtherExpenses": -330000000, "calculatedOperatingExpenses": 2969000000, "calculatedNetInterest": -417000000, "calculatedOtherIncome": -67000000, "calculatedIncomeNonControlling": 7000000, "calculatedEbitda": 1847000000}, {"date": "2021-12-31", "symbol": "GT", "reportedCurrency": "USD", "cik": "0000042582", "fillingDate": "2022-02-14", "acceptedDate": "2022-02-14 15:25:54", "calendarYear": "2021", "period": "FY", "revenue": 17478000000, "costOfRevenue": 13692000000, "grossProfit": 3786000000, "grossProfitRatio": 0.2166151734, "researchAndDevelopmentExpenses": 496000000, "generalAndAdministrativeExpenses": 0, "sellingAndMarketingExpenses": 0, "sellingGeneralAndAdministrativeExpenses": 2699000000, "otherExpenses": -94000000, "operatingExpenses": 2699000000, "costAndExpenses": 16391000000, "interestIncome": 72000000, "interestExpense": 387000000, "depreciationAndAmortization": 883000000, "ebitda": 1876000000, "ebitdaratio": 0.1073349353, "operatingIncome": 993000000, "operatingIncomeRatio": 0.0568142808, "totalOtherIncomeExpensesNet": -480000000, "incomeBeforeTax": 513000000, "incomeBeforeTaxRatio": 0.0293511843, "incomeTaxExpense": -267000000, "netIncome": 764000000, "netIncomeRatio": 0.0437120952, "eps": 2.92, "epsdiluted": 2.89, "weightedAverageShsOut": 261000000, "weightedAverageShsOutDil": 264000000, "link": "https://www.sec.gov/Archives/edgar/data/42582/000095017022001201/0000950170-22-001201-index.htm", "finalLink": "https://www.sec.gov/Archives/edgar/data/42582/000095017022001201/gt-20211231.htm", "calculatedOtherExpenses": -402000000, "calculatedOperatingExpenses": 2793000000, "calculatedNetInterest": -315000000, "calculatedOtherIncome": -165000000, "calculatedIncomeNonControlling": 16000000, "calculatedEbitda": 1876000000}, {"date": "2020-12-31", "symbol": "GT", "reportedCurrency": "USD", "cik": "0000042582", "fillingDate": "2021-02-09", "acceptedDate": "2021-02-09 11:47:49", "calendarYear": "2020", "period": "FY", "revenue": 12321000000, "costOfRevenue": 10337000000, "grossProfit": 1984000000, "grossProfitRatio": 0.1610258908, "researchAndDevelopmentExpenses": 390000000, "generalAndAdministrativeExpenses": 0, "sellingAndMarketingExpenses": 0, "sellingGeneralAndAdministrativeExpenses": 2192000000, "otherExpenses": -119000000, "operatingExpenses": 2192000000, "costAndExpenses": 12529000000, "interestIncome": 14000000, "interestExpense": 324000000, "depreciationAndAmortization": 859000000, "ebitda": 532000000, "ebitdaratio": 0.0431783134, "operatingIncome": -327000000, "operatingIncomeRatio": -0.0265400536, "totalOtherIncomeExpensesNet": -813000000, "incomeBeforeTax": -1140000000, "incomeBeforeTaxRatio": -0.0925249574, "incomeTaxExpense": 110000000, "netIncome": -1250000000, "netIncomeRatio": -0.1014528042, "eps": -5.34, "epsdiluted": -5.34, "weightedAverageShsOut": 234000000, "weightedAverageShsOutDil": 234000000, "link": "https://www.sec.gov/Archives/edgar/data/42582/000156459021004857/0001564590-21-004857-index.htm", "finalLink": "https://www.sec.gov/Archives/edgar/data/42582/000156459021004857/gt-10k_20201231.htm", "calculatedOtherExpenses": -271000000, "calculatedOperatingExpenses": 2311000000, "calculatedNetInterest": -310000000, "calculatedOtherIncome": -503000000, "calculatedIncomeNonControlling": 0, "calculatedEbitda": 532000000}, {"date": "2019-12-31", "symbol": "GT", "reportedCurrency": "USD", "cik": "0000042582", "fillingDate": "2020-02-11", "acceptedDate": "2020-02-11 11:12:22", "calendarYear": "2019", "period": "FY", "revenue": 14745000000, "costOfRevenue": 11602000000, "grossProfit": 3143000000, "grossProfitRatio": 0.2131570024, "researchAndDevelopmentExpenses": 430000000, "generalAndAdministrativeExpenses": 2323000000, "sellingAndMarketingExpenses": 0, "sellingGeneralAndAdministrativeExpenses": 2323000000, "otherExpenses": -98000000, "operatingExpenses": 2323000000, "costAndExpenses": 13925000000, "interestIncome": 26000000, "interestExpense": 340000000, "depreciationAndAmortization": 795000000, "ebitda": 1517000000, "ebitdaratio": 0.102882333, "operatingIncome": 722000000, "operatingIncomeRatio": 0.0489657511, "totalOtherIncomeExpensesNet": -545000000, "incomeBeforeTax": 177000000, "incomeBeforeTaxRatio": 0.0120040692, "incomeTaxExpense": 474000000, "netIncome": -297000000, "netIncomeRatio": -0.0201424212, "eps": -1.27, "epsdiluted": -1.27, "weightedAverageShsOut": 233000000, "weightedAverageShsOutDil": 233000000, "link": "https://www.sec.gov/Archives/edgar/data/42582/000095012320001393/0000950123-20-001393-index.htm", "finalLink": "https://www.sec.gov/Archives/edgar/data/42582/000095012320001393/gt-q4201910k.htm", "calculatedOtherExpenses": -332000000, "calculatedOperatingExpenses": 2421000000, "calculatedNetInterest": -314000000, "calculatedOtherIncome": -231000000, "calculatedIncomeNonControlling": 0, "calculatedEbitda": 1517000000}, {"date": "2018-12-31", "symbol": "GT", "reportedCurrency": "USD", "cik": "0000042582", "fillingDate": "2019-02-08", "acceptedDate": "2019-02-08 11:28:40", "calendarYear": "2018", "period": "FY", "revenue": 15475000000, "costOfRevenue": 11961000000, "grossProfit": 3514000000, "grossProfitRatio": 0.2270759289, "researchAndDevelopmentExpenses": 424000000, "generalAndAdministrativeExpenses": 2312000000, "sellingAndMarketingExpenses": 0, "sellingGeneralAndAdministrativeExpenses": 2312000000, "otherExpenses": 174000000, "operatingExpenses": 2312000000, "costAndExpenses": 14273000000, "interestIncome": 54000000, "interestExpense": 321000000, "depreciationAndAmortization": 778000000, "ebitda": 2154000000, "ebitdaratio": 0.1391922456, "operatingIncome": 1202000000, "operatingIncomeRatio": 0.0776736672, "totalOtherIncomeExpensesNet": 130000000, "incomeBeforeTax": 1011000000, "incomeBeforeTaxRatio": 0.0653311793, "incomeTaxExpense": 303000000, "netIncome": 693000000, "netIncomeRatio": 0.0447819063, "eps": 2.92, "epsdiluted": 2.9, "weightedAverageShsOut": 237000000, "weightedAverageShsOutDil": 239000000, "link": "https://www.sec.gov/Archives/edgar/data/42582/000095012319000989/0000950123-19-000989-index.htm", "finalLink": "https://www.sec.gov/Archives/edgar/data/42582/000095012319000989/gt-q4201810k.htm", "calculatedOtherExpenses": -424000000, "calculatedOperatingExpenses": 2312000000, "calculatedNetInterest": -267000000, "calculatedOtherIncome": 76000000, "calculatedIncomeNonControlling": 15000000, "calculatedEbitda": 1980000000}, {"date": "2017-12-31", "symbol": "GT", "reportedCurrency": "USD", "cik": "0000042582", "fillingDate": "2018-02-08", "acceptedDate": "2018-02-08 11:50:53", "calendarYear": "2017", "period": "FY", "revenue": 15377000000, "costOfRevenue": 11719000000, "grossProfit": 3658000000, "grossProfitRatio": 0.2378877544, "researchAndDevelopmentExpenses": 406000000, "generalAndAdministrativeExpenses": 2302000000, "sellingAndMarketingExpenses": 0, "sellingGeneralAndAdministrativeExpenses": 2302000000, "otherExpenses": -8000000, "operatingExpenses": 2302000000, "costAndExpenses": 14021000000, "interestIncome": 13000000, "interestExpense": 335000000, "depreciationAndAmortization": 781000000, "ebitda": 2129000000, "ebitdaratio": 0.1384535345, "operatingIncome": 1356000000, "operatingIncomeRatio": 0.0881836509, "totalOtherIncomeExpensesNet": -143000000, "incomeBeforeTax": 878000000, "incomeBeforeTaxRatio": 0.0570982636, "incomeTaxExpense": 513000000, "netIncome": 346000000, "netIncomeRatio": 0.0225011381, "eps": 1.39, "epsdiluted": 1.37, "weightedAverageShsOut": 249000000, "weightedAverageShsOutDil": 253000000, "link": "https://www.sec.gov/Archives/edgar/data/42582/000095012318001052/0000950123-18-001052-index.htm", "finalLink": "https://www.sec.gov/Archives/edgar/data/42582/000095012318001052/gt-q4201710k.htm", "calculatedOtherExpenses": -406000000, "calculatedOperatingExpenses": 2302000000, "calculatedNetInterest": -322000000, "calculatedOtherIncome": -156000000, "calculatedIncomeNonControlling": 19000000, "calculatedEbitda": 2137000000}, {"date": "2016-12-31", "symbol": "GT", "reportedCurrency": "USD", "cik": "0000042582", "fillingDate": "2017-02-08", "acceptedDate": "2017-02-08 12:55:31", "calendarYear": "2016", "period": "FY", "revenue": 15158000000, "costOfRevenue": 10972000000, "grossProfit": 4186000000, "grossProfitRatio": 0.2761578045, "researchAndDevelopmentExpenses": 388000000, "generalAndAdministrativeExpenses": 2407000000, "sellingAndMarketingExpenses": 0, "sellingGeneralAndAdministrativeExpenses": 2407000000, "otherExpenses": 10000000, "operatingExpenses": 2407000000, "costAndExpenses": 13379000000, "interestIncome": 15000000, "interestExpense": 372000000, "depreciationAndAmortization": 727000000, "ebitda": 2516000000, "ebitdaratio": 0.1659849584, "operatingIncome": 1779000000, "operatingIncomeRatio": 0.1173637683, "totalOtherIncomeExpensesNet": -200000000, "incomeBeforeTax": 1207000000, "incomeBeforeTaxRatio": 0.0796279193, "incomeTaxExpense": -77000000, "netIncome": 1264000000, "netIncomeRatio": 0.0833883098, "eps": 4.81, "epsdiluted": 4.74, "weightedAverageShsOut": 263000000, "weightedAverageShsOutDil": 266000000, "link": "https://www.sec.gov/Archives/edgar/data/42582/000156459017001142/0001564590-17-001142-index.htm", "finalLink": "https://www.sec.gov/Archives/edgar/data/42582/000156459017001142/gt-q4201610k.htm", "calculatedOtherExpenses": -388000000, "calculatedOperatingExpenses": 2407000000, "calculatedNetInterest": -357000000, "calculatedOtherIncome": -215000000, "calculatedIncomeNonControlling": 20000000, "calculatedEbitda": 2506000000}, {"date": "2015-12-31", "symbol": "GT", "reportedCurrency": "USD", "cik": "0000042582", "fillingDate": "2016-02-09", "acceptedDate": "2016-02-09 12:32:55", "calendarYear": "2015", "period": "FY", "revenue": 16443000000, "costOfRevenue": 12164000000, "grossProfit": 4279000000, "grossProfitRatio": 0.2602323177, "researchAndDevelopmentExpenses": 382000000, "generalAndAdministrativeExpenses": 2614000000, "sellingAndMarketingExpenses": 0, "sellingGeneralAndAdministrativeExpenses": 2614000000, "otherExpenses": 115000000, "operatingExpenses": 2614000000, "costAndExpenses": 14778000000, "interestIncome": 22000000, "interestExpense": 412000000, "depreciationAndAmortization": 698000000, "ebitda": 2478000000, "ebitdaratio": 0.1507024266, "operatingIncome": 1665000000, "operatingIncomeRatio": 0.1012588944, "totalOtherIncomeExpensesNet": -645000000, "incomeBeforeTax": 608000000, "incomeBeforeTaxRatio": 0.0369762209, "incomeTaxExpense": 232000000, "netIncome": 307000000, "netIncomeRatio": 0.0186705589, "eps": 1.14, "epsdiluted": 1.12, "weightedAverageShsOut": 269000000, "weightedAverageShsOutDil": 273000000, "link": "https://www.sec.gov/Archives/edgar/data/42582/000095012316013733/0000950123-16-013733-index.htm", "finalLink": "https://www.sec.gov/Archives/edgar/data/42582/000095012316013733/gt-q4201510k.htm", "calculatedOtherExpenses": -382000000, "calculatedOperatingExpenses": 2614000000, "calculatedNetInterest": -390000000, "calculatedOtherIncome": -667000000, "calculatedIncomeNonControlling": 69000000, "calculatedEbitda": 2363000000}, {"date": "2014-12-31", "symbol": "GT", "reportedCurrency": "USD", "cik": "0000042582", "fillingDate": "2015-02-17", "acceptedDate": "2015-02-17 11:58:59", "calendarYear": "2014", "period": "FY", "revenue": 18138000000, "costOfRevenue": 13906000000, "grossProfit": 4232000000, "grossProfitRatio": 0.2333223068, "researchAndDevelopmentExpenses": 399000000, "generalAndAdministrativeExpenses": 2720000000, "sellingAndMarketingExpenses": 0, "sellingGeneralAndAdministrativeExpenses": 2720000000, "otherExpenses": -302000000, "operatingExpenses": 2720000000, "costAndExpenses": 16626000000, "interestIncome": 28000000, "interestExpense": 428000000, "depreciationAndAmortization": 732000000, "ebitda": 1942000000, "ebitdaratio": 0.107068034, "operatingIncome": 1512000000, "operatingIncomeRatio": 0.0833608998, "totalOtherIncomeExpensesNet": -397000000, "incomeBeforeTax": 687000000, "incomeBeforeTaxRatio": 0.0378762818, "incomeTaxExpense": -1834000000, "netIncome": 2452000000, "netIncomeRatio": 0.1351857978, "eps": 9.13, "epsdiluted": 8.78, "weightedAverageShsOut": 268000000, "weightedAverageShsOutDil": 279000000, "link": "https://www.sec.gov/Archives/edgar/data/42582/000095012315002527/0000950123-15-002527-index.htm", "finalLink": "https://www.sec.gov/Archives/edgar/data/42582/000095012315002527/gt-q4201410k.htm", "calculatedOtherExpenses": -399000000, "calculatedOperatingExpenses": 2720000000, "calculatedNetInterest": -400000000, "calculatedOtherIncome": -425000000, "calculatedIncomeNonControlling": 69000000, "calculatedEbitda": 2244000000}, {"date": "2013-12-31", "symbol": "GT", "reportedCurrency": "USD", "cik": "0000042582", "fillingDate": "2014-02-13", "acceptedDate": "2014-02-13 11:55:23", "calendarYear": "2013", "period": "FY", "revenue": 19540000000, "costOfRevenue": 15422000000, "grossProfit": 4118000000, "grossProfitRatio": 0.2107471853, "researchAndDevelopmentExpenses": 390000000, "generalAndAdministrativeExpenses": 2758000000, "sellingAndMarketingExpenses": 0, "sellingGeneralAndAdministrativeExpenses": 2758000000, "otherExpenses": -97000000, "operatingExpenses": 2758000000, "costAndExpenses": 18180000000, "interestIncome": 41000000, "interestExpense": 392000000, "depreciationAndAmortization": 722000000, "ebitda": 1985000000, "ebitdaratio": 0.1015864893, "operatingIncome": 1360000000, "operatingIncomeRatio": 0.0696008188, "totalOtherIncomeExpensesNet": -155000000, "incomeBeforeTax": 813000000, "incomeBeforeTaxRatio": 0.0416069601, "incomeTaxExpense": 138000000, "netIncome": 629000000, "netIncomeRatio": 0.0321903787, "eps": 2.44, "epsdiluted": 2.28, "weightedAverageShsOut": 246000000, "weightedAverageShsOutDil": 277000000, "link": "https://www.sec.gov/Archives/edgar/data/42582/000095012314002054/0000950123-14-002054-index.htm", "finalLink": "https://www.sec.gov/Archives/edgar/data/42582/000095012314002054/gt-q4201310k.htm", "calculatedOtherExpenses": -390000000, "calculatedOperatingExpenses": 2758000000, "calculatedNetInterest": -351000000, "calculatedOtherIncome": -196000000, "calculatedIncomeNonControlling": 46000000, "calculatedEbitda": 2082000000}, {"date": "2012-12-31", "symbol": "GT", "reportedCurrency": "USD", "cik": "0000042582", "fillingDate": "2013-02-12", "acceptedDate": "2013-02-12 11:55:55", "calendarYear": "2012", "period": "FY", "revenue": 20992000000, "costOfRevenue": 17163000000, "grossProfit": 3829000000, "grossProfitRatio": 0.1824028201, "researchAndDevelopmentExpenses": 370000000, "generalAndAdministrativeExpenses": 2718000000, "sellingAndMarketingExpenses": 0, "sellingGeneralAndAdministrativeExpenses": 2718000000, "otherExpenses": 1000000, "operatingExpenses": 2718000000, "costAndExpenses": 19881000000, "interestIncome": 17000000, "interestExpense": 357000000, "depreciationAndAmortization": 687000000, "ebitda": 1660000000, "ebitdaratio": 0.0790777439, "operatingIncome": 1111000000, "operatingIncomeRatio": 0.0529249238, "totalOtherIncomeExpensesNet": -175000000, "incomeBeforeTax": 440000000, "incomeBeforeTaxRatio": 0.0209603659, "incomeTaxExpense": 203000000, "netIncome": 212000000, "netIncomeRatio": 0.0100990854, "eps": 0.75, "epsdiluted": 0.74, "weightedAverageShsOut": 245000000, "weightedAverageShsOutDil": 247000000, "link": "https://www.sec.gov/Archives/edgar/data/42582/000095012313000902/0000950123-13-000902-index.htm", "finalLink": "https://www.sec.gov/Archives/edgar/data/42582/000095012313000902/gt-123112x10k1.htm", "calculatedOtherExpenses": -370000000, "calculatedOperatingExpenses": 2718000000, "calculatedNetInterest": -340000000, "calculatedOtherIncome": -331000000, "calculatedIncomeNonControlling": 25000000, "calculatedEbitda": 1798000000}, {"date": "2011-12-31", "symbol": "GT", "reportedCurrency": "USD", "cik": "0000042582", "fillingDate": "2012-02-14", "acceptedDate": "2012-02-14 12:19:40", "calendarYear": "2011", "period": "FY", "revenue": 22767000000, "costOfRevenue": 18821000000, "grossProfit": 3946000000, "grossProfitRatio": 0.1733210348, "researchAndDevelopmentExpenses": 0, "generalAndAdministrativeExpenses": 2925000000, "sellingAndMarketingExpenses": 0, "sellingGeneralAndAdministrativeExpenses": 2925000000, "otherExpenses": 0, "operatingExpenses": 2925000000, "costAndExpenses": 21746000000, "interestIncome": 16000000, "interestExpense": 330000000, "depreciationAndAmortization": 715000000, "ebitda": 1021000000, "ebitdaratio": 0.0448456099, "operatingIncome": 1021000000, "operatingIncomeRatio": 0.0448456099, "totalOtherIncomeExpensesNet": -73000000, "incomeBeforeTax": 618000000, "incomeBeforeTaxRatio": 0.0271445513, "incomeTaxExpense": 201000000, "netIncome": 343000000, "netIncomeRatio": 0.0150656652, "eps": 1.32, "epsdiluted": 1.26, "weightedAverageShsOut": 244000000, "weightedAverageShsOutDil": 271000000, "link": "https://www.sec.gov/Archives/edgar/data/42582/000095012312002512/0000950123-12-002512-index.htm", "finalLink": "https://www.sec.gov/Archives/edgar/data/42582/000095012312002512/gt-123111x10k.htm", "calculatedOtherExpenses": 0, "calculatedOperatingExpenses": 2925000000, "calculatedNetInterest": -314000000, "calculatedOtherIncome": -89000000, "calculatedIncomeNonControlling": 74000000, "calculatedEbitda": 1736000000}, {"date": "2010-12-31", "symbol": "GT", "reportedCurrency": "USD", "cik": "0000042582", "fillingDate": "2011-02-10", "acceptedDate": "2011-02-10 15:14:00", "calendarYear": "2010", "period": "FY", "revenue": 18832000000, "costOfRevenue": 15452000000, "grossProfit": 3380000000, "grossProfitRatio": 0.1794817332, "researchAndDevelopmentExpenses": 0, "generalAndAdministrativeExpenses": 2870000000, "sellingAndMarketingExpenses": 0, "sellingGeneralAndAdministrativeExpenses": 2870000000, "otherExpenses": 0, "operatingExpenses": 2870000000, "costAndExpenses": 18322000000, "interestIncome": 11000000, "interestExpense": 316000000, "depreciationAndAmortization": 652000000, "ebitda": 1173000000, "ebitdaratio": 0.0622875956, "operatingIncome": 510000000, "operatingIncomeRatio": 0.0270815633, "totalOtherIncomeExpensesNet": -197000000, "incomeBeforeTax": 8000000, "incomeBeforeTaxRatio": 0.0004248088, "incomeTaxExpense": 172000000, "netIncome": -216000000, "netIncomeRatio": -0.0114698386, "eps": -0.89, "epsdiluted": -0.89, "weightedAverageShsOut": 242000000, "weightedAverageShsOutDil": 242000000, "link": "https://www.sec.gov/Archives/edgar/data/42582/000095012311011714/0000950123-11-011714-index.htm", "finalLink": "https://www.sec.gov/Archives/edgar/data/42582/000095012311011714/l41188e10vk.htm", "calculatedOtherExpenses": 0, "calculatedOperatingExpenses": 2870000000, "calculatedNetInterest": -305000000, "calculatedOtherIncome": -197000000, "calculatedIncomeNonControlling": 52000000, "calculatedEbitda": 1162000000}, {"date": "2009-12-31", "symbol": "GT", "reportedCurrency": "USD", "cik": "0000042582", "fillingDate": "2010-02-18", "acceptedDate": "2010-02-18 11:50:04", "calendarYear": "2009", "period": "FY", "revenue": 16301000000, "costOfRevenue": 13676000000, "grossProfit": 2625000000, "grossProfitRatio": 0.1610330655, "researchAndDevelopmentExpenses": 0, "generalAndAdministrativeExpenses": 2404000000, "sellingAndMarketingExpenses": 0, "sellingGeneralAndAdministrativeExpenses": 2404000000, "otherExpenses": 0, "operatingExpenses": 2404000000, "costAndExpenses": 16080000000, "interestIncome": 17000000, "interestExpense": 311000000, "depreciationAndAmortization": 636000000, "ebitda": 221000000, "ebitdaratio": 0.0135574505, "operatingIncome": 221000000, "operatingIncomeRatio": 0.0135574505, "totalOtherIncomeExpensesNet": -267000000, "incomeBeforeTax": -357000000, "incomeBeforeTaxRatio": -0.0219004969, "incomeTaxExpense": 7000000, "netIncome": -375000000, "netIncomeRatio": -0.0230047236, "eps": -1.56, "epsdiluted": -1.56, "weightedAverageShsOut": 241000000, "weightedAverageShsOutDil": 241000000, "link": "https://www.sec.gov/Archives/edgar/data/42582/000095012310014004/0000950123-10-014004-index.htm", "finalLink": "https://www.sec.gov/Archives/edgar/data/42582/000095012310014004/l38685e10vk.htm", "calculatedOtherExpenses": 0, "calculatedOperatingExpenses": 2404000000, "calculatedNetInterest": -294000000, "calculatedOtherIncome": -284000000, "calculatedIncomeNonControlling": 11000000, "calculatedEbitda": 857000000}, {"date": "2008-12-31", "symbol": "GT", "reportedCurrency": "USD", "cik": "0000042582", "fillingDate": "2009-02-18", "acceptedDate": "2009-02-18 12:41:47", "calendarYear": "2008", "period": "FY", "revenue": 19488000000, "costOfRevenue": 16139000000, "grossProfit": 3349000000, "grossProfitRatio": 0.1718493432, "researchAndDevelopmentExpenses": 0, "generalAndAdministrativeExpenses": 2600000000, "sellingAndMarketingExpenses": 0, "sellingGeneralAndAdministrativeExpenses": 2600000000, "otherExpenses": 0, "operatingExpenses": 2600000000, "costAndExpenses": 18739000000, "interestIncome": 68000000, "interestExpense": 320000000, "depreciationAndAmortization": 660000000, "ebitda": 565000000, "ebitdaratio": 0.0289922003, "operatingIncome": 749000000, "operatingIncomeRatio": 0.038433908, "totalOtherIncomeExpensesNet": -59000000, "incomeBeforeTax": 186000000, "incomeBeforeTaxRatio": 0.009544335, "incomeTaxExpense": 209000000, "netIncome": -77000000, "netIncomeRatio": -0.0039511494, "eps": -0.32, "epsdiluted": -0.32, "weightedAverageShsOut": 241000000, "weightedAverageShsOutDil": 241000000, "link": "https://www.sec.gov/Archives/edgar/data/42582/000095015209001538/0000950152-09-001538-index.htm", "finalLink": "https://www.sec.gov/Archives/edgar/data/42582/000095015209001538/l35232ae10vk.htm", "calculatedOtherExpenses": 0, "calculatedOperatingExpenses": 2600000000, "calculatedNetInterest": -252000000, "calculatedOtherIncome": -311000000, "calculatedIncomeNonControlling": 54000000, "calculatedEbitda": 1409000000}, {"date": "2007-12-31", "symbol": "GT", "reportedCurrency": "USD", "cik": "0000042582", "fillingDate": "2008-02-14", "acceptedDate": "2008-02-14 09:07:22", "calendarYear": "2007", "period": "FY", "revenue": 19644000000, "costOfRevenue": 15920000000, "grossProfit": 3724000000, "grossProfitRatio": 0.1895744248, "researchAndDevelopmentExpenses": 0, "generalAndAdministrativeExpenses": 2762000000, "sellingAndMarketingExpenses": 0, "sellingGeneralAndAdministrativeExpenses": 2762000000, "otherExpenses": 322000000, "operatingExpenses": 2762000000, "costAndExpenses": 18682000000, "interestIncome": 128000000, "interestExpense": 450000000, "depreciationAndAmortization": 659000000, "ebitda": 1767000000, "ebitdaratio": 0.0899511301, "operatingIncome": 962000000, "operatingIncomeRatio": 0.0489716962, "totalOtherIncomeExpensesNet": 137000000, "incomeBeforeTax": 464000000, "incomeBeforeTaxRatio": 0.0236204439, "incomeTaxExpense": 255000000, "netIncome": 602000000, "netIncomeRatio": 0.0306454897, "eps": 3, "epsdiluted": 2.65, "weightedAverageShsOut": 201000000, "weightedAverageShsOutDil": 232000000, "link": "https://www.sec.gov/Archives/edgar/data/42582/000095015208001092/0000950152-08-001092-index.htm", "finalLink": "https://www.sec.gov/Archives/edgar/data/42582/000095015208001092/l29512ae10vk.htm", "calculatedOtherExpenses": 0, "calculatedOperatingExpenses": 2762000000, "calculatedNetInterest": -322000000, "calculatedOtherIncome": -176000000, "calculatedIncomeNonControlling": -393000000, "calculatedEbitda": 1621000000}, {"date": "2006-12-31", "symbol": "GT", "reportedCurrency": "USD", "cik": "0000042582", "fillingDate": "2007-02-16", "acceptedDate": "2007-02-16 09:01:44", "calendarYear": "2006", "period": "FY", "revenue": 20258000000, "costOfRevenue": 17006000000, "grossProfit": 3252000000, "grossProfitRatio": 0.1605291737, "researchAndDevelopmentExpenses": 0, "generalAndAdministrativeExpenses": 2671000000, "sellingAndMarketingExpenses": 0, "sellingGeneralAndAdministrativeExpenses": 2671000000, "otherExpenses": 0, "operatingExpenses": 2671000000, "costAndExpenses": 19677000000, "interestIncome": 0, "interestExpense": 451000000, "depreciationAndAmortization": 694000000, "ebitda": 1518000000, "ebitdaratio": 0.0749333597, "operatingIncome": 581000000, "operatingIncomeRatio": 0.0286800276, "totalOtherIncomeExpensesNet": -243000000, "incomeBeforeTax": -22000000, "incomeBeforeTaxRatio": -0.0010859907, "incomeTaxExpense": 106000000, "netIncome": -330000000, "netIncomeRatio": -0.0162898608, "eps": -1.86, "epsdiluted": -1.86, "weightedAverageShsOut": 177000000, "weightedAverageShsOutDil": 177000000, "link": "https://www.sec.gov/Archives/edgar/data/42582/000095015207001224/0000950152-07-001224-index.htm", "finalLink": "https://www.sec.gov/Archives/edgar/data/42582/000095015207001224/l24626ae10vk.htm", "calculatedOtherExpenses": 0, "calculatedOperatingExpenses": 2671000000, "calculatedNetInterest": -451000000, "calculatedOtherIncome": -152000000, "calculatedIncomeNonControlling": 202000000, "calculatedEbitda": 1275000000}, {"date": "2005-12-31", "symbol": "GT", "reportedCurrency": "USD", "cik": "0000042582", "fillingDate": "2006-02-17", "acceptedDate": "2006-02-17 16:28:14", "calendarYear": "2005", "period": "FY", "revenue": 19723000000, "costOfRevenue": 15772000000, "grossProfit": 3951000000, "grossProfitRatio": 0.2003244942, "researchAndDevelopmentExpenses": 0, "generalAndAdministrativeExpenses": 2875000000, "sellingAndMarketingExpenses": 0, "sellingGeneralAndAdministrativeExpenses": 2875000000, "otherExpenses": 0, "operatingExpenses": 2875000000, "costAndExpenses": 18647000000, "interestIncome": 0, "interestExpense": 365000000, "depreciationAndAmortization": 706000000, "ebitda": 1863000000, "ebitdaratio": 0.0944582467, "operatingIncome": 1076000000, "operatingIncomeRatio": 0.054555595, "totalOtherIncomeExpensesNet": -81000000, "incomeBeforeTax": 489000000, "incomeBeforeTaxRatio": 0.0247933884, "incomeTaxExpense": 250000000, "netIncome": 228000000, "netIncomeRatio": 0.0115601075, "eps": 1.3, "epsdiluted": 1.16, "weightedAverageShsOut": 176107411, "weightedAverageShsOutDil": 208730372, "link": "https://www.sec.gov/Archives/edgar/data/42582/000095015206001296/0000950152-06-001296-index.htm", "finalLink": "https://www.sec.gov/Archives/edgar/data/42582/000095015206001296/l17860ae10vk.htm", "calculatedOtherExpenses": 0, "calculatedOperatingExpenses": 2875000000, "calculatedNetInterest": -365000000, "calculatedOtherIncome": -222000000, "calculatedIncomeNonControlling": 11000000, "calculatedEbitda": 1782000000}, {"date": "2004-12-31", "symbol": "GT", "reportedCurrency": "USD", "cik": "0000042582", "fillingDate": "2005-03-16", "acceptedDate": "2005-03-16 16:18:19", "calendarYear": "2004", "period": "FY", "revenue": 18370400000, "costOfRevenue": 14709200000, "grossProfit": 3661200000, "grossProfitRatio": 0.1992988721, "researchAndDevelopmentExpenses": 0, "generalAndAdministrativeExpenses": 2833100000, "sellingAndMarketingExpenses": 0, "sellingGeneralAndAdministrativeExpenses": 2833100000, "otherExpenses": 0, "operatingExpenses": 2833100000, "costAndExpenses": 17542300000, "interestIncome": 0, "interestExpense": 326400000, "depreciationAndAmortization": 714800000, "ebitda": 1664500000, "ebitdaratio": 0.0906077168, "operatingIncome": 828100000, "operatingIncomeRatio": 0.0450779515, "totalOtherIncomeExpensesNet": -113200000, "incomeBeforeTax": 322700000, "incomeBeforeTaxRatio": 0.0175663023, "incomeTaxExpense": 207900000, "netIncome": 114800000, "netIncomeRatio": 0.0062491835, "eps": 0.65, "epsdiluted": 0.63, "weightedAverageShsOut": 175377316, "weightedAverageShsOutDil": 192258270, "link": "https://www.sec.gov/Archives/edgar/data/42582/000095015205002219/0000950152-05-002219-index.htm", "finalLink": "https://www.sec.gov/Archives/edgar/data/42582/000095015205002219/l12143ae10vk.htm", "calculatedOtherExpenses": 0, "calculatedOperatingExpenses": 2833100000, "calculatedNetInterest": -326400000, "calculatedOtherIncome": -179000000, "calculatedIncomeNonControlling": 0, "calculatedEbitda": 1542900000}, {"date": "2003-12-31", "symbol": "GT", "reportedCurrency": "USD", "cik": "0000042582", "fillingDate": "2004-05-19", "acceptedDate": "2004-05-18 21:52:39", "calendarYear": "2003", "period": "FY", "revenue": 15119000000, "costOfRevenue": 12495300000, "grossProfit": 2623700000, "grossProfitRatio": 0.1735366096, "researchAndDevelopmentExpenses": 0, "generalAndAdministrativeExpenses": 2371200000, "sellingAndMarketingExpenses": 0, "sellingGeneralAndAdministrativeExpenses": 2371200000, "otherExpenses": 0, "operatingExpenses": 2371200000, "costAndExpenses": 14866500000, "interestIncome": 0, "interestExpense": 296300000, "depreciationAndAmortization": 693300000, "ebitda": 1570700000, "ebitdaratio": 0.1038891461, "operatingIncome": 252500000, "operatingIncomeRatio": 0.01670084, "totalOtherIncomeExpensesNet": -637000000, "incomeBeforeTax": -689900000, "incomeBeforeTaxRatio": -0.0456313248, "incomeTaxExpense": 112200000, "netIncome": -802100000, "netIncomeRatio": -0.0530524506, "eps": -4.58, "epsdiluted": -4.58, "weightedAverageShsOut": 175054230, "weightedAverageShsOutDil": 175054230, "link": "https://www.sec.gov/Archives/edgar/data/42582/000095015204004172/0000950152-04-004172-index.htm", "finalLink": "https://www.sec.gov/Archives/edgar/data/42582/000095015204004172/l07358ae10vk.htm", "calculatedOtherExpenses": 0, "calculatedOperatingExpenses": 2371200000, "calculatedNetInterest": -296300000, "calculatedOtherIncome": -646100000, "calculatedIncomeNonControlling": 0, "calculatedEbitda": 945800000}, {"date": "2002-12-31", "symbol": "GT", "reportedCurrency": "USD", "cik": "0000042582", "fillingDate": "2003-04-03", "acceptedDate": "2003-04-03 10:16:50", "calendarYear": "2002", "period": "FY", "revenue": 13850000000, "costOfRevenue": 11313900000, "grossProfit": 2536100000, "grossProfitRatio": 0.1831119134, "researchAndDevelopmentExpenses": 0, "generalAndAdministrativeExpenses": 2223900000, "sellingAndMarketingExpenses": 0, "sellingGeneralAndAdministrativeExpenses": 2223900000, "otherExpenses": 330100000, "operatingExpenses": 2554000000, "costAndExpenses": 13867900000, "interestIncome": 0, "interestExpense": 241300000, "depreciationAndAmortization": 602800000, "ebitda": 609100000, "ebitdaratio": 0.0439783394, "operatingIncome": -17900000, "operatingIncomeRatio": -0.0012924188, "totalOtherIncomeExpensesNet": -33000000, "incomeBeforeTax": -17900000, "incomeBeforeTaxRatio": -0.0012924188, "incomeTaxExpense": 1087900000, "netIncome": -1105800000, "netIncomeRatio": -0.0798411552, "eps": -6.62, "epsdiluted": -6.62, "weightedAverageShsOut": 166921017, "weightedAverageShsOutDil": 166921017, "link": "https://www.sec.gov/Archives/edgar/data/42582/000095015203003920/0000950152-03-003920-index.htm", "finalLink": "https://www.sec.gov/Archives/edgar/data/42582/000095015203003920/l99117ae10vk.htm", "calculatedOtherExpenses": 330100000, "calculatedOperatingExpenses": 2554000000, "calculatedNetInterest": -241300000, "calculatedOtherIncome": 241300000, "calculatedIncomeNonControlling": 0, "calculatedEbitda": 584900000}, {"date": "2001-12-31", "symbol": "GT", "reportedCurrency": "USD", "cik": "0000042582", "fillingDate": "2002-03-11", "acceptedDate": "2002-03-11 00:00:00", "calendarYear": "2001", "period": "FY", "revenue": 14147200000, "costOfRevenue": 11619500000, "grossProfit": 2527700000, "grossProfitRatio": 0.1786713979, "researchAndDevelopmentExpenses": 0, "generalAndAdministrativeExpenses": 2248800000, "sellingAndMarketingExpenses": 0, "sellingGeneralAndAdministrativeExpenses": 2248800000, "otherExpenses": 0, "operatingExpenses": 2248800000, "costAndExpenses": 13868300000, "interestIncome": 0, "interestExpense": 0, "depreciationAndAmortization": 636700000, "ebitda": 1147800000, "ebitdaratio": 0.0811326623, "operatingIncome": 278900000, "operatingIncomeRatio": 0.0197141484, "totalOtherIncomeExpensesNet": -272800000, "incomeBeforeTax": -273000000, "incomeBeforeTaxRatio": -0.0192971047, "incomeTaxExpense": -69400000, "netIncome": -203600000, "netIncomeRatio": -0.0143915404, "eps": -1.27, "epsdiluted": -1.27, "weightedAverageShsOut": 159811321, "weightedAverageShsOutDil": 159811321, "link": "https://www.sec.gov/Archives/edgar/data/42582/000095015202001645/0000950152-02-001645-index.htm", "finalLink": "https://www.sec.gov/Archives/edgar/data/42582/000095015202001645/l92979ae10-k.htm", "calculatedOtherExpenses": 0, "calculatedOperatingExpenses": 2248800000, "calculatedNetInterest": 0, "calculatedOtherIncome": -551900000, "calculatedIncomeNonControlling": 0, "calculatedEbitda": 915600000}, {"date": "2000-12-31", "symbol": "GT", "reportedCurrency": "USD", "cik": "0000042582", "fillingDate": "2001-03-02", "acceptedDate": "2001-03-02 00:00:00", "calendarYear": "2000", "period": "FY", "revenue": 14417100000, "costOfRevenue": 11007000000, "grossProfit": 3410100000, "grossProfitRatio": 0.2365316187, "researchAndDevelopmentExpenses": 0, "generalAndAdministrativeExpenses": 2237300000, "sellingAndMarketingExpenses": 0, "sellingGeneralAndAdministrativeExpenses": 2237300000, "otherExpenses": 630300000, "operatingExpenses": 2867600000, "costAndExpenses": 13874600000, "interestIncome": 0, "interestExpense": 0, "depreciationAndAmortization": 630300000, "ebitda": 1331900000, "ebitdaratio": 0.0923833503, "operatingIncome": 542500000, "operatingIncomeRatio": 0.0376289268, "totalOtherIncomeExpensesNet": -181500000, "incomeBeforeTax": 58800000, "incomeBeforeTaxRatio": 0.0040784901, "incomeTaxExpense": 18500000, "netIncome": 40300000, "netIncomeRatio": 0.0027952917, "eps": 0.32, "epsdiluted": 0.31, "weightedAverageShsOut": 125937500, "weightedAverageShsOutDil": 130000000, "link": "https://www.sec.gov/Archives/edgar/data/42582/000095015201001317/0000950152-01-001317-index.htm", "finalLink": "https://www.sec.gov/Archives/edgar/data/42582/000095015201001317/l86762ae10-k405.txt", "calculatedOtherExpenses": 630300000, "calculatedOperatingExpenses": 2867600000, "calculatedNetInterest": 0, "calculatedOtherIncome": -483700000, "calculatedIncomeNonControlling": 0, "calculatedEbitda": 1172800000}, {"date": "1999-12-31", "symbol": "GT", "reportedCurrency": "USD", "cik": "0000042582", "fillingDate": "2000-03-06", "acceptedDate": "2000-03-06 00:00:00", "calendarYear": "1999", "period": "FY", "revenue": 12880600000, "costOfRevenue": 9769700000, "grossProfit": 3110900000, "grossProfitRatio": 0.2415182523, "researchAndDevelopmentExpenses": 0, "generalAndAdministrativeExpenses": 2016700000, "sellingAndMarketingExpenses": 0, "sellingGeneralAndAdministrativeExpenses": 2016700000, "otherExpenses": 581700000, "operatingExpenses": 2598400000, "costAndExpenses": 12368100000, "interestIncome": 0, "interestExpense": 0, "depreciationAndAmortization": 581700000, "ebitda": 1090300000, "ebitdaratio": 0.0846466779, "operatingIncome": 512500000, "operatingIncomeRatio": 0.0397885192, "totalOtherIncomeExpensesNet": 3900000, "incomeBeforeTax": 296700000, "incomeBeforeTaxRatio": 0.0230346412, "incomeTaxExpense": 55600000, "netIncome": 241100000, "netIncomeRatio": 0.0187180721, "eps": 1.55, "epsdiluted": 1.53, "weightedAverageShsOut": 156182004, "weightedAverageShsOutDil": 158939599, "link": "https://www.sec.gov/Archives/edgar/data/42582/000095015200001479/0000950152-00-001479-index.html", "finalLink": "https://www.sec.gov/Archives/edgar/data/42582/000095015200001479/", "calculatedOtherExpenses": 581700000, "calculatedOperatingExpenses": 2598400000, "calculatedNetInterest": 0, "calculatedOtherIncome": -215800000, "calculatedIncomeNonControlling": 0, "calculatedEbitda": 1094200000}, {"date": "1998-12-31", "symbol": "GT", "reportedCurrency": "USD", "cik": "0000042582", "fillingDate": "1999-03-26", "acceptedDate": "1999-03-26 00:00:00", "calendarYear": "1998", "period": "FY", "revenue": 12626300000, "costOfRevenue": 9185100000, "grossProfit": 3441200000, "grossProfitRatio": 0.2725422333, "researchAndDevelopmentExpenses": 0, "generalAndAdministrativeExpenses": 1881100000, "sellingAndMarketingExpenses": 0, "sellingGeneralAndAdministrativeExpenses": 1881100000, "otherExpenses": 487800000, "operatingExpenses": 2368900000, "costAndExpenses": 11554000000, "interestIncome": 0, "interestExpense": 0, "depreciationAndAmortization": 487800000, "ebitda": 1450400000, "ebitdaratio": 0.11487134, "operatingIncome": 1072300000, "operatingIncomeRatio": 0.0849259086, "totalOtherIncomeExpensesNet": 109700000, "incomeBeforeTax": 1002700000, "incomeBeforeTaxRatio": 0.0794136049, "incomeTaxExpense": 285700000, "netIncome": 682300000, "netIncomeRatio": 0.054038, "eps": 4.07, "epsdiluted": 4.03, "weightedAverageShsOut": 156633907, "weightedAverageShsOutDil": 158188586, "link": "https://www.sec.gov/Archives/edgar/data/42582/000095015299002469/0000950152-99-002469-index.html", "finalLink": "https://www.sec.gov/Archives/edgar/data/42582/", "calculatedOtherExpenses": 487800000, "calculatedOperatingExpenses": 2368900000, "calculatedNetInterest": 0, "calculatedOtherIncome": -69600000, "calculatedIncomeNonControlling": 34700000, "calculatedEbitda": 1560100000}, {"date": "1997-12-31", "symbol": "GT", "reportedCurrency": "USD", "cik": "0000042582", "fillingDate": "1998-03-06", "acceptedDate": "1998-03-06 00:00:00", "calendarYear": "1997", "period": "FY", "revenue": 13155100000, "costOfRevenue": 9576600000, "grossProfit": 3578500000, "grossProfitRatio": 0.2720237779, "researchAndDevelopmentExpenses": 0, "generalAndAdministrativeExpenses": 1889500000, "sellingAndMarketingExpenses": 0, "sellingGeneralAndAdministrativeExpenses": 1889500000, "otherExpenses": 469300000, "operatingExpenses": 2358800000, "costAndExpenses": 11935400000, "interestIncome": 0, "interestExpense": 0, "depreciationAndAmortization": 469300000, "ebitda": 1944600000, "ebitdaratio": 0.1478209972, "operatingIncome": 1219700000, "operatingIncomeRatio": 0.0927168931, "totalOtherIncomeExpensesNet": -255600000, "incomeBeforeTax": 800000000, "incomeBeforeTaxRatio": 0.0608129167, "incomeTaxExpense": 241300000, "netIncome": 558700000, "netIncomeRatio": 0.0424702207, "eps": 3.58, "epsdiluted": 3.53, "weightedAverageShsOut": 156061453, "weightedAverageShsOutDil": 158271955, "link": "https://www.sec.gov/Archives/edgar/data/42582/000095015298001785/0000950152-98-001785-index.html", "finalLink": "https://www.sec.gov/Archives/edgar/data/42582/", "calculatedOtherExpenses": 469300000, "calculatedOperatingExpenses": 2358800000, "calculatedNetInterest": 0, "calculatedOtherIncome": -419700000, "calculatedIncomeNonControlling": 0, "calculatedEbitda": 1689000000}, {"date": "1996-12-31", "symbol": "GT", "reportedCurrency": "USD", "cik": "0000042582", "fillingDate": "1997-03-25", "acceptedDate": "1997-03-25 00:00:00", "calendarYear": "1996", "period": "FY", "revenue": 13112800000, "costOfRevenue": 9565900000, "grossProfit": 3546900000, "grossProfitRatio": 0.2704914282, "researchAndDevelopmentExpenses": 0, "generalAndAdministrativeExpenses": 1890100000, "sellingAndMarketingExpenses": 0, "sellingGeneralAndAdministrativeExpenses": 1890100000, "otherExpenses": 460800000, "operatingExpenses": 2350900000, "costAndExpenses": 11916800000, "interestIncome": 0, "interestExpense": 0, "depreciationAndAmortization": 460800000, "ebitda": 2558800000, "ebitdaratio": 0.1951375755, "operatingIncome": 1196000000, "operatingIncomeRatio": 0.0912085901, "totalOtherIncomeExpensesNet": -902000000, "incomeBeforeTax": 122300000, "incomeBeforeTaxRatio": 0.0093267647, "incomeTaxExpense": 20600000, "netIncome": 101700000, "netIncomeRatio": 0.0077557806, "eps": 0.66, "epsdiluted": 0.65, "weightedAverageShsOut": 154090909, "weightedAverageShsOutDil": 156461538, "link": "https://www.sec.gov/Archives/edgar/data/42582/000095015297002174/0000950152-97-002174-index.html", "finalLink": "https://www.sec.gov/Archives/edgar/data/42582/", "calculatedOtherExpenses": 460800000, "calculatedOperatingExpenses": 2350900000, "calculatedNetInterest": 0, "calculatedOtherIncome": -1073700000, "calculatedIncomeNonControlling": 0, "calculatedEbitda": 1656800000}, {"date": "1995-12-31", "symbol": "GT", "reportedCurrency": "USD", "cik": "0000042582", "fillingDate": "1996-03-20", "acceptedDate": "1996-03-20 00:00:00", "calendarYear": "1995", "period": "FY", "revenue": 13165900000, "costOfRevenue": 9658700000, "grossProfit": 3507200000, "grossProfitRatio": 0.2663851313, "researchAndDevelopmentExpenses": 0, "generalAndAdministrativeExpenses": 1936900000, "sellingAndMarketingExpenses": 0, "sellingGeneralAndAdministrativeExpenses": 1936900000, "otherExpenses": 434900000, "operatingExpenses": 2371800000, "costAndExpenses": 12030500000, "interestIncome": 0, "interestExpense": 0, "depreciationAndAmortization": 434900000, "ebitda": 1608700000, "ebitdaratio": 0.1221868615, "operatingIncome": 1135400000, "operatingIncomeRatio": 0.0862379328, "totalOtherIncomeExpensesNet": -38400000, "incomeBeforeTax": 925800000, "incomeBeforeTaxRatio": 0.0703180185, "incomeTaxExpense": 314800000, "netIncome": 611000000, "netIncomeRatio": 0.0464077655, "eps": 4.02, "epsdiluted": 4.02, "weightedAverageShsOut": 152118861, "weightedAverageShsOutDil": 152118861, "link": "https://www.sec.gov/Archives/edgar/data/42582/000095015296001068/0000950152-96-001068-index.html", "finalLink": "https://www.sec.gov/Archives/edgar/data/42582/", "calculatedOtherExpenses": 434900000, "calculatedOperatingExpenses": 2371800000, "calculatedNetInterest": 0, "calculatedOtherIncome": -209600000, "calculatedIncomeNonControlling": 0, "calculatedEbitda": 1570300000}, {"date": "1994-12-31", "symbol": "GT", "reportedCurrency": "USD", "cik": "0000042582", "fillingDate": "1995-03-27", "acceptedDate": "1995-03-27 00:00:00", "calendarYear": "1994", "period": "FY", "revenue": 12288200000, "costOfRevenue": 8861100000, "grossProfit": 3427100000, "grossProfitRatio": 0.2788935727, "researchAndDevelopmentExpenses": 0, "generalAndAdministrativeExpenses": 0, "sellingAndMarketingExpenses": 0, "sellingGeneralAndAdministrativeExpenses": 1958200000, "otherExpenses": 410300000, "operatingExpenses": 2368500000, "costAndExpenses": 11229600000, "interestIncome": 0, "interestExpense": 0, "depreciationAndAmortization": 410300000, "ebitda": 1508600000, "ebitdaratio": 0.1227681841, "operatingIncome": 1058600000, "operatingIncomeRatio": 0.0861476864, "totalOtherIncomeExpensesNet": -39700000, "incomeBeforeTax": 865700000, "incomeBeforeTaxRatio": 0.0704496997, "incomeTaxExpense": 298700000, "netIncome": 567000000, "netIncomeRatio": 0.0461418271, "eps": 3.75, "epsdiluted": 3.75, "weightedAverageShsOut": 151203885, "weightedAverageShsOutDil": 151203885, "link": "https://www.sec.gov/Archives/edgar/data/42582/000095015295000443/0000950152-95-000443-index.html", "finalLink": "https://www.sec.gov/Archives/edgar/data/42582/", "calculatedOtherExpenses": 410300000, "calculatedOperatingExpenses": 2368500000, "calculatedNetInterest": 0, "calculatedOtherIncome": -192900000, "calculatedIncomeNonControlling": 0, "calculatedEbitda": 1468900000}, {"date": "1993-12-31", "symbol": "GT", "reportedCurrency": "USD", "cik": "0000042582", "fillingDate": "1993-12-31", "acceptedDate": "1993-12-30 19:00:00", "calendarYear": "1993", "period": "FY", "revenue": 11643400000, "costOfRevenue": 8320100000, "grossProfit": 3323300000, "grossProfitRatio": 0.2854235017, "researchAndDevelopmentExpenses": 0, "generalAndAdministrativeExpenses": 0, "sellingAndMarketingExpenses": 0, "sellingGeneralAndAdministrativeExpenses": 2035200000, "otherExpenses": 392900000, "operatingExpenses": 2428100000, "costAndExpenses": 10748200000, "interestIncome": 0, "interestExpense": 0, "depreciationAndAmortization": 392900000, "ebitda": 1209000000, "ebitdaratio": 0.1038356494, "operatingIncome": 895200000, "operatingIncomeRatio": 0.0768847587, "totalOtherIncomeExpensesNet": 79100000, "incomeBeforeTax": 784900000, "incomeBeforeTaxRatio": 0.0674115808, "incomeTaxExpense": 296200000, "netIncome": 387800000, "netIncomeRatio": 0.0333064225, "eps": 2.64, "epsdiluted": 2.64, "weightedAverageShsOut": 146893939, "weightedAverageShsOutDil": 146893939, "link": "", "finalLink": "", "calculatedOtherExpenses": 392900000, "calculatedOperatingExpenses": 2428100000, "calculatedNetInterest": 0, "calculatedOtherIncome": -110300000, "calculatedIncomeNonControlling": 100900000, "calculatedEbitda": 1288100000}, {"date": "1992-12-31", "symbol": "GT", "reportedCurrency": "USD", "cik": "0000042582", "fillingDate": "1992-12-31", "acceptedDate": "1992-12-30 19:00:00", "calendarYear": "1992", "period": "FY", "revenue": 11784900000, "costOfRevenue": 8526000000, "grossProfit": 3258900000, "grossProfitRatio": 0.2765318331, "researchAndDevelopmentExpenses": 0, "generalAndAdministrativeExpenses": 0, "sellingAndMarketingExpenses": 0, "sellingGeneralAndAdministrativeExpenses": 2074400000, "otherExpenses": 445800000, "operatingExpenses": 2520200000, "costAndExpenses": 11046200000, "interestIncome": 0, "interestExpense": 0, "depreciationAndAmortization": 445800000, "ebitda": 1037200000, "ebitdaratio": 0.0880109292, "operatingIncome": 738700000, "operatingIncomeRatio": 0.0626819065, "totalOtherIncomeExpensesNet": 147300000, "incomeBeforeTax": 629900000, "incomeBeforeTaxRatio": 0.0534497535, "incomeTaxExpense": 262600000, "netIncome": -658600000, "netIncomeRatio": -0.0558850733, "eps": -4.62, "epsdiluted": -4.62, "weightedAverageShsOut": 142554113, "weightedAverageShsOutDil": 142554113, "link": "", "finalLink": "", "calculatedOtherExpenses": 445800000, "calculatedOperatingExpenses": 2520200000, "calculatedNetInterest": 0, "calculatedOtherIncome": -108800000, "calculatedIncomeNonControlling": 1025900000, "calculatedEbitda": 1184500000}, {"date": "1991-12-31", "symbol": "GT", "reportedCurrency": "USD", "cik": "0000042582", "fillingDate": "1991-12-31", "acceptedDate": "1991-12-30 19:00:00", "calendarYear": "1991", "period": "FY", "revenue": 10906800000, "costOfRevenue": 7963800000, "grossProfit": 2943000000, "grossProfitRatio": 0.2698316646, "researchAndDevelopmentExpenses": 0, "generalAndAdministrativeExpenses": 0, "sellingAndMarketingExpenses": 0, "sellingGeneralAndAdministrativeExpenses": 1976700000, "otherExpenses": 441500000, "operatingExpenses": 2418200000, "costAndExpenses": 10382000000, "interestIncome": 0, "interestExpense": 0, "depreciationAndAmortization": 441500000, "ebitda": 883100000, "ebitdaratio": 0.0809678366, "operatingIncome": 524800000, "operatingIncomeRatio": 0.0481167712, "totalOtherIncomeExpensesNet": 83200000, "incomeBeforeTax": 270700000, "incomeBeforeTaxRatio": 0.0248193787, "incomeTaxExpense": 196200000, "netIncome": 74500000, "netIncomeRatio": 0.0068306011, "eps": 0.62, "epsdiluted": 0.62, "weightedAverageShsOut": 120161290, "weightedAverageShsOutDil": 120161290, "link": "", "finalLink": "", "calculatedOtherExpenses": 441500000, "calculatedOperatingExpenses": 2418200000, "calculatedNetInterest": 0, "calculatedOtherIncome": -254100000, "calculatedIncomeNonControlling": 0, "calculatedEbitda": 966300000}, {"date": "1990-12-31", "symbol": "GT", "reportedCurrency": "USD", "cik": "0000042582", "fillingDate": "1990-12-31", "acceptedDate": "1990-12-30 19:00:00", "calendarYear": "1990", "period": "FY", "revenue": 11272500000, "costOfRevenue": 8390100000, "grossProfit": 2882400000, "grossProfitRatio": 0.2557019295, "researchAndDevelopmentExpenses": 0, "generalAndAdministrativeExpenses": 0, "sellingAndMarketingExpenses": 0, "sellingGeneralAndAdministrativeExpenses": 2249800000, "otherExpenses": 415000000, "operatingExpenses": 2664800000, "costAndExpenses": 11054900000, "interestIncome": 0, "interestExpense": 0, "depreciationAndAmortization": 415000000, "ebitda": 452000000, "ebitdaratio": 0.0400975826, "operatingIncome": 217600000, "operatingIncomeRatio": 0.019303615, "totalOtherIncomeExpensesNet": 180600000, "incomeBeforeTax": 55900000, "incomeBeforeTaxRatio": 0.0049589709, "incomeTaxExpense": 94200000, "netIncome": -38300000, "netIncomeRatio": -0.0033976491, "eps": -0.33, "epsdiluted": -0.33, "weightedAverageShsOut": 116060606, "weightedAverageShsOutDil": 116060606, "link": "", "finalLink": "", "calculatedOtherExpenses": 415000000, "calculatedOperatingExpenses": 2664800000, "calculatedNetInterest": 0, "calculatedOtherIncome": -161700000, "calculatedIncomeNonControlling": 0, "calculatedEbitda": 632600000}, {"date": "1989-12-31", "symbol": "GT", "reportedCurrency": "USD", "cik": "0000042582", "fillingDate": "1989-12-31", "acceptedDate": "1989-12-30 19:00:00", "calendarYear": "1989", "period": "FY", "revenue": 10869300000, "costOfRevenue": 7851200000, "grossProfit": 3018100000, "grossProfitRatio": 0.2776719752, "researchAndDevelopmentExpenses": 0, "generalAndAdministrativeExpenses": 0, "sellingAndMarketingExpenses": 0, "sellingGeneralAndAdministrativeExpenses": 1863700000, "otherExpenses": 383500000, "operatingExpenses": 2247200000, "costAndExpenses": 10098400000, "interestIncome": 0, "interestExpense": 0, "depreciationAndAmortization": 383500000, "ebitda": 1164400000, "ebitdaratio": 0.1071274139, "operatingIncome": 770900000, "operatingIncomeRatio": 0.0709245306, "totalOtherIncomeExpensesNet": -10000000, "incomeBeforeTax": 470900000, "incomeBeforeTaxRatio": 0.0433238571, "incomeTaxExpense": 281500000, "netIncome": 189400000, "netIncomeRatio": 0.0174252252, "eps": 1.64, "epsdiluted": 1.64, "weightedAverageShsOut": 115487805, "weightedAverageShsOutDil": 115487805, "link": "", "finalLink": "", "calculatedOtherExpenses": 383500000, "calculatedOperatingExpenses": 2247200000, "calculatedNetInterest": 0, "calculatedOtherIncome": -300000000, "calculatedIncomeNonControlling": 0, "calculatedEbitda": 1154400000}, {"date": "1988-12-31", "symbol": "GT", "reportedCurrency": "USD", "cik": "0000042582", "fillingDate": "1988-12-31", "acceptedDate": "1988-12-30 19:00:00", "calendarYear": "1988", "period": "FY", "revenue": 10810400000, "costOfRevenue": 7933900000, "grossProfit": 2876500000, "grossProfitRatio": 0.2660863613, "researchAndDevelopmentExpenses": 0, "generalAndAdministrativeExpenses": 0, "sellingAndMarketingExpenses": 0, "sellingGeneralAndAdministrativeExpenses": 1745100000, "otherExpenses": 357100000, "operatingExpenses": 2102200000, "costAndExpenses": 10036100000, "interestIncome": 0, "interestExpense": 0, "depreciationAndAmortization": 357100000, "ebitda": 1111000000, "ebitdaratio": 0.1027714053, "operatingIncome": 774300000, "operatingIncomeRatio": 0.0716254718, "totalOtherIncomeExpensesNet": 20400000, "incomeBeforeTax": 537500000, "incomeBeforeTaxRatio": 0.0497206394, "incomeTaxExpense": 187400000, "netIncome": 350100000, "netIncomeRatio": 0.0323854806, "eps": 3.06, "epsdiluted": 3.06, "weightedAverageShsOut": 114411765, "weightedAverageShsOutDil": 114411765, "link": "", "finalLink": "", "calculatedOtherExpenses": 357100000, "calculatedOperatingExpenses": 2102200000, "calculatedNetInterest": 0, "calculatedOtherIncome": -236800000, "calculatedIncomeNonControlling": 0, "calculatedEbitda": 1131400000}, {"date": "1987-12-31", "symbol": "GT", "reportedCurrency": "USD", "cik": "0000042582", "fillingDate": "1987-12-31", "acceptedDate": "1987-12-30 19:00:00", "calendarYear": "1987", "period": "FY", "revenue": 9905200000, "costOfRevenue": 7024700000, "grossProfit": 2880500000, "grossProfitRatio": 0.2908068489, "researchAndDevelopmentExpenses": 0, "generalAndAdministrativeExpenses": 0, "sellingAndMarketingExpenses": 0, "sellingGeneralAndAdministrativeExpenses": 1634900000, "otherExpenses": 349900000, "operatingExpenses": 1984800000, "costAndExpenses": 9009500000, "interestIncome": 0, "interestExpense": 0, "depreciationAndAmortization": 349900000, "ebitda": 969600000, "ebitdaratio": 0.097887978, "operatingIncome": 895700000, "operatingIncomeRatio": 0.0904272503, "totalOtherIncomeExpensesNet": 276000000, "incomeBeforeTax": 872400000, "incomeBeforeTaxRatio": 0.0880749505, "incomeTaxExpense": 358500000, "netIncome": 770900000, "netIncomeRatio": 0.0778278076, "eps": 6.37, "epsdiluted": 6.37, "weightedAverageShsOut": 121020408, "weightedAverageShsOutDil": 121020408, "link": "", "finalLink": "", "calculatedOtherExpenses": 349900000, "calculatedOperatingExpenses": 1984800000, "calculatedNetInterest": 0, "calculatedOtherIncome": -23300000, "calculatedIncomeNonControlling": -257000000, "calculatedEbitda": 1245600000}, {"date": "1986-12-31", "symbol": "GT", "reportedCurrency": "USD", "cik": "0000042582", "fillingDate": "1986-12-31", "acceptedDate": "1986-12-30 19:00:00", "calendarYear": "1986", "period": "FY", "revenue": 9103100000, "costOfRevenue": 6615300000, "grossProfit": 2487800000, "grossProfitRatio": 0.2732915161, "researchAndDevelopmentExpenses": 0, "generalAndAdministrativeExpenses": 0, "sellingAndMarketingExpenses": 0, "sellingGeneralAndAdministrativeExpenses": 1601300000, "otherExpenses": 378600000, "operatingExpenses": 1979900000, "costAndExpenses": 8595200000, "interestIncome": 0, "interestExpense": 0, "depreciationAndAmortization": 378600000, "ebitda": 1012000000, "ebitdaratio": 0.1111709198, "operatingIncome": 507900000, "operatingIncomeRatio": 0.05579418, "totalOtherIncomeExpensesNet": -125500000, "incomeBeforeTax": 238400000, "incomeBeforeTaxRatio": 0.0261888807, "incomeTaxExpense": 137700000, "netIncome": 124100000, "netIncomeRatio": 0.0136327185, "eps": 0.58, "epsdiluted": 0.58, "weightedAverageShsOut": 213965517, "weightedAverageShsOutDil": 213965517, "link": "", "finalLink": "", "calculatedOtherExpenses": 378600000, "calculatedOperatingExpenses": 1979900000, "calculatedNetInterest": 0, "calculatedOtherIncome": -269500000, "calculatedIncomeNonControlling": -23400000, "calculatedEbitda": 886500000}, {"date": "1985-12-31", "symbol": "GT", "reportedCurrency": "USD", "cik": "0000042582", "fillingDate": "1985-12-31", "acceptedDate": "1985-12-30 19:00:00", "calendarYear": "1985", "period": "FY", "revenue": 9585100000, "costOfRevenue": 7334600000, "grossProfit": 2250500000, "grossProfitRatio": 0.2347914993, "researchAndDevelopmentExpenses": 0, "generalAndAdministrativeExpenses": 0, "sellingAndMarketingExpenses": 0, "sellingGeneralAndAdministrativeExpenses": 1469600000, "otherExpenses": 300500000, "operatingExpenses": 1770100000, "costAndExpenses": 9104700000, "interestIncome": 0, "interestExpense": 0, "depreciationAndAmortization": 300500000, "ebitda": 693000000, "ebitdaratio": 0.0722997152, "operatingIncome": 480400000, "operatingIncomeRatio": 0.0501194562, "totalOtherIncomeExpensesNet": 87900000, "incomeBeforeTax": 456500000, "incomeBeforeTaxRatio": 0.0476260029, "incomeTaxExpense": 155200000, "netIncome": 412400000, "netIncomeRatio": 0.0430251119, "eps": 1.93, "epsdiluted": 1.93, "weightedAverageShsOut": 213678756, "weightedAverageShsOutDil": 213678756, "link": "", "finalLink": "", "calculatedOtherExpenses": 300500000, "calculatedOperatingExpenses": 1770100000, "calculatedNetInterest": 0, "calculatedOtherIncome": -23900000, "calculatedIncomeNonControlling": -111100000, "calculatedEbitda": 780900000}]}