{"originalCurrency": "USD", "convertedCurrency": "USD", "report": [{"date": "2023-12-31", "symbol": "GTLS", "reportedCurrency": "USD", "cik": "0000892553", "fillingDate": "2024-02-28", "acceptedDate": "2024-02-28 08:13:53", "calendarYear": "2023", "period": "FY", "revenue": 3352500000, "costOfRevenue": 2475000000, "grossProfit": 877500000, "grossProfitRatio": 0.2617449664, "researchAndDevelopmentExpenses": 23300000, "generalAndAdministrativeExpenses": 404800000, "sellingAndMarketingExpenses": 6700000, "sellingGeneralAndAdministrativeExpenses": 411500000, "otherExpenses": 600000, "operatingExpenses": 434800000, "costAndExpenses": 2909800000, "interestIncome": 0, "interestExpense": 289100000, "depreciationAndAmortization": 231100000, "ebitda": 673800000, "ebitdaratio": 0.20098434, "operatingIncome": 442700000, "operatingIncomeRatio": 0.1320507084, "totalOtherIncomeExpensesNet": -384700000, "incomeBeforeTax": 58000000, "incomeBeforeTaxRatio": 0.017300522, "incomeTaxExpense": 3000000, "netIncome": 47300000, "netIncomeRatio": 0.014108874, "eps": 0.49, "epsdiluted": 0.44, "weightedAverageShsOut": 41970000, "weightedAverageShsOutDil": 46820000, "link": "https://www.sec.gov/Archives/edgar/data/892553/000089255324000063/0000892553-24-000063-index.htm", "finalLink": "https://www.sec.gov/Archives/edgar/data/892553/000089255324000063/exhibit991gtls-20231231pre.htm", "calculatedOtherExpenses": 0, "calculatedOperatingExpenses": 434800000, "calculatedNetInterest": -289100000, "calculatedOtherIncome": -95600000, "calculatedIncomeNonControlling": 7700000, "calculatedEbitda": 673800000}, {"date": "2022-12-31", "symbol": "GTLS", "reportedCurrency": "USD", "cik": "0000892553", "fillingDate": "2023-02-24", "acceptedDate": "2023-02-24 11:55:59", "calendarYear": "2022", "period": "FY", "revenue": 1612400000, "costOfRevenue": 1205000000, "grossProfit": 407400000, "grossProfitRatio": 0.2526668321, "researchAndDevelopmentExpenses": 13500000, "generalAndAdministrativeExpenses": 211000000, "sellingAndMarketingExpenses": 3500000, "sellingGeneralAndAdministrativeExpenses": 214500000, "otherExpenses": 41400000, "operatingExpenses": 255900000, "costAndExpenses": 1460900000, "interestIncome": 31700000, "interestExpense": 28800000, "depreciationAndAmortization": 40700000, "ebitda": 192200000, "ebitdaratio": 0.1192011908, "operatingIncome": 151500000, "operatingIncomeRatio": 0.0939593153, "totalOtherIncomeExpensesNet": -52600000, "incomeBeforeTax": 98900000, "incomeBeforeTaxRatio": 0.0613371372, "incomeTaxExpense": 15900000, "netIncome": 83000000, "netIncomeRatio": 0.0514760605, "eps": 2.29, "epsdiluted": 1.99, "weightedAverageShsOut": 36250000, "weightedAverageShsOutDil": 41800000, "link": "https://www.sec.gov/Archives/edgar/data/892553/000089255323000043/0000892553-23-000043-index.htm", "finalLink": "https://www.sec.gov/Archives/edgar/data/892553/000089255323000043/gtls-20221231.htm", "calculatedOtherExpenses": 27900000, "calculatedOperatingExpenses": 255900000, "calculatedNetInterest": 2900000, "calculatedOtherIncome": -55500000, "calculatedIncomeNonControlling": 0, "calculatedEbitda": 192200000}, {"date": "2021-12-31", "symbol": "GTLS", "reportedCurrency": "USD", "cik": "0000892553", "fillingDate": "2022-02-24", "acceptedDate": "2022-02-24 17:03:53", "calendarYear": "2021", "period": "FY", "revenue": 1317700000, "costOfRevenue": 993500000, "grossProfit": 324200000, "grossProfitRatio": 0.2460347575, "researchAndDevelopmentExpenses": 12700000, "generalAndAdministrativeExpenses": 192900000, "sellingAndMarketingExpenses": 3900000, "sellingGeneralAndAdministrativeExpenses": 196800000, "otherExpenses": 38900000, "operatingExpenses": 235700000, "costAndExpenses": 1229200000, "interestIncome": 19000000, "interestExpense": 10700000, "depreciationAndAmortization": 30300000, "ebitda": 118800000, "ebitdaratio": 0.0901570919, "operatingIncome": 88500000, "operatingIncomeRatio": 0.0671624801, "totalOtherIncomeExpensesNet": -14400000, "incomeBeforeTax": 74100000, "incomeBeforeTaxRatio": 0.0562343477, "incomeTaxExpense": 13500000, "netIncome": 59100000, "netIncomeRatio": 0.0448508765, "eps": 1.66, "epsdiluted": 1.44, "weightedAverageShsOut": 35610000, "weightedAverageShsOutDil": 41110000, "link": "https://www.sec.gov/Archives/edgar/data/892553/000089255322000061/0000892553-22-000061-index.htm", "finalLink": "https://www.sec.gov/Archives/edgar/data/892553/000089255322000061/gtls-20211231.htm", "calculatedOtherExpenses": 26200000, "calculatedOperatingExpenses": 235700000, "calculatedNetInterest": 8300000, "calculatedOtherIncome": -22700000, "calculatedIncomeNonControlling": 1500000, "calculatedEbitda": 118800000}, {"date": "2020-12-31", "symbol": "GTLS", "reportedCurrency": "USD", "cik": "0000892553", "fillingDate": "2021-03-01", "acceptedDate": "2021-03-01 16:24:07", "calendarYear": "2020", "period": "FY", "revenue": 1177100000, "costOfRevenue": 845000000, "grossProfit": 332100000, "grossProfitRatio": 0.2821340583, "researchAndDevelopmentExpenses": 9100000, "generalAndAdministrativeExpenses": 175500000, "sellingAndMarketingExpenses": 2700000, "sellingGeneralAndAdministrativeExpenses": 178200000, "otherExpenses": 45700000, "operatingExpenses": 223900000, "costAndExpenses": 1068900000, "interestIncome": 21900000, "interestExpense": 17700000, "depreciationAndAmortization": 39200000, "ebitda": 147400000, "ebitdaratio": 0.1252230057, "operatingIncome": 108200000, "operatingIncomeRatio": 0.0919208224, "totalOtherIncomeExpensesNet": -7000000, "incomeBeforeTax": 101200000, "incomeBeforeTaxRatio": 0.0859740039, "incomeTaxExpense": 18900000, "netIncome": 82300000, "netIncomeRatio": 0.0699175941, "eps": 2.33, "epsdiluted": 2.26, "weightedAverageShsOut": 35380000, "weightedAverageShsOutDil": 36450000, "link": "https://www.sec.gov/Archives/edgar/data/892553/000089255321000032/0000892553-21-000032-index.htm", "finalLink": "https://www.sec.gov/Archives/edgar/data/892553/000089255321000032/gtls-20201231.htm", "calculatedOtherExpenses": 36600000, "calculatedOperatingExpenses": 223900000, "calculatedNetInterest": 4200000, "calculatedOtherIncome": -11200000, "calculatedIncomeNonControlling": 0, "calculatedEbitda": 147400000}, {"date": "2019-12-31", "symbol": "GTLS", "reportedCurrency": "USD", "cik": "0000892553", "fillingDate": "2020-02-14", "acceptedDate": "2020-02-14 16:55:47", "calendarYear": "2019", "period": "FY", "revenue": 1299100000, "costOfRevenue": 962300000, "grossProfit": 336800000, "grossProfitRatio": 0.2592564083, "researchAndDevelopmentExpenses": 9200000, "generalAndAdministrativeExpenses": 212100000, "sellingAndMarketingExpenses": 4000000, "sellingGeneralAndAdministrativeExpenses": 216100000, "otherExpenses": 39800000, "operatingExpenses": 255900000, "costAndExpenses": 1218200000, "interestIncome": 17700000, "interestExpense": 25300000, "depreciationAndAmortization": 37000000, "ebitda": 117900000, "ebitdaratio": 0.0907551382, "operatingIncome": 80900000, "operatingIncomeRatio": 0.0622738819, "totalOtherIncomeExpensesNet": -28100000, "incomeBeforeTax": 52800000, "incomeBeforeTaxRatio": 0.0406435224, "incomeTaxExpense": 6000000, "netIncome": 46400000, "netIncomeRatio": 0.0357170349, "eps": 1.37, "epsdiluted": 1.32, "weightedAverageShsOut": 33910000, "weightedAverageShsOutDil": 35170000, "link": "https://www.sec.gov/Archives/edgar/data/892553/000089255320000034/0000892553-20-000034-index.htm", "finalLink": "https://www.sec.gov/Archives/edgar/data/892553/000089255320000034/gtls-20191231x10xk.htm", "calculatedOtherExpenses": 30600000, "calculatedOperatingExpenses": 255900000, "calculatedNetInterest": -7600000, "calculatedOtherIncome": -20500000, "calculatedIncomeNonControlling": 400000, "calculatedEbitda": 117900000}, {"date": "2018-12-31", "symbol": "GTLS", "reportedCurrency": "USD", "cik": "0000892553", "fillingDate": "2019-02-22", "acceptedDate": "2019-02-22 17:17:54", "calendarYear": "2018", "period": "FY", "revenue": 1084300000, "costOfRevenue": 788400000, "grossProfit": 295900000, "grossProfitRatio": 0.2728949553, "researchAndDevelopmentExpenses": 11100000, "generalAndAdministrativeExpenses": 178200000, "sellingAndMarketingExpenses": 3700000, "sellingGeneralAndAdministrativeExpenses": 181900000, "otherExpenses": 21900000, "operatingExpenses": 203800000, "costAndExpenses": 992200000, "interestIncome": 0, "interestExpense": 21400000, "depreciationAndAmortization": 21900000, "ebitda": 112700000, "ebitdaratio": 0.1039380245, "operatingIncome": 92100000, "operatingIncomeRatio": 0.0849395924, "totalOtherIncomeExpensesNet": -400000, "incomeBeforeTax": 69000000, "incomeBeforeTaxRatio": 0.0636355252, "incomeTaxExpense": 13400000, "netIncome": 88000000, "netIncomeRatio": 0.081158351, "eps": 2.83, "epsdiluted": 2.73, "weightedAverageShsOut": 31050000, "weightedAverageShsOutDil": 32200000, "link": "https://www.sec.gov/Archives/edgar/data/892553/000089255319000040/0000892553-19-000040-index.htm", "finalLink": "https://www.sec.gov/Archives/edgar/data/892553/000089255319000040/gtls-20181231x10xk.htm", "calculatedOtherExpenses": 10800000, "calculatedOperatingExpenses": 203800000, "calculatedNetInterest": -21400000, "calculatedOtherIncome": -1700000, "calculatedIncomeNonControlling": -32400000, "calculatedEbitda": 114000000}, {"date": "2017-12-31", "symbol": "GTLS", "reportedCurrency": "USD", "cik": "0000892553", "fillingDate": "2018-02-22", "acceptedDate": "2018-02-22 17:14:32", "calendarYear": "2017", "period": "FY", "revenue": 988800000, "costOfRevenue": 716700000, "grossProfit": 272100000, "grossProfitRatio": 0.2751820388, "researchAndDevelopmentExpenses": 7100000, "generalAndAdministrativeExpenses": 210900000, "sellingAndMarketingExpenses": 4200000, "sellingGeneralAndAdministrativeExpenses": 215100000, "otherExpenses": 15000000, "operatingExpenses": 230100000, "costAndExpenses": 946800000, "interestIncome": 0, "interestExpense": 19400000, "depreciationAndAmortization": 15000000, "ebitda": 55700000, "ebitdaratio": 0.0563309061, "operatingIncome": 42000000, "operatingIncomeRatio": 0.0424757282, "totalOtherIncomeExpensesNet": -7700000, "incomeBeforeTax": 13600000, "incomeBeforeTaxRatio": 0.0137540453, "incomeTaxExpense": -15900000, "netIncome": 28000000, "netIncomeRatio": 0.0283171521, "eps": 0.91, "epsdiluted": 0.89, "weightedAverageShsOut": 30740000, "weightedAverageShsOutDil": 31340000, "link": "https://www.sec.gov/Archives/edgar/data/892553/000089255318000039/0000892553-18-000039-index.htm", "finalLink": "https://www.sec.gov/Archives/edgar/data/892553/000089255318000039/gtls-20171231x10xk.htm", "calculatedOtherExpenses": 7900000, "calculatedOperatingExpenses": 230100000, "calculatedNetInterest": -19400000, "calculatedOtherIncome": -9000000, "calculatedIncomeNonControlling": 1500000, "calculatedEbitda": 57000000}, {"date": "2016-12-31", "symbol": "GTLS", "reportedCurrency": "USD", "cik": "0000892553", "fillingDate": "2017-02-23", "acceptedDate": "2017-02-23 17:06:02", "calendarYear": "2016", "period": "FY", "revenue": 859154000, "costOfRevenue": 592781000, "grossProfit": 266373000, "grossProfitRatio": 0.3100410404, "researchAndDevelopmentExpenses": 18097000, "generalAndAdministrativeExpenses": 192111000, "sellingAndMarketingExpenses": 3800000, "sellingGeneralAndAdministrativeExpenses": 195911000, "otherExpenses": 11873000, "operatingExpenses": 207784000, "costAndExpenses": 800565000, "interestIncome": 0, "interestExpense": 17338000, "depreciationAndAmortization": 11873000, "ebitda": 69178000, "ebitdaratio": 0.0805187429, "operatingIncome": 57372000, "operatingIncomeRatio": 0.0667773182, "totalOtherIncomeExpensesNet": -1568000, "incomeBeforeTax": 38399000, "incomeBeforeTaxRatio": 0.0446939664, "incomeTaxExpense": 13702000, "netIncome": 28237000, "netIncomeRatio": 0.032866052, "eps": 0.92, "epsdiluted": 0.91, "weightedAverageShsOut": 30583000, "weightedAverageShsOutDil": 30994000, "link": "https://www.sec.gov/Archives/edgar/data/892553/000089255317000010/0000892553-17-000010-index.htm", "finalLink": "https://www.sec.gov/Archives/edgar/data/892553/000089255317000010/gtls-20161231x10xk.htm", "calculatedOtherExpenses": -5007000, "calculatedOperatingExpenses": 209001000, "calculatedNetInterest": -17338000, "calculatedOtherIncome": -1635000, "calculatedIncomeNonControlling": -3540000, "calculatedEbitda": 69245000}, {"date": "2015-12-31", "symbol": "GTLS", "reportedCurrency": "USD", "cik": "0000892553", "fillingDate": "2016-02-26", "acceptedDate": "2016-02-25 21:10:45", "calendarYear": "2015", "period": "FY", "revenue": 1040160000, "costOfRevenue": 751696000, "grossProfit": 288464000, "grossProfitRatio": 0.2773265651, "researchAndDevelopmentExpenses": 15842000, "generalAndAdministrativeExpenses": 195694000, "sellingAndMarketingExpenses": 5100000, "sellingGeneralAndAdministrativeExpenses": 200794000, "otherExpenses": 17333000, "operatingExpenses": 218127000, "costAndExpenses": 969823000, "interestIncome": 0, "interestExpense": 15971000, "depreciationAndAmortization": 17333000, "ebitda": 86380000, "ebitdaratio": 0.0830449162, "operatingIncome": -183223000, "operatingIncomeRatio": -0.1761488617, "totalOtherIncomeExpensesNet": -254908000, "incomeBeforeTax": -201832000, "incomeBeforeTaxRatio": -0.1940393786, "incomeTaxExpense": 2684000, "netIncome": -202960000, "netIncomeRatio": -0.1951238271, "eps": -6.66, "epsdiluted": -6.66, "weightedAverageShsOut": 30480480, "weightedAverageShsOutDil": 30493000, "link": "https://www.sec.gov/Archives/edgar/data/892553/000089255316000049/0000892553-16-000049-index.htm", "finalLink": "https://www.sec.gov/Archives/edgar/data/892553/000089255316000049/gtls-20151231x10xk.htm", "calculatedOtherExpenses": 255051000, "calculatedOperatingExpenses": 471687000, "calculatedNetInterest": -15971000, "calculatedOtherIncome": -2638000, "calculatedIncomeNonControlling": -1556000, "calculatedEbitda": -165890000}, {"date": "2014-12-31", "symbol": "GTLS", "reportedCurrency": "USD", "cik": "0000892553", "fillingDate": "2015-02-24", "acceptedDate": "2015-02-24 16:02:02", "calendarYear": "2014", "period": "FY", "revenue": 1192952000, "costOfRevenue": 835098000, "grossProfit": 357854000, "grossProfitRatio": 0.2999735111, "researchAndDevelopmentExpenses": 15588000, "generalAndAdministrativeExpenses": 197838000, "sellingAndMarketingExpenses": 3914000, "sellingGeneralAndAdministrativeExpenses": 201752000, "otherExpenses": 17945000, "operatingExpenses": 219697000, "costAndExpenses": 1054795000, "interestIncome": 0, "interestExpense": 16631000, "depreciationAndAmortization": 43176000, "ebitda": 179941000, "ebitdaratio": 0.1508367478, "operatingIncome": 138157000, "operatingIncomeRatio": 0.1158110301, "totalOtherIncomeExpensesNet": -970000, "incomeBeforeTax": 119164000, "incomeBeforeTaxRatio": 0.0998900207, "incomeTaxExpense": 36092000, "netIncome": 81864000, "netIncomeRatio": 0.068623046, "eps": 2.69, "epsdiluted": 2.67, "weightedAverageShsOut": 30384000, "weightedAverageShsOutDil": 30666000, "link": "https://www.sec.gov/Archives/edgar/data/892553/000089255315000008/0000892553-15-000008-index.htm", "finalLink": "https://www.sec.gov/Archives/edgar/data/892553/000089255315000008/gtls-20141231x10xk.htm", "calculatedOtherExpenses": 2357000, "calculatedOperatingExpenses": 219697000, "calculatedNetInterest": -16631000, "calculatedOtherIncome": -2362000, "calculatedIncomeNonControlling": 1208000, "calculatedEbitda": 181333000}, {"date": "2013-12-31", "symbol": "GTLS", "reportedCurrency": "USD", "cik": "0000892553", "fillingDate": "2014-02-25", "acceptedDate": "2014-02-25 15:12:34", "calendarYear": "2013", "period": "FY", "revenue": 1177438000, "costOfRevenue": 825715000, "grossProfit": 351723000, "grossProfitRatio": 0.2987189134, "researchAndDevelopmentExpenses": 14941000, "generalAndAdministrativeExpenses": 191981000, "sellingAndMarketingExpenses": 4515000, "sellingGeneralAndAdministrativeExpenses": 196496000, "otherExpenses": 19230000, "operatingExpenses": 215726000, "costAndExpenses": 1041441000, "interestIncome": 0, "interestExpense": 16275000, "depreciationAndAmortization": 40389000, "ebitda": 175080000, "ebitdaratio": 0.1486957275, "operatingIncome": 135997000, "operatingIncomeRatio": 0.1155024723, "totalOtherIncomeExpensesNet": 242000, "incomeBeforeTax": 118658000, "incomeBeforeTaxRatio": 0.1007764315, "incomeTaxExpense": 31296000, "netIncome": 83176000, "netIncomeRatio": 0.0706415115, "eps": 2.75, "epsdiluted": 2.6, "weightedAverageShsOut": 30209000, "weightedAverageShsOutDil": 31931000, "link": "https://www.sec.gov/Archives/edgar/data/892553/000089255314000010/0000892553-14-000010-index.htm", "finalLink": "https://www.sec.gov/Archives/edgar/data/892553/000089255314000010/gtls-20131231x10xk.htm", "calculatedOtherExpenses": 4289000, "calculatedOperatingExpenses": 215726000, "calculatedNetInterest": -16275000, "calculatedOtherIncome": -1064000, "calculatedIncomeNonControlling": 4186000, "calculatedEbitda": 176386000}, {"date": "2012-12-31", "symbol": "GTLS", "reportedCurrency": "USD", "cik": "0000892553", "fillingDate": "2013-02-28", "acceptedDate": "2013-02-28 15:21:44", "calendarYear": "2012", "period": "FY", "revenue": 1014152000, "costOfRevenue": 708989000, "grossProfit": 305163000, "grossProfitRatio": 0.3009045981, "researchAndDevelopmentExpenses": 14398000, "generalAndAdministrativeExpenses": 160660000, "sellingAndMarketingExpenses": 4828000, "sellingGeneralAndAdministrativeExpenses": 165488000, "otherExpenses": 14792000, "operatingExpenses": 180280000, "costAndExpenses": 889269000, "interestIncome": 0, "interestExpense": 17209000, "depreciationAndAmortization": 14792000, "ebitda": 139675000, "ebitdaratio": 0.137725903, "operatingIncome": 121813000, "operatingIncomeRatio": 0.1201131586, "totalOtherIncomeExpensesNet": -4568000, "incomeBeforeTax": 103106000, "incomeBeforeTaxRatio": 0.1016672057, "incomeTaxExpense": 30782000, "netIncome": 71295000, "netIncomeRatio": 0.0703001128, "eps": 2.39, "epsdiluted": 2.36, "weightedAverageShsOut": 29786000, "weightedAverageShsOutDil": 30194000, "link": "https://www.sec.gov/Archives/edgar/data/892553/000089255313000004/0000892553-13-000004-index.htm", "finalLink": "https://www.sec.gov/Archives/edgar/data/892553/000089255313000004/gtls-20121231x10xk.htm", "calculatedOtherExpenses": 3464000, "calculatedOperatingExpenses": 183350000, "calculatedNetInterest": -17209000, "calculatedOtherIncome": -1498000, "calculatedIncomeNonControlling": 1029000, "calculatedEbitda": 136605000}, {"date": "2011-12-31", "symbol": "GTLS", "reportedCurrency": "USD", "cik": "0000892553", "fillingDate": "2012-02-29", "acceptedDate": "2012-02-28 17:52:02", "calendarYear": "2011", "period": "FY", "revenue": 794585000, "costOfRevenue": 549139000, "grossProfit": 245446000, "grossProfitRatio": 0.3088983557, "researchAndDevelopmentExpenses": 0, "generalAndAdministrativeExpenses": 0, "sellingAndMarketingExpenses": 0, "sellingGeneralAndAdministrativeExpenses": 140535000, "otherExpenses": 13376000, "operatingExpenses": 153911000, "costAndExpenses": 703050000, "interestIncome": 0, "interestExpense": 23371000, "depreciationAndAmortization": 27915000, "ebitda": 119450000, "ebitdaratio": 0.1503300465, "operatingIncome": 89994000, "operatingIncomeRatio": 0.1132591227, "totalOtherIncomeExpensesNet": -5190000, "incomeBeforeTax": 62974000, "incomeBeforeTaxRatio": 0.0792539502, "incomeTaxExpense": 18730000, "netIncome": 44076000, "netIncomeRatio": 0.0554704657, "eps": 1.51, "epsdiluted": 1.47, "weightedAverageShsOut": 29165000, "weightedAverageShsOutDil": 29913000, "link": "https://www.sec.gov/Archives/edgar/data/892553/000144530512000510/0001445305-12-000510-index.htm", "finalLink": "https://www.sec.gov/Archives/edgar/data/892553/000144530512000510/gtls-20111231x10xk.htm", "calculatedOtherExpenses": 14917000, "calculatedOperatingExpenses": 155452000, "calculatedNetInterest": -23371000, "calculatedOtherIncome": -3649000, "calculatedIncomeNonControlling": 168000, "calculatedEbitda": 117909000}, {"date": "2010-12-31", "symbol": "GTLS", "reportedCurrency": "USD", "cik": "0000892553", "fillingDate": "2011-02-28", "acceptedDate": "2011-02-28 14:38:15", "calendarYear": "2010", "period": "FY", "revenue": 555455000, "costOfRevenue": 390156000, "grossProfit": 165299000, "grossProfitRatio": 0.2975920642, "researchAndDevelopmentExpenses": 0, "generalAndAdministrativeExpenses": 0, "sellingAndMarketingExpenses": 0, "sellingGeneralAndAdministrativeExpenses": 104973000, "otherExpenses": 11049000, "operatingExpenses": 116022000, "costAndExpenses": 506178000, "interestIncome": 0, "interestExpense": 19259000, "depreciationAndAmortization": 11049000, "ebitda": 60326000, "ebitdaratio": 0.1086064578, "operatingIncome": 47504000, "operatingIncomeRatio": 0.0855226796, "totalOtherIncomeExpensesNet": -1520000, "incomeBeforeTax": 28498000, "incomeBeforeTaxRatio": 0.0513056863, "incomeTaxExpense": 7993000, "netIncome": 20160000, "netIncomeRatio": 0.0362945693, "eps": 0.71, "epsdiluted": 0.69, "weightedAverageShsOut": 28534000, "weightedAverageShsOutDil": 29255000, "link": "https://www.sec.gov/Archives/edgar/data/892553/000119312511049498/0001193125-11-049498-index.htm", "finalLink": "https://www.sec.gov/Archives/edgar/data/892553/000119312511049498/d10k.htm", "calculatedOtherExpenses": 12822000, "calculatedOperatingExpenses": 117795000, "calculatedNetInterest": -19259000, "calculatedOtherIncome": 253000, "calculatedIncomeNonControlling": 345000, "calculatedEbitda": 58553000}, {"date": "2009-12-31", "symbol": "GTLS", "reportedCurrency": "USD", "cik": "0000892553", "fillingDate": "2010-02-26", "acceptedDate": "2010-02-25 17:41:40", "calendarYear": "2009", "period": "FY", "revenue": 591516000, "costOfRevenue": 389635000, "grossProfit": 201881000, "grossProfitRatio": 0.3412942338, "researchAndDevelopmentExpenses": 0, "generalAndAdministrativeExpenses": 0, "sellingAndMarketingExpenses": 0, "sellingGeneralAndAdministrativeExpenses": 95601000, "otherExpenses": 10716000, "operatingExpenses": 106317000, "costAndExpenses": 495952000, "interestIncome": 0, "interestExpense": 17433000, "depreciationAndAmortization": 10716000, "ebitda": 106280000, "ebitdaratio": 0.1796739226, "operatingIncome": 94334000, "operatingIncomeRatio": 0.1594783573, "totalOtherIncomeExpensesNet": 6411000, "incomeBeforeTax": 84542000, "incomeBeforeTaxRatio": 0.1429242827, "incomeTaxExpense": 23386000, "netIncome": 61011000, "netIncomeRatio": 0.1031434484, "eps": 2.14, "epsdiluted": 2.11, "weightedAverageShsOut": 28457000, "weightedAverageShsOutDil": 28981000, "link": "https://www.sec.gov/Archives/edgar/data/892553/000119312510040985/0001193125-10-040985-index.htm", "finalLink": "https://www.sec.gov/Archives/edgar/data/892553/000119312510040985/d10k.htm", "calculatedOtherExpenses": 11946000, "calculatedOperatingExpenses": 107547000, "calculatedNetInterest": -17433000, "calculatedOtherIncome": 7641000, "calculatedIncomeNonControlling": 145000, "calculatedEbitda": 105050000}, {"date": "2008-12-31", "symbol": "GTLS", "reportedCurrency": "USD", "cik": "0000892553", "fillingDate": "2009-02-25", "acceptedDate": "2009-02-25 17:30:08", "calendarYear": "2008", "period": "FY", "revenue": 744363000, "costOfRevenue": 504975000, "grossProfit": 239388000, "grossProfitRatio": 0.3216011543, "researchAndDevelopmentExpenses": 0, "generalAndAdministrativeExpenses": 0, "sellingAndMarketingExpenses": 0, "sellingGeneralAndAdministrativeExpenses": 100847000, "otherExpenses": 5188000, "operatingExpenses": 123988000, "costAndExpenses": 628963000, "interestIncome": 0, "interestExpense": -17953000, "depreciationAndAmortization": 10963000, "ebitda": 102605000, "ebitdaratio": 0.1378426923, "operatingIncome": 133353000, "operatingIncomeRatio": 0.1791504951, "totalOtherIncomeExpensesNet": 23758000, "incomeBeforeTax": 109595000, "incomeBeforeTaxRatio": 0.1472332719, "incomeTaxExpense": 30489000, "netIncome": 78924000, "netIncomeRatio": 0.1060289133, "eps": 2.78, "epsdiluted": 2.72, "weightedAverageShsOut": 28354000, "weightedAverageShsOutDil": 29008000, "link": "https://www.sec.gov/Archives/edgar/data/892553/000119312509037557/0001193125-09-037557-index.htm", "finalLink": "https://www.sec.gov/Archives/edgar/data/892553/000119312509037557/d10k.htm", "calculatedOtherExpenses": 5188000, "calculatedOperatingExpenses": 106035000, "calculatedNetInterest": 17953000, "calculatedOtherIncome": -41711000, "calculatedIncomeNonControlling": 182000, "calculatedEbitda": 144316000}, {"date": "2007-12-31", "symbol": "GTLS", "reportedCurrency": "USD", "cik": "0000892553", "fillingDate": "2008-02-28", "acceptedDate": "2008-02-28 17:24:45", "calendarYear": "2007", "period": "FY", "revenue": 666395000, "costOfRevenue": 476854000, "grossProfit": 189541000, "grossProfitRatio": 0.2844274042, "researchAndDevelopmentExpenses": 0, "generalAndAdministrativeExpenses": 0, "sellingAndMarketingExpenses": 0, "sellingGeneralAndAdministrativeExpenses": 92650000, "otherExpenses": 11406000, "operatingExpenses": 104056000, "costAndExpenses": 580910000, "interestIncome": 0, "interestExpense": 23820000, "depreciationAndAmortization": 20352000, "ebitda": 106638000, "ebitdaratio": 0.1600222091, "operatingIncome": 85181000, "operatingIncomeRatio": 0.1278235881, "totalOtherIncomeExpensesNet": -801000, "incomeBeforeTax": 61319000, "incomeBeforeTaxRatio": 0.0920159965, "incomeTaxExpense": 17319000, "netIncome": 44156000, "netIncomeRatio": 0.0662610014, "eps": 1.64, "epsdiluted": 1.61, "weightedAverageShsOut": 26872000, "weightedAverageShsOutDil": 27493000, "link": "https://www.sec.gov/Archives/edgar/data/892553/000095015208001529/0000950152-08-001529-index.htm", "finalLink": "https://www.sec.gov/Archives/edgar/data/892553/000095015208001529/l29877ae10vk.htm", "calculatedOtherExpenses": 11710000, "calculatedOperatingExpenses": 104360000, "calculatedNetInterest": -23820000, "calculatedOtherIncome": -42000, "calculatedIncomeNonControlling": -156000, "calculatedEbitda": 105533000}, {"date": "2006-12-31", "symbol": "GTLS", "reportedCurrency": "USD", "cik": "0000892553", "fillingDate": "2007-03-15", "acceptedDate": "2007-03-15 17:18:26", "calendarYear": "2006", "period": "FY", "revenue": 537454000, "costOfRevenue": 382535000, "grossProfit": 154919000, "grossProfitRatio": 0.2882460638, "researchAndDevelopmentExpenses": 0, "generalAndAdministrativeExpenses": 0, "sellingAndMarketingExpenses": 0, "sellingGeneralAndAdministrativeExpenses": 72610000, "otherExpenses": 15438000, "operatingExpenses": 88048000, "costAndExpenses": 470583000, "interestIncome": 0, "interestExpense": 19176000, "depreciationAndAmortization": 22449000, "ebitda": 88787000, "ebitdaratio": 0.1651992543, "operatingIncome": 66871000, "operatingIncomeRatio": 0.124421811, "totalOtherIncomeExpensesNet": 533000, "incomeBeforeTax": 40407000, "incomeBeforeTaxRatio": 0.0751822482, "incomeTaxExpense": 13044000, "netIncome": 26895000, "netIncomeRatio": 0.0500414919, "eps": 1.7, "epsdiluted": 1.65, "weightedAverageShsOut": 15835000, "weightedAverageShsOutDil": 16269000, "link": "https://www.sec.gov/Archives/edgar/data/892553/000095015207002173/0000950152-07-002173-index.htm", "finalLink": "https://www.sec.gov/Archives/edgar/data/892553/000095015207002173/l25046ae10vk.htm", "calculatedOtherExpenses": 15438000, "calculatedOperatingExpenses": 88048000, "calculatedNetInterest": -19176000, "calculatedOtherIncome": -7288000, "calculatedIncomeNonControlling": 468000, "calculatedEbitda": 89320000}, {"date": "2005-12-31", "symbol": "GTLS", "reportedCurrency": "USD", "cik": "0000892553", "fillingDate": "2005-12-31", "acceptedDate": "2005-12-31 00:00:00", "calendarYear": "2005", "period": "FY", "revenue": 97652000, "costOfRevenue": 75733000, "grossProfit": 21919000, "grossProfitRatio": 0.2244603285, "researchAndDevelopmentExpenses": 0, "generalAndAdministrativeExpenses": 0, "sellingAndMarketingExpenses": 0, "sellingGeneralAndAdministrativeExpenses": 16632000, "otherExpenses": 78000, "operatingExpenses": 16710000, "costAndExpenses": 92443000, "interestIncome": 0, "interestExpense": 0, "depreciationAndAmortization": 4396000, "ebitda": 9914000, "ebitdaratio": 0.1015237783, "operatingIncome": 5070000, "operatingIncomeRatio": 0.0519190595, "totalOtherIncomeExpensesNet": -309000, "incomeBeforeTax": -895000, "incomeBeforeTaxRatio": -0.0091651989, "incomeTaxExpense": -441000, "netIncome": -506000, "netIncomeRatio": -0.0051816655, "eps": -0.0858, "epsdiluted": -0.0828, "weightedAverageShsOut": 5897000, "weightedAverageShsOutDil": 6113000, "link": null, "finalLink": null, "calculatedOtherExpenses": 217000, "calculatedOperatingExpenses": 16849000, "calculatedNetInterest": 0, "calculatedOtherIncome": -5965000, "calculatedIncomeNonControlling": 52000, "calculatedEbitda": 9466000}, {"date": "2004-12-31", "symbol": "GTLS", "reportedCurrency": "USD", "cik": "0000892553", "fillingDate": "2005-03-30", "acceptedDate": "2005-03-30 17:26:14", "calendarYear": "2004", "period": "FY", "revenue": 305576000, "costOfRevenue": 211770000, "grossProfit": 93806000, "grossProfitRatio": 0.3069809147, "researchAndDevelopmentExpenses": 0, "generalAndAdministrativeExpenses": 0, "sellingAndMarketingExpenses": 0, "sellingGeneralAndAdministrativeExpenses": 53374000, "otherExpenses": 3220000, "operatingExpenses": 56594000, "costAndExpenses": 268364000, "interestIncome": 0, "interestExpense": -4760000, "depreciationAndAmortization": 8490000, "ebitda": 45322000, "ebitdaratio": 0.1483166217, "operatingIncome": 37212000, "operatingIncomeRatio": 0.1217765793, "totalOtherIncomeExpensesNet": 380000, "incomeBeforeTax": 32832000, "incomeBeforeTaxRatio": 0.1074429929, "incomeTaxExpense": 10134000, "netIncome": 22600000, "netIncomeRatio": 0.0739586879, "eps": 4.22, "epsdiluted": 4.1, "weightedAverageShsOut": 5351000, "weightedAverageShsOutDil": 5516000, "link": "https://www.sec.gov/Archives/edgar/data/892553/000119312505065286/0001193125-05-065286-index.htm", "finalLink": "https://www.sec.gov/Archives/edgar/data/892553/000119312505065286/d10k.htm", "calculatedOtherExpenses": 3220000, "calculatedOperatingExpenses": 56594000, "calculatedNetInterest": 4760000, "calculatedOtherIncome": -9140000, "calculatedIncomeNonControlling": 98000, "calculatedEbitda": 45702000}, {"date": "2003-12-31", "symbol": "GTLS", "reportedCurrency": "USD", "cik": "0000892553", "fillingDate": "2004-03-30", "acceptedDate": "2004-03-30 15:52:55", "calendarYear": "2003", "period": "FY", "revenue": 265587000, "costOfRevenue": 193749000, "grossProfit": 71838000, "grossProfitRatio": 0.2704876368, "researchAndDevelopmentExpenses": 0, "generalAndAdministrativeExpenses": 0, "sellingAndMarketingExpenses": 0, "sellingGeneralAndAdministrativeExpenses": 58358000, "otherExpenses": 15615000, "operatingExpenses": 73973000, "costAndExpenses": 267722000, "interestIncome": 0, "interestExpense": -11301000, "depreciationAndAmortization": 9832000, "ebitda": -857000, "ebitdaratio": -0.0032268146, "operatingIncome": -2135000, "operatingIncomeRatio": -0.0080387971, "totalOtherIncomeExpensesNet": 8554000, "incomeBeforeTax": -4882000, "incomeBeforeTaxRatio": -0.0183819238, "incomeTaxExpense": 2922000, "netIncome": -7054000, "netIncomeRatio": -0.0265600349, "eps": -0.33, "epsdiluted": -0.33, "weightedAverageShsOut": 21083000, "weightedAverageShsOutDil": 21083000, "link": "https://www.sec.gov/Archives/edgar/data/892553/000119312504053838/0001193125-04-053838-index.htm", "finalLink": "https://www.sec.gov/Archives/edgar/data/892553/000119312504053838/d10k.htm", "calculatedOtherExpenses": 15615000, "calculatedOperatingExpenses": 73973000, "calculatedNetInterest": 11301000, "calculatedOtherIncome": -14048000, "calculatedIncomeNonControlling": -750000, "calculatedEbitda": 7697000}, {"date": "2002-12-31", "symbol": "GTLS", "reportedCurrency": "USD", "cik": "0000892553", "fillingDate": "2003-04-15", "acceptedDate": "2003-04-15 17:16:39", "calendarYear": "2002", "period": "FY", "revenue": 296284000, "costOfRevenue": 219987000, "grossProfit": 76297000, "grossProfitRatio": 0.2575130618, "researchAndDevelopmentExpenses": 0, "generalAndAdministrativeExpenses": 0, "sellingAndMarketingExpenses": 0, "sellingGeneralAndAdministrativeExpenses": 68001000, "otherExpenses": 105897000, "operatingExpenses": 173898000, "costAndExpenses": 393885000, "interestIncome": 0, "interestExpense": -17612000, "depreciationAndAmortization": 11709000, "ebitda": -81508000, "ebitdaratio": -0.2751009167, "operatingIncome": -97601000, "operatingIncomeRatio": -0.3294170458, "totalOtherIncomeExpensesNet": -4384000, "incomeBeforeTax": -119597000, "incomeBeforeTaxRatio": -0.4036566268, "incomeTaxExpense": -11136000, "netIncome": -130785000, "netIncomeRatio": -0.4414176938, "eps": -5.22, "epsdiluted": -5.22, "weightedAverageShsOut": 25054598, "weightedAverageShsOutDil": 25054598, "link": "https://www.sec.gov/Archives/edgar/data/892553/000102140803006133/0001021408-03-006133-index.htm", "finalLink": "https://www.sec.gov/Archives/edgar/data/892553/000102140803006133/d10k.htm", "calculatedOtherExpenses": 105897000, "calculatedOperatingExpenses": 173898000, "calculatedNetInterest": 17612000, "calculatedOtherIncome": -39608000, "calculatedIncomeNonControlling": 22324000, "calculatedEbitda": -85892000}, {"date": "2001-12-31", "symbol": "GTLS", "reportedCurrency": "USD", "cik": "0000892553", "fillingDate": "2002-04-01", "acceptedDate": "2002-04-01 00:00:00", "calendarYear": "2001", "period": "FY", "revenue": 327990000, "costOfRevenue": 241629000, "grossProfit": 86361000, "grossProfitRatio": 0.2633037593, "researchAndDevelopmentExpenses": 0, "generalAndAdministrativeExpenses": 0, "sellingAndMarketingExpenses": 0, "sellingGeneralAndAdministrativeExpenses": 60128000, "otherExpenses": 6867000, "operatingExpenses": 66995000, "costAndExpenses": 308624000, "interestIncome": 0, "interestExpense": 0, "depreciationAndAmortization": 18187000, "ebitda": 39891000, "ebitdaratio": 0.1216226104, "operatingIncome": 19366000, "operatingIncomeRatio": 0.0590444831, "totalOtherIncomeExpensesNet": -2338000, "incomeBeforeTax": -4561000, "incomeBeforeTaxRatio": -0.0139059118, "incomeTaxExpense": 398000, "netIncome": -5158000, "netIncomeRatio": -0.0157260892, "eps": -0.21, "epsdiluted": -0.21, "weightedAverageShsOut": 24573000, "weightedAverageShsOutDil": 24573000, "link": "https://www.sec.gov/Archives/edgar/data/892553/000102140802004634/0001021408-02-004634-index.htm", "finalLink": "https://www.sec.gov/Archives/edgar/data/892553/000102140802004634/d10k405.txt", "calculatedOtherExpenses": 6867000, "calculatedOperatingExpenses": 66995000, "calculatedNetInterest": 0, "calculatedOtherIncome": -23927000, "calculatedIncomeNonControlling": 199000, "calculatedEbitda": 37553000}, {"date": "2000-12-31", "symbol": "GTLS", "reportedCurrency": "USD", "cik": "0000892553", "fillingDate": "2001-03-16", "acceptedDate": "2001-03-16 00:00:00", "calendarYear": "2000", "period": "FY", "revenue": 325700000, "costOfRevenue": 229671000, "grossProfit": 96029000, "grossProfitRatio": 0.2948388087, "researchAndDevelopmentExpenses": 0, "generalAndAdministrativeExpenses": 0, "sellingAndMarketingExpenses": 0, "sellingGeneralAndAdministrativeExpenses": 60803000, "otherExpenses": 3693000, "operatingExpenses": 64496000, "costAndExpenses": 294167000, "interestIncome": 0, "interestExpense": -26676000, "depreciationAndAmortization": 17864000, "ebitda": 48970000, "ebitdaratio": 0.1503530857, "operatingIncome": 30919000, "operatingIncomeRatio": 0.094930918, "totalOtherIncomeExpensesNet": 427000, "incomeBeforeTax": 5284000, "incomeBeforeTaxRatio": 0.0162235186, "incomeTaxExpense": 3012000, "netIncome": 2155000, "netIncomeRatio": 0.0066165183, "eps": 0.09, "epsdiluted": 0.09, "weightedAverageShsOut": 23944444, "weightedAverageShsOutDil": 24325000, "link": "https://www.sec.gov/Archives/edgar/data/892553/000102140801001739/0001021408-01-001739-index.htm", "finalLink": "https://www.sec.gov/Archives/edgar/data/892553/000102140801001739/0001021408-01-001739-0001.htm", "calculatedOtherExpenses": 4307000, "calculatedOperatingExpenses": 65110000, "calculatedNetInterest": 26676000, "calculatedOtherIncome": -52311000, "calculatedIncomeNonControlling": 117000, "calculatedEbitda": 48783000}, {"date": "1999-12-31", "symbol": "GTLS", "reportedCurrency": "USD", "cik": "0000892553", "fillingDate": "2000-03-16", "acceptedDate": "2000-03-16 00:00:00", "calendarYear": "1999", "period": "FY", "revenue": 292937000, "costOfRevenue": 215556000, "grossProfit": 77381000, "grossProfitRatio": 0.2641557741, "researchAndDevelopmentExpenses": 22010000, "generalAndAdministrativeExpenses": 0, "sellingAndMarketingExpenses": 0, "sellingGeneralAndAdministrativeExpenses": 51455000, "otherExpenses": 3670000, "operatingExpenses": 77135000, "costAndExpenses": 292691000, "interestIncome": 0, "interestExpense": 0, "depreciationAndAmortization": 16909000, "ebitda": 26632000, "ebitdaratio": 0.090913746, "operatingIncome": -11736000, "operatingIncomeRatio": -0.0400632218, "totalOtherIncomeExpensesNet": -9477000, "incomeBeforeTax": -25085000, "incomeBeforeTaxRatio": -0.085632747, "incomeTaxExpense": 3106000, "netIncome": -36280000, "netIncomeRatio": -0.1238491553, "eps": -1.53, "epsdiluted": -1.53, "weightedAverageShsOut": 23660000, "weightedAverageShsOutDil": 23660000, "link": "https://www.sec.gov/Archives/edgar/data/892553/000091205700012009/0000912057-00-012009-index.html", "finalLink": "https://www.sec.gov/Archives/edgar/data/892553/000091205700012009/", "calculatedOtherExpenses": 15652000, "calculatedOperatingExpenses": 89117000, "calculatedNetInterest": 0, "calculatedOtherIncome": -13349000, "calculatedIncomeNonControlling": 8089000, "calculatedEbitda": 5173000}, {"date": "1998-12-31", "symbol": "GTLS", "reportedCurrency": "USD", "cik": "0000892553", "fillingDate": "1999-02-26", "acceptedDate": "1999-02-26 00:00:00", "calendarYear": "1998", "period": "FY", "revenue": 229423000, "costOfRevenue": 151766000, "grossProfit": 77657000, "grossProfitRatio": 0.3384882945, "researchAndDevelopmentExpenses": 0, "generalAndAdministrativeExpenses": 0, "sellingAndMarketingExpenses": 0, "sellingGeneralAndAdministrativeExpenses": 33502000, "otherExpenses": 0, "operatingExpenses": 33502000, "costAndExpenses": 185268000, "interestIncome": 0, "interestExpense": 0, "depreciationAndAmortization": 7026000, "ebitda": 51181000, "ebitdaratio": 0.2230857412, "operatingIncome": 44155000, "operatingIncomeRatio": 0.1924610872, "totalOtherIncomeExpensesNet": -901000, "incomeBeforeTax": 43254000, "incomeBeforeTaxRatio": 0.1885338436, "incomeTaxExpense": 15039000, "netIncome": 28215000, "netIncomeRatio": 0.1229824386, "eps": 1.17, "epsdiluted": 1.16, "weightedAverageShsOut": 24084000, "weightedAverageShsOutDil": 24426000, "link": "https://www.sec.gov/Archives/edgar/data/892553/000104746999007542/0001047469-99-007542-index.html", "finalLink": "https://www.sec.gov/Archives/edgar/data/892553/", "calculatedOtherExpenses": 0, "calculatedOperatingExpenses": 33502000, "calculatedNetInterest": 0, "calculatedOtherIncome": -901000, "calculatedIncomeNonControlling": 0, "calculatedEbitda": 51181000}, {"date": "1997-12-31", "symbol": "GTLS", "reportedCurrency": "USD", "cik": "0000892553", "fillingDate": "1998-03-19", "acceptedDate": "1998-03-19 00:00:00", "calendarYear": "1997", "period": "FY", "revenue": 192249000, "costOfRevenue": 131009000, "grossProfit": 61240000, "grossProfitRatio": 0.31854522, "researchAndDevelopmentExpenses": 0, "generalAndAdministrativeExpenses": 0, "sellingAndMarketingExpenses": 0, "sellingGeneralAndAdministrativeExpenses": 26206000, "otherExpenses": 0, "operatingExpenses": 26206000, "costAndExpenses": 157215000, "interestIncome": 0, "interestExpense": 0, "depreciationAndAmortization": 3511000, "ebitda": 38545000, "ebitdaratio": 0.2004951911, "operatingIncome": 35034000, "operatingIncomeRatio": 0.1822324173, "totalOtherIncomeExpensesNet": -350000, "incomeBeforeTax": 34684000, "incomeBeforeTaxRatio": 0.1804118617, "incomeTaxExpense": 12057000, "netIncome": 22627000, "netIncomeRatio": 0.1176963209, "eps": 1.52, "epsdiluted": 2.24, "weightedAverageShsOut": 9540000, "weightedAverageShsOutDil": 10088000, "link": "https://www.sec.gov/Archives/edgar/data/892553/000095015298002154/0000950152-98-002154-index.html", "finalLink": "https://www.sec.gov/Archives/edgar/data/892553/", "calculatedOtherExpenses": 0, "calculatedOperatingExpenses": 26206000, "calculatedNetInterest": 0, "calculatedOtherIncome": -350000, "calculatedIncomeNonControlling": 0, "calculatedEbitda": 38545000}, {"date": "1996-12-31", "symbol": "GTLS", "reportedCurrency": "USD", "cik": "0000892553", "fillingDate": "1997-03-04", "acceptedDate": "1997-03-04 00:00:00", "calendarYear": "1996", "period": "FY", "revenue": 148400000, "costOfRevenue": 103398000, "grossProfit": 45002000, "grossProfitRatio": 0.3032479784, "researchAndDevelopmentExpenses": 0, "generalAndAdministrativeExpenses": 0, "sellingAndMarketingExpenses": 0, "sellingGeneralAndAdministrativeExpenses": 21745000, "otherExpenses": 0, "operatingExpenses": 21745000, "costAndExpenses": 125143000, "interestIncome": 0, "interestExpense": 0, "depreciationAndAmortization": 2708000, "ebitda": 25965000, "ebitdaratio": 0.1749663073, "operatingIncome": 23257000, "operatingIncomeRatio": 0.1567183288, "totalOtherIncomeExpensesNet": -623000, "incomeBeforeTax": 22634000, "incomeBeforeTaxRatio": 0.1525202156, "incomeTaxExpense": 7605000, "netIncome": 15029000, "netIncomeRatio": 0.1012735849, "eps": 1.48, "epsdiluted": 1.48, "weightedAverageShsOut": 10124000, "weightedAverageShsOutDil": 10124000, "link": "https://www.sec.gov/Archives/edgar/data/892553/000095015297001573/0000950152-97-001573-index.html", "finalLink": "https://www.sec.gov/Archives/edgar/data/892553/", "calculatedOtherExpenses": 0, "calculatedOperatingExpenses": 21745000, "calculatedNetInterest": 0, "calculatedOtherIncome": -623000, "calculatedIncomeNonControlling": 0, "calculatedEbitda": 25965000}, {"date": "1995-12-31", "symbol": "GTLS", "reportedCurrency": "USD", "cik": "0000892553", "fillingDate": "1995-12-31", "acceptedDate": "1995-12-31 00:00:00", "calendarYear": "1995", "period": "FY", "revenue": 112500000, "costOfRevenue": 79000000, "grossProfit": 33500000, "grossProfitRatio": 0.2977777778, "researchAndDevelopmentExpenses": 0, "generalAndAdministrativeExpenses": 0, "sellingAndMarketingExpenses": 0, "sellingGeneralAndAdministrativeExpenses": 18100000, "otherExpenses": 2700000, "operatingExpenses": 20800000, "costAndExpenses": 99800000, "interestIncome": 0, "interestExpense": 0, "depreciationAndAmortization": -2700000, "ebitda": 15400000, "ebitdaratio": 0.1368888889, "operatingIncome": 10800000, "operatingIncomeRatio": 0.096, "totalOtherIncomeExpensesNet": 0, "incomeBeforeTax": 10800000, "incomeBeforeTaxRatio": 0.096, "incomeTaxExpense": 3700000, "netIncome": 7100000, "netIncomeRatio": 0.0631111111, "eps": 0.81, "epsdiluted": 0.7, "weightedAverageShsOut": 8746000, "weightedAverageShsOutDil": 10088000, "link": null, "finalLink": null, "calculatedOtherExpenses": 4600000, "calculatedOperatingExpenses": 22700000, "calculatedNetInterest": 0, "calculatedOtherIncome": 0, "calculatedIncomeNonControlling": 0, "calculatedEbitda": 8100000}, {"date": "1994-12-31", "symbol": "GTLS", "reportedCurrency": "USD", "cik": "0000892553", "fillingDate": "1994-12-31", "acceptedDate": "1994-12-31 00:00:00", "calendarYear": "1994", "period": "FY", "revenue": 84300000, "costOfRevenue": 68000000, "grossProfit": 16300000, "grossProfitRatio": 0.1933570581, "researchAndDevelopmentExpenses": 0, "generalAndAdministrativeExpenses": 0, "sellingAndMarketingExpenses": 0, "sellingGeneralAndAdministrativeExpenses": 15000000, "otherExpenses": 2700000, "operatingExpenses": 17700000, "costAndExpenses": 85700000, "interestIncome": 0, "interestExpense": 0, "depreciationAndAmortization": -2700000, "ebitda": 1300000, "ebitdaratio": 0.0154211151, "operatingIncome": -2400000, "operatingIncomeRatio": -0.0284697509, "totalOtherIncomeExpensesNet": 0, "incomeBeforeTax": -2400000, "incomeBeforeTaxRatio": -0.0284697509, "incomeTaxExpense": -900000, "netIncome": -1500000, "netIncomeRatio": -0.0177935943, "eps": -0.17, "epsdiluted": -0.0583, "weightedAverageShsOut": 8746000, "weightedAverageShsOutDil": 10088000, "link": null, "finalLink": null, "calculatedOtherExpenses": 3700000, "calculatedOperatingExpenses": 18700000, "calculatedNetInterest": 0, "calculatedOtherIncome": 0, "calculatedIncomeNonControlling": 0, "calculatedEbitda": -5100000}, {"date": "1993-12-31", "symbol": "GTLS", "reportedCurrency": "USD", "cik": "0000892553", "fillingDate": "1993-12-31", "acceptedDate": "1993-12-31 00:00:00", "calendarYear": "1993", "period": "FY", "revenue": 83700000, "costOfRevenue": 63900000, "grossProfit": 19800000, "grossProfitRatio": 0.2365591398, "researchAndDevelopmentExpenses": 0, "generalAndAdministrativeExpenses": 0, "sellingAndMarketingExpenses": 0, "sellingGeneralAndAdministrativeExpenses": 15900000, "otherExpenses": 2100000, "operatingExpenses": 18000000, "costAndExpenses": 81900000, "interestIncome": 0, "interestExpense": 0, "depreciationAndAmortization": -2100000, "ebitda": 3900000, "ebitdaratio": 0.0465949821, "operatingIncome": 1300000, "operatingIncomeRatio": 0.0155316607, "totalOtherIncomeExpensesNet": 0, "incomeBeforeTax": 1300000, "incomeBeforeTaxRatio": 0.0155316607, "incomeTaxExpense": 500000, "netIncome": 800000, "netIncomeRatio": 0.009557945, "eps": 0.0915, "epsdiluted": 0.0793, "weightedAverageShsOut": 8746000, "weightedAverageShsOutDil": 10088000, "link": null, "finalLink": null, "calculatedOtherExpenses": 2600000, "calculatedOperatingExpenses": 18500000, "calculatedNetInterest": 0, "calculatedOtherIncome": 0, "calculatedIncomeNonControlling": 0, "calculatedEbitda": -800000}, {"date": "1992-12-31", "symbol": "GTLS", "reportedCurrency": "USD", "cik": "0000892553", "fillingDate": "1992-12-31", "acceptedDate": "1992-12-31 00:00:00", "calendarYear": "1992", "period": "FY", "revenue": 104800000, "costOfRevenue": 76300000, "grossProfit": 28500000, "grossProfitRatio": 0.2719465649, "researchAndDevelopmentExpenses": 0, "generalAndAdministrativeExpenses": 0, "sellingAndMarketingExpenses": 0, "sellingGeneralAndAdministrativeExpenses": 14600000, "otherExpenses": 1900000, "operatingExpenses": 16500000, "costAndExpenses": 92800000, "interestIncome": 0, "interestExpense": 0, "depreciationAndAmortization": -1900000, "ebitda": 13500000, "ebitdaratio": 0.1288167939, "operatingIncome": 10600000, "operatingIncomeRatio": 0.1011450382, "totalOtherIncomeExpensesNet": 400000, "incomeBeforeTax": 10600000, "incomeBeforeTaxRatio": 0.1011450382, "incomeTaxExpense": 3800000, "netIncome": 6800000, "netIncomeRatio": 0.0648854962, "eps": 0.78, "epsdiluted": 0.72, "weightedAverageShsOut": 8746000, "weightedAverageShsOutDil": 25717000, "link": null, "finalLink": null, "calculatedOtherExpenses": 3300000, "calculatedOperatingExpenses": 17900000, "calculatedNetInterest": 0, "calculatedOtherIncome": 0, "calculatedIncomeNonControlling": 0, "calculatedEbitda": 8700000}]}