{"originalCurrency": "USD", "convertedCurrency": "USD", "report": [{"date": "2023-12-31", "symbol": "GVA", "reportedCurrency": "USD", "cik": "0000861459", "fillingDate": "2024-02-23", "acceptedDate": "2024-02-22 19:55:59", "calendarYear": "2023", "period": "FY", "revenue": 3509138000, "costOfRevenue": 3112739000, "grossProfit": 396399000, "grossProfitRatio": 0.1129619297, "researchAndDevelopmentExpenses": 0, "generalAndAdministrativeExpenses": 288502000, "sellingAndMarketingExpenses": 5964000, "sellingGeneralAndAdministrativeExpenses": 294466000, "otherExpenses": -50217000, "operatingExpenses": 344683000, "costAndExpenses": 3457422000, "interestIncome": 17538000, "interestExpense": 18462000, "depreciationAndAmortization": 92270000, "ebitda": 143986000, "ebitdaratio": 0.0410317292, "operatingIncome": 51716000, "operatingIncomeRatio": 0.0147375224, "totalOtherIncomeExpensesNet": 8138000, "incomeBeforeTax": 59854000, "incomeBeforeTaxRatio": 0.0170566105, "incomeTaxExpense": 30267000, "netIncome": 43599000, "netIncomeRatio": 0.0124244188, "eps": 0.99, "epsdiluted": 0.83, "weightedAverageShsOut": 43879000, "weightedAverageShsOutDil": 52565000, "link": "https://www.sec.gov/Archives/edgar/data/861459/000086145924000006/0000861459-24-000006-index.htm", "finalLink": "https://www.sec.gov/Archives/edgar/data/861459/000086145924000006/gva-20231231.htm", "calculatedOtherExpenses": 50217000, "calculatedOperatingExpenses": 344683000, "calculatedNetInterest": -924000, "calculatedOtherIncome": 9062000, "calculatedIncomeNonControlling": -14012000, "calculatedEbitda": 143986000}, {"date": "2022-12-31", "symbol": "GVA", "reportedCurrency": "USD", "cik": "0000861459", "fillingDate": "2023-02-21", "acceptedDate": "2023-02-21 17:25:17", "calendarYear": "2022", "period": "FY", "revenue": 3301256000, "costOfRevenue": 2931762000, "grossProfit": 369494000, "grossProfitRatio": 0.1119252793, "researchAndDevelopmentExpenses": 0, "generalAndAdministrativeExpenses": 201746000, "sellingAndMarketingExpenses": 70864000, "sellingGeneralAndAdministrativeExpenses": 272610000, "otherExpenses": 24120000, "operatingExpenses": 296730000, "costAndExpenses": 3228492000, "interestIncome": 6528000, "interestExpense": 12624000, "depreciationAndAmortization": 89012000, "ebitda": 174393000, "ebitdaratio": 0.0528262576, "operatingIncome": 85381000, "operatingIncomeRatio": 0.0258631866, "totalOtherIncomeExpensesNet": 6436000, "incomeBeforeTax": 91817000, "incomeBeforeTaxRatio": 0.0278127476, "incomeTaxExpense": 12960000, "netIncome": 83302000, "netIncomeRatio": 0.0252334263, "eps": 1.87, "epsdiluted": 1.59, "weightedAverageShsOut": 44485000, "weightedAverageShsOutDil": 52326000, "link": "https://www.sec.gov/Archives/edgar/data/861459/000143774923004014/0001437749-23-004014-index.htm", "finalLink": "https://www.sec.gov/Archives/edgar/data/861459/000143774923004014/gva20221231_10k.htm", "calculatedOtherExpenses": 11503000, "calculatedOperatingExpenses": 284113000, "calculatedNetInterest": -6096000, "calculatedOtherIncome": 12532000, "calculatedIncomeNonControlling": -4445000, "calculatedEbitda": 174393000}, {"date": "2021-12-31", "symbol": "GVA", "reportedCurrency": "USD", "cik": "0000861459", "fillingDate": "2022-02-28", "acceptedDate": "2022-02-25 17:40:27", "calendarYear": "2021", "period": "FY", "revenue": 3010053000, "costOfRevenue": 2704497000, "grossProfit": 305556000, "grossProfitRatio": 0.1015118338, "researchAndDevelopmentExpenses": 0, "generalAndAdministrativeExpenses": 178692000, "sellingAndMarketingExpenses": 64391000, "sellingGeneralAndAdministrativeExpenses": 243083000, "otherExpenses": 95155000, "operatingExpenses": 338238000, "costAndExpenses": 3042735000, "interestIncome": 1178000, "interestExpense": 20282000, "depreciationAndAmortization": 109050000, "ebitda": 86055000, "ebitdaratio": 0.0285891976, "operatingIncome": -22995000, "operatingIncomeRatio": -0.0076394004, "totalOtherIncomeExpensesNet": 13499000, "incomeBeforeTax": -9496000, "incomeBeforeTaxRatio": -0.0031547617, "incomeTaxExpense": -1237000, "netIncome": -8259000, "netIncomeRatio": -0.0027438055, "eps": -0.18, "epsdiluted": -0.17, "weightedAverageShsOut": 45788000, "weightedAverageShsOutDil": 47599000, "link": "https://www.sec.gov/Archives/edgar/data/861459/000143774922004482/0001437749-22-004482-index.htm", "finalLink": "https://www.sec.gov/Archives/edgar/data/861459/000143774922004482/gva20211231_10k.htm", "calculatedOtherExpenses": 85468000, "calculatedOperatingExpenses": 328551000, "calculatedNetInterest": -19104000, "calculatedOtherIncome": 32603000, "calculatedIncomeNonControlling": 0, "calculatedEbitda": 86055000}, {"date": "2020-12-31", "symbol": "GVA", "reportedCurrency": "USD", "cik": "0000861459", "fillingDate": "2021-03-30", "acceptedDate": "2021-03-30 17:16:02", "calendarYear": "2020", "period": "FY", "revenue": 3562459000, "costOfRevenue": 3217671000, "grossProfit": 344788000, "grossProfitRatio": 0.0967837104, "researchAndDevelopmentExpenses": 0, "generalAndAdministrativeExpenses": 268833000, "sellingAndMarketingExpenses": 84487000, "sellingGeneralAndAdministrativeExpenses": 353320000, "otherExpenses": 4203000, "operatingExpenses": 353320000, "costAndExpenses": 3570991000, "interestIncome": 3096000, "interestExpense": 24200000, "depreciationAndAmortization": 112958000, "ebitda": 120508000, "ebitdaratio": 0.0338271963, "operatingIncome": 7550000, "operatingIncomeRatio": 0.0021193226, "totalOtherIncomeExpensesNet": -174013000, "incomeBeforeTax": -166463000, "incomeBeforeTaxRatio": -0.0467269939, "incomeTaxExpense": -282000, "netIncome": -166181000, "netIncomeRatio": -0.0466478351, "eps": -3.64, "epsdiluted": -3.64, "weightedAverageShsOut": 45614000, "weightedAverageShsOutDil": 45614000, "link": "https://www.sec.gov/Archives/edgar/data/861459/000143774921007679/0001437749-21-007679-index.htm", "finalLink": "https://www.sec.gov/Archives/edgar/data/861459/000143774921007679/gva20201231_10k.htm", "calculatedOtherExpenses": -16082000, "calculatedOperatingExpenses": 337238000, "calculatedNetInterest": -21104000, "calculatedOtherIncome": -152909000, "calculatedIncomeNonControlling": 0, "calculatedEbitda": 120508000}, {"date": "2019-12-31", "symbol": "GVA", "reportedCurrency": "USD", "cik": "0000861459", "fillingDate": "2021-02-22", "acceptedDate": "2021-02-22 17:26:47", "calendarYear": "2019", "period": "FY", "revenue": 3445606000, "costOfRevenue": 3223928000, "grossProfit": 221678000, "grossProfitRatio": 0.0643364331, "researchAndDevelopmentExpenses": 0, "generalAndAdministrativeExpenses": 230272000, "sellingAndMarketingExpenses": 77709000, "sellingGeneralAndAdministrativeExpenses": 307981000, "otherExpenses": 5308000, "operatingExpenses": 307981000, "costAndExpenses": 3531909000, "interestIncome": 7433000, "interestExpense": 18374000, "depreciationAndAmortization": 123418000, "ebitda": 61310000, "ebitdaratio": 0.0177936769, "operatingIncome": -62108000, "operatingIncomeRatio": -0.0180252763, "totalOtherIncomeExpensesNet": -14970000, "incomeBeforeTax": -77078000, "incomeBeforeTaxRatio": -0.0223699401, "incomeTaxExpense": -20376000, "netIncome": -56702000, "netIncomeRatio": -0.0164563215, "eps": -1.22, "epsdiluted": -1.22, "weightedAverageShsOut": 46559000, "weightedAverageShsOutDil": 46559000, "link": "https://www.sec.gov/Archives/edgar/data/861459/000143774921003662/0001437749-21-003662-index.htm", "finalLink": "https://www.sec.gov/Archives/edgar/data/861459/000143774921003662/gva20191231_10k.htm", "calculatedOtherExpenses": -24195000, "calculatedOperatingExpenses": 283786000, "calculatedNetInterest": -10941000, "calculatedOtherIncome": -4029000, "calculatedIncomeNonControlling": 0, "calculatedEbitda": 61310000}, {"date": "2018-12-31", "symbol": "GVA", "reportedCurrency": "USD", "cik": "0000861459", "fillingDate": "2019-02-22", "acceptedDate": "2019-02-21 20:51:15", "calendarYear": "2018", "period": "FY", "revenue": 3318414000, "costOfRevenue": 2929222000, "grossProfit": 389192000, "grossProfitRatio": 0.1172825332, "researchAndDevelopmentExpenses": 0, "generalAndAdministrativeExpenses": 198051000, "sellingAndMarketingExpenses": 74725000, "sellingGeneralAndAdministrativeExpenses": 272776000, "otherExpenses": 1666000, "operatingExpenses": 272776000, "costAndExpenses": 3201998000, "interestIncome": 6082000, "interestExpense": 14571000, "depreciationAndAmortization": 111544000, "ebitda": 242643000, "ebitdaratio": 0.0731201713, "operatingIncome": 64043000, "operatingIncomeRatio": 0.0192992797, "totalOtherIncomeExpensesNet": -43772000, "incomeBeforeTax": 64155000, "incomeBeforeTaxRatio": 0.0193330308, "incomeTaxExpense": 10414000, "netIncome": 42410000, "netIncomeRatio": 0.0127802016, "eps": 0.97, "epsdiluted": 0.96, "weightedAverageShsOut": 43564000, "weightedAverageShsOutDil": 44025000, "link": "https://www.sec.gov/Archives/edgar/data/861459/000156459019003791/0001564590-19-003791-index.htm", "finalLink": "https://www.sec.gov/Archives/edgar/data/861459/000156459019003791/gva-10k_20181231.htm", "calculatedOtherExpenses": 52373000, "calculatedOperatingExpenses": 325149000, "calculatedNetInterest": -8489000, "calculatedOtherIncome": 8601000, "calculatedIncomeNonControlling": 11331000, "calculatedEbitda": 175587000}, {"date": "2017-12-31", "symbol": "GVA", "reportedCurrency": "USD", "cik": "0000861459", "fillingDate": "2018-02-16", "acceptedDate": "2018-02-16 17:28:55", "calendarYear": "2017", "period": "FY", "revenue": 2989713000, "costOfRevenue": 2674780000, "grossProfit": 314933000, "grossProfitRatio": 0.1053388737, "researchAndDevelopmentExpenses": 0, "generalAndAdministrativeExpenses": 222811000, "sellingAndMarketingExpenses": 7688000, "sellingGeneralAndAdministrativeExpenses": 222811000, "otherExpenses": 4699000, "operatingExpenses": 222811000, "costAndExpenses": 2897591000, "interestIncome": 4742000, "interestExpense": 10800000, "depreciationAndAmortization": 66345000, "ebitda": 175015000, "ebitdaratio": 0.0585390638, "operatingIncome": 98715000, "operatingIncomeRatio": 0.0330182195, "totalOtherIncomeExpensesNet": 18399000, "incomeBeforeTax": 104463000, "incomeBeforeTaxRatio": 0.034940812, "incomeTaxExpense": 28662000, "netIncome": 69098000, "netIncomeRatio": 0.0231119174, "eps": 0.86, "epsdiluted": 0.84, "weightedAverageShsOut": 39795000, "weightedAverageShsOutDil": 40372000, "link": "https://www.sec.gov/Archives/edgar/data/861459/000086145918000008/0000861459-18-000008-index.htm", "finalLink": "https://www.sec.gov/Archives/edgar/data/861459/000086145918000008/gva1231201710k.htm", "calculatedOtherExpenses": -6593000, "calculatedOperatingExpenses": 216218000, "calculatedNetInterest": -6058000, "calculatedOtherIncome": 11806000, "calculatedIncomeNonControlling": 6703000, "calculatedEbitda": 165060000}, {"date": "2016-12-31", "symbol": "GVA", "reportedCurrency": "USD", "cik": "0000861459", "fillingDate": "2017-02-17", "acceptedDate": "2017-02-17 17:28:17", "calendarYear": "2016", "period": "FY", "revenue": 2514617000, "costOfRevenue": 2213247000, "grossProfit": 301370000, "grossProfitRatio": 0.1198472769, "researchAndDevelopmentExpenses": 0, "generalAndAdministrativeExpenses": 219299000, "sellingAndMarketingExpenses": 10122000, "sellingGeneralAndAdministrativeExpenses": 219299000, "otherExpenses": 5972000, "operatingExpenses": 219299000, "costAndExpenses": 2432546000, "interestIncome": 3225000, "interestExpense": 12366000, "depreciationAndAmortization": 64375000, "ebitda": 162820000, "ebitdaratio": 0.0647494231, "operatingIncome": 92354000, "operatingIncomeRatio": 0.0367268654, "totalOtherIncomeExpensesNet": 23432000, "incomeBeforeTax": 96362000, "incomeBeforeTaxRatio": 0.0383207463, "incomeTaxExpense": 30162000, "netIncome": 57122000, "netIncomeRatio": 0.0227159842, "eps": 1.44, "epsdiluted": 1.42, "weightedAverageShsOut": 39557000, "weightedAverageShsOutDil": 40225000, "link": "https://www.sec.gov/Archives/edgar/data/861459/000086145917000012/0000861459-17-000012-index.htm", "finalLink": "https://www.sec.gov/Archives/edgar/data/861459/000086145917000012/gva1231201610k.htm", "calculatedOtherExpenses": -10283000, "calculatedOperatingExpenses": 209016000, "calculatedNetInterest": -9141000, "calculatedOtherIncome": 13149000, "calculatedIncomeNonControlling": 9078000, "calculatedEbitda": 156729000}, {"date": "2015-12-31", "symbol": "GVA", "reportedCurrency": "USD", "cik": "0000861459", "fillingDate": "2016-02-25", "acceptedDate": "2016-02-25 15:17:20", "calendarYear": "2015", "period": "FY", "revenue": 2371029000, "costOfRevenue": 2067671000, "grossProfit": 303358000, "grossProfitRatio": 0.1279436059, "researchAndDevelopmentExpenses": 0, "generalAndAdministrativeExpenses": 207339000, "sellingAndMarketingExpenses": 7940000, "sellingGeneralAndAdministrativeExpenses": 207339000, "otherExpenses": 2031000, "operatingExpenses": 207339000, "costAndExpenses": 2275010000, "interestIncome": 2135000, "interestExpense": 14257000, "depreciationAndAmortization": 64309000, "ebitda": 167704000, "ebitdaratio": 0.0707304719, "operatingIncome": 110308000, "operatingIncomeRatio": 0.0465232606, "totalOtherIncomeExpensesNet": 19530000, "incomeBeforeTax": 103427000, "incomeBeforeTaxRatio": 0.0436211451, "incomeTaxExpense": 35179000, "netIncome": 60485000, "netIncomeRatio": 0.0255100212, "eps": 1.54, "epsdiluted": 1.52, "weightedAverageShsOut": 39337000, "weightedAverageShsOutDil": 39868000, "link": "https://www.sec.gov/Archives/edgar/data/861459/000086145916000040/0000861459-16-000040-index.htm", "finalLink": "https://www.sec.gov/Archives/edgar/data/861459/000086145916000040/gva1231201510k.htm", "calculatedOtherExpenses": -14289000, "calculatedOperatingExpenses": 193050000, "calculatedNetInterest": -12122000, "calculatedOtherIncome": 5241000, "calculatedIncomeNonControlling": 7763000, "calculatedEbitda": 174617000}, {"date": "2014-12-31", "symbol": "GVA", "reportedCurrency": "USD", "cik": "0000861459", "fillingDate": "2015-02-27", "acceptedDate": "2015-02-27 14:52:09", "calendarYear": "2014", "period": "FY", "revenue": 2275270000, "costOfRevenue": 2024964000, "grossProfit": 250306000, "grossProfitRatio": 0.1100115591, "researchAndDevelopmentExpenses": 0, "generalAndAdministrativeExpenses": 203821000, "sellingAndMarketingExpenses": 10290000, "sellingGeneralAndAdministrativeExpenses": 203821000, "otherExpenses": 1883000, "operatingExpenses": 203821000, "costAndExpenses": 2228785000, "interestIncome": 1872000, "interestExpense": 14159000, "depreciationAndAmortization": 68252000, "ebitda": 119393000, "ebitdaratio": 0.0524742119, "operatingIncome": 65100000, "operatingIncomeRatio": 0.0286119889, "totalOtherIncomeExpensesNet": 21399000, "incomeBeforeTax": 55597000, "incomeBeforeTaxRatio": 0.0244353417, "incomeTaxExpense": 19721000, "netIncome": 25346000, "netIncomeRatio": 0.0111397768, "eps": 0.65, "epsdiluted": 0.64, "weightedAverageShsOut": 39096000, "weightedAverageShsOutDil": 39795000, "link": "https://www.sec.gov/Archives/edgar/data/861459/000086145915000007/0000861459-15-000007-index.htm", "finalLink": "https://www.sec.gov/Archives/edgar/data/861459/000086145915000007/gva1231201410k.htm", "calculatedOtherExpenses": -18615000, "calculatedOperatingExpenses": 185206000, "calculatedNetInterest": -12287000, "calculatedOtherIncome": 2784000, "calculatedIncomeNonControlling": 10530000, "calculatedEbitda": 133352000}, {"date": "2013-12-31", "symbol": "GVA", "reportedCurrency": "USD", "cik": "0000861459", "fillingDate": "2014-03-03", "acceptedDate": "2014-03-03 17:00:58", "calendarYear": "2013", "period": "FY", "revenue": 2266901000, "costOfRevenue": 2081638000, "grossProfit": 185263000, "grossProfitRatio": 0.0817252275, "researchAndDevelopmentExpenses": 0, "generalAndAdministrativeExpenses": 199946000, "sellingAndMarketingExpenses": 6901000, "sellingGeneralAndAdministrativeExpenses": 199946000, "otherExpenses": 1960000, "operatingExpenses": 199946000, "costAndExpenses": 2281584000, "interestIncome": 1785000, "interestExpense": 14386000, "depreciationAndAmortization": 72899000, "ebitda": 63265000, "ebitdaratio": 0.0279081442, "operatingIncome": -54692000, "operatingIncomeRatio": -0.0241263293, "totalOtherIncomeExpensesNet": -36745000, "incomeBeforeTax": -64029000, "incomeBeforeTaxRatio": -0.0282451682, "incomeTaxExpense": -19263000, "netIncome": -36423000, "netIncomeRatio": -0.0160673095, "eps": -0.94, "epsdiluted": -0.94, "weightedAverageShsOut": 38747872, "weightedAverageShsOutDil": 38803000, "link": "https://www.sec.gov/Archives/edgar/data/861459/000086145914000007/0000861459-14-000007-index.htm", "finalLink": "https://www.sec.gov/Archives/edgar/data/861459/000086145914000007/gva1231201310k.htm", "calculatedOtherExpenses": 40009000, "calculatedOperatingExpenses": 239955000, "calculatedNetInterest": -12601000, "calculatedOtherIncome": 3264000, "calculatedIncomeNonControlling": -8343000, "calculatedEbitda": 18207000}, {"date": "2012-12-31", "symbol": "GVA", "reportedCurrency": "USD", "cik": "0000861459", "fillingDate": "2013-03-01", "acceptedDate": "2013-03-01 15:56:42", "calendarYear": "2012", "period": "FY", "revenue": 2083037000, "costOfRevenue": 1848278000, "grossProfit": 234759000, "grossProfitRatio": 0.1127003505, "researchAndDevelopmentExpenses": 0, "generalAndAdministrativeExpenses": 185099000, "sellingAndMarketingExpenses": 13321000, "sellingGeneralAndAdministrativeExpenses": 185099000, "otherExpenses": 6183000, "operatingExpenses": 185099000, "costAndExpenses": 2033377000, "interestIncome": 2626000, "interestExpense": 10603000, "depreciationAndAmortization": 56101000, "ebitda": 116558000, "ebitdaratio": 0.0559557992, "operatingIncome": 80835000, "operatingIncomeRatio": 0.0388063198, "totalOtherIncomeExpensesNet": 39346000, "incomeBeforeTax": 81029000, "incomeBeforeTaxRatio": 0.0388994531, "incomeTaxExpense": 21109000, "netIncome": 45283000, "netIncomeRatio": 0.0217389321, "eps": 1.17, "epsdiluted": 1.15, "weightedAverageShsOut": 38447000, "weightedAverageShsOutDil": 39076000, "link": "https://www.sec.gov/Archives/edgar/data/861459/000086145913000005/0000861459-13-000005-index.htm", "finalLink": "https://www.sec.gov/Archives/edgar/data/861459/000086145913000005/gva1231201210k.htm", "calculatedOtherExpenses": -31175000, "calculatedOperatingExpenses": 153924000, "calculatedNetInterest": -7977000, "calculatedOtherIncome": 8171000, "calculatedIncomeNonControlling": 14637000, "calculatedEbitda": 136936000}, {"date": "2011-12-31", "symbol": "GVA", "reportedCurrency": "USD", "cik": "0000861459", "fillingDate": "2012-02-23", "acceptedDate": "2012-02-23 14:15:37", "calendarYear": "2011", "period": "FY", "revenue": 2009531000, "costOfRevenue": 1761568000, "grossProfit": 247963000, "grossProfitRatio": 0.1233934684, "researchAndDevelopmentExpenses": 0, "generalAndAdministrativeExpenses": 119894000, "sellingAndMarketingExpenses": 42408000, "sellingGeneralAndAdministrativeExpenses": 162302000, "otherExpenses": 0, "operatingExpenses": 162302000, "costAndExpenses": 1923870000, "interestIncome": 2878000, "interestExpense": 10362000, "depreciationAndAmortization": 60546000, "ebitda": 149085000, "ebitdaratio": 0.0741889525, "operatingIncome": 99269000, "operatingIncomeRatio": 0.0493990886, "totalOtherIncomeExpensesNet": 11256000, "incomeBeforeTax": 89433000, "incomeBeforeTaxRatio": 0.0445044142, "incomeTaxExpense": 23348000, "netIncome": 51161000, "netIncomeRatio": 0.0254591743, "eps": 1.32, "epsdiluted": 1.31, "weightedAverageShsOut": 38117000, "weightedAverageShsOutDil": 38473000, "link": "https://www.sec.gov/Archives/edgar/data/861459/000086145912000006/0000861459-12-000006-index.htm", "finalLink": "https://www.sec.gov/Archives/edgar/data/861459/000086145912000006/gva1231201110k.htm", "calculatedOtherExpenses": -13608000, "calculatedOperatingExpenses": 148694000, "calculatedNetInterest": -7484000, "calculatedOtherIncome": -2352000, "calculatedIncomeNonControlling": 14924000, "calculatedEbitda": 159815000}, {"date": "2010-12-31", "symbol": "GVA", "reportedCurrency": "USD", "cik": "0000861459", "fillingDate": "2011-02-24", "acceptedDate": "2011-02-24 17:27:28", "calendarYear": "2010", "period": "FY", "revenue": 1762965000, "costOfRevenue": 1585181000, "grossProfit": 177784000, "grossProfitRatio": 0.100843749, "researchAndDevelopmentExpenses": 0, "generalAndAdministrativeExpenses": 191593000, "sellingAndMarketingExpenses": 0, "sellingGeneralAndAdministrativeExpenses": 191593000, "otherExpenses": -13748000, "operatingExpenses": 177845000, "costAndExpenses": 1763026000, "interestIncome": 4980000, "interestExpense": 9740000, "depreciationAndAmortization": 74435000, "ebitda": 80110000, "ebitdaratio": 0.0454404937, "operatingIncome": -109340000, "operatingIncomeRatio": -0.0620205166, "totalOtherIncomeExpensesNet": -101555000, "incomeBeforeTax": -106376000, "incomeBeforeTaxRatio": -0.060339258, "incomeTaxExpense": -43928000, "netIncome": -58983000, "netIncomeRatio": -0.033456705, "eps": -1.56, "epsdiluted": -1.56, "weightedAverageShsOut": 37820000, "weightedAverageShsOutDil": 37820000, "link": "https://www.sec.gov/Archives/edgar/data/861459/000086145911000014/0000861459-11-000014-index.htm", "finalLink": "https://www.sec.gov/Archives/edgar/data/861459/000086145911000014/form10-k.htm", "calculatedOtherExpenses": 95531000, "calculatedOperatingExpenses": 287124000, "calculatedNetInterest": -4760000, "calculatedOtherIncome": 7724000, "calculatedIncomeNonControlling": -3465000, "calculatedEbitda": -34905000}, {"date": "2009-12-31", "symbol": "GVA", "reportedCurrency": "USD", "cik": "0000861459", "fillingDate": "2010-02-26", "acceptedDate": "2010-02-25 18:01:48", "calendarYear": "2009", "period": "FY", "revenue": 1963479000, "costOfRevenue": 1617106000, "grossProfit": 346373000, "grossProfitRatio": 0.1764077945, "researchAndDevelopmentExpenses": 0, "generalAndAdministrativeExpenses": 224910000, "sellingAndMarketingExpenses": 0, "sellingGeneralAndAdministrativeExpenses": 224910000, "otherExpenses": -17169000, "operatingExpenses": 224910000, "costAndExpenses": 1842016000, "interestIncome": 5049000, "interestExpense": 15756000, "depreciationAndAmortization": 80195000, "ebitda": 231572000, "ebitdaratio": 0.1179396367, "operatingIncome": 129179000, "operatingIncomeRatio": 0.0657908743, "totalOtherIncomeExpensesNet": 10926000, "incomeBeforeTax": 138851000, "incomeBeforeTaxRatio": 0.0707168246, "incomeTaxExpense": 38650000, "netIncome": 73500000, "netIncomeRatio": 0.0374335554, "eps": 1.91, "epsdiluted": 1.9, "weightedAverageShsOut": 37566000, "weightedAverageShsOutDil": 37683000, "link": "https://www.sec.gov/Archives/edgar/data/861459/000086145910000002/0000861459-10-000002-index.htm", "finalLink": "https://www.sec.gov/Archives/edgar/data/861459/000086145910000002/form10-k.htm", "calculatedOtherExpenses": -7716000, "calculatedOperatingExpenses": 217194000, "calculatedNetInterest": -10707000, "calculatedOtherIncome": 20379000, "calculatedIncomeNonControlling": 26701000, "calculatedEbitda": 209374000}, {"date": "2008-12-31", "symbol": "GVA", "reportedCurrency": "USD", "cik": "0000861459", "fillingDate": "2009-02-27", "acceptedDate": "2009-02-27 09:02:52", "calendarYear": "2008", "period": "FY", "revenue": 2674244000, "costOfRevenue": 2205524000, "grossProfit": 468720000, "grossProfitRatio": 0.1752719647, "researchAndDevelopmentExpenses": 0, "generalAndAdministrativeExpenses": 257532000, "sellingAndMarketingExpenses": 0, "sellingGeneralAndAdministrativeExpenses": 257532000, "otherExpenses": -5503000, "operatingExpenses": 252029000, "costAndExpenses": 2457553000, "interestIncome": 18445000, "interestExpense": 16001000, "depreciationAndAmortization": 87311000, "ebitda": 321389000, "ebitdaratio": 0.1201793853, "operatingIncome": 216691000, "operatingIncomeRatio": 0.0810288814, "totalOtherIncomeExpensesNet": 15353000, "incomeBeforeTax": 233430000, "incomeBeforeTaxRatio": 0.0872882205, "incomeTaxExpense": 67692000, "netIncome": 122404000, "netIncomeRatio": 0.0457714405, "eps": 3.19, "epsdiluted": 3.18, "weightedAverageShsOut": 37606000, "weightedAverageShsOutDil": 37709000, "link": "https://www.sec.gov/Archives/edgar/data/861459/000086145909000005/0000861459-09-000005-index.htm", "finalLink": "https://www.sec.gov/Archives/edgar/data/861459/000086145909000005/form10-k.htm", "calculatedOtherExpenses": -5503000, "calculatedOperatingExpenses": 252029000, "calculatedNetInterest": 2444000, "calculatedOtherIncome": 14295000, "calculatedIncomeNonControlling": 43334000, "calculatedEbitda": 304002000}, {"date": "2007-12-31", "symbol": "GVA", "reportedCurrency": "USD", "cik": "0000861459", "fillingDate": "2008-02-26", "acceptedDate": "2008-02-26 15:32:48", "calendarYear": "2007", "period": "FY", "revenue": 2737914000, "costOfRevenue": 2327170000, "grossProfit": 410744000, "grossProfitRatio": 0.1500207822, "researchAndDevelopmentExpenses": 0, "generalAndAdministrativeExpenses": 246202000, "sellingAndMarketingExpenses": 0, "sellingGeneralAndAdministrativeExpenses": 246202000, "otherExpenses": -18095000, "operatingExpenses": 228107000, "costAndExpenses": 2555277000, "interestIncome": 0, "interestExpense": 0, "depreciationAndAmortization": 82157000, "ebitda": 256705000, "ebitdaratio": 0.0937593365, "operatingIncome": 174885000, "operatingIncomeRatio": 0.0638752715, "totalOtherIncomeExpensesNet": 13294000, "incomeBeforeTax": 198394000, "incomeBeforeTaxRatio": 0.0724617355, "incomeTaxExpense": 65470000, "netIncome": 112065000, "netIncomeRatio": 0.0409307962, "eps": 2.74, "epsdiluted": 2.71, "weightedAverageShsOut": 40866000, "weightedAverageShsOutDil": 41389000, "link": "https://www.sec.gov/Archives/edgar/data/861459/000086145908000003/0000861459-08-000003-index.htm", "finalLink": "https://www.sec.gov/Archives/edgar/data/861459/000086145908000003/form10-k.htm", "calculatedOtherExpenses": -10343000, "calculatedOperatingExpenses": 235859000, "calculatedNetInterest": 0, "calculatedOtherIncome": 23509000, "calculatedIncomeNonControlling": 20859000, "calculatedEbitda": 257042000}, {"date": "2006-12-31", "symbol": "GVA", "reportedCurrency": "USD", "cik": "0000861459", "fillingDate": "2007-02-27", "acceptedDate": "2007-02-27 14:57:37", "calendarYear": "2006", "period": "FY", "revenue": 2969604000, "costOfRevenue": 2673884000, "grossProfit": 295720000, "grossProfitRatio": 0.0995823012, "researchAndDevelopmentExpenses": 0, "generalAndAdministrativeExpenses": 204281000, "sellingAndMarketingExpenses": 0, "sellingGeneralAndAdministrativeExpenses": 204281000, "otherExpenses": 2803000, "operatingExpenses": 207084000, "costAndExpenses": 2880968000, "interestIncome": 0, "interestExpense": 0, "depreciationAndAmortization": 69180000, "ebitda": 158015000, "ebitdaratio": 0.0532107985, "operatingIncome": 88636000, "operatingIncomeRatio": 0.0298477507, "totalOtherIncomeExpensesNet": 1958000, "incomeBeforeTax": 113017000, "incomeBeforeTaxRatio": 0.0380579363, "incomeTaxExpense": 38678000, "netIncome": 80509000, "netIncomeRatio": 0.0271110222, "eps": 1.97, "epsdiluted": 1.94, "weightedAverageShsOut": 40874000, "weightedAverageShsOutDil": 41471000, "link": "https://www.sec.gov/Archives/edgar/data/861459/000086145907000007/0000861459-07-000007-index.htm", "finalLink": "https://www.sec.gov/Archives/edgar/data/861459/000086145907000007/form10-k.htm", "calculatedOtherExpenses": 2803000, "calculatedOperatingExpenses": 207084000, "calculatedNetInterest": 0, "calculatedOtherIncome": 24381000, "calculatedIncomeNonControlling": -6170000, "calculatedEbitda": 157816000}, {"date": "2005-12-31", "symbol": "GVA", "reportedCurrency": "USD", "cik": "0000861459", "fillingDate": "2006-03-02", "acceptedDate": "2006-03-02 12:37:38", "calendarYear": "2005", "period": "FY", "revenue": 2641352000, "costOfRevenue": 2321980000, "grossProfit": 319372000, "grossProfitRatio": 0.1209123207, "researchAndDevelopmentExpenses": 0, "generalAndAdministrativeExpenses": 183392000, "sellingAndMarketingExpenses": 0, "sellingGeneralAndAdministrativeExpenses": 183392000, "otherExpenses": 0, "operatingExpenses": 183392000, "costAndExpenses": 2505372000, "interestIncome": 0, "interestExpense": 0, "depreciationAndAmortization": 71758000, "ebitda": 206048000, "ebitdaratio": 0.078008535, "operatingIncome": 135980000, "operatingIncomeRatio": 0.0514812111, "totalOtherIncomeExpensesNet": 1690000, "incomeBeforeTax": 142311000, "incomeBeforeTaxRatio": 0.0538780897, "incomeTaxExpense": 41413000, "netIncome": 83150000, "netIncomeRatio": 0.0314800905, "eps": 2.05, "epsdiluted": 2.02, "weightedAverageShsOut": 40614000, "weightedAverageShsOutDil": 41249000, "link": "https://www.sec.gov/Archives/edgar/data/861459/000086145906000005/0000861459-06-000005-index.htm", "finalLink": "https://www.sec.gov/Archives/edgar/data/861459/000086145906000005/form10-k.htm", "calculatedOtherExpenses": 0, "calculatedOperatingExpenses": 183392000, "calculatedNetInterest": 0, "calculatedOtherIncome": 6331000, "calculatedIncomeNonControlling": 17748000, "calculatedEbitda": 207738000}, {"date": "2004-12-31", "symbol": "GVA", "reportedCurrency": "USD", "cik": "0000861459", "fillingDate": "2005-03-04", "acceptedDate": "2005-03-03 18:49:35", "calendarYear": "2004", "period": "FY", "revenue": 2136212000, "costOfRevenue": 1914191000, "grossProfit": 222021000, "grossProfitRatio": 0.1039321004, "researchAndDevelopmentExpenses": 0, "generalAndAdministrativeExpenses": 157035000, "sellingAndMarketingExpenses": 0, "sellingGeneralAndAdministrativeExpenses": 157035000, "otherExpenses": -18566000, "operatingExpenses": 138469000, "costAndExpenses": 2052660000, "interestIncome": 7962000, "interestExpense": -7191000, "depreciationAndAmortization": 68470000, "ebitda": 122855000, "ebitdaratio": 0.0575106778, "operatingIncome": 83552000, "operatingIncomeRatio": 0.0391122229, "totalOtherIncomeExpensesNet": 29167000, "incomeBeforeTax": 94924000, "incomeBeforeTaxRatio": 0.0444356646, "incomeTaxExpense": 28477000, "netIncome": 57007000, "netIncomeRatio": 0.0266860218, "eps": 1.41, "epsdiluted": 1.39, "weightedAverageShsOut": 40390000, "weightedAverageShsOutDil": 41031000, "link": "https://www.sec.gov/Archives/edgar/data/861459/000095013405004180/0000950134-05-004180-index.htm", "finalLink": "https://www.sec.gov/Archives/edgar/data/861459/000095013405004180/f04753e10vk.htm", "calculatedOtherExpenses": -18566000, "calculatedOperatingExpenses": 138469000, "calculatedNetInterest": 15153000, "calculatedOtherIncome": -3781000, "calculatedIncomeNonControlling": 9440000, "calculatedEbitda": 152022000}, {"date": "2003-12-31", "symbol": "GVA", "reportedCurrency": "USD", "cik": "0000861459", "fillingDate": "2004-03-15", "acceptedDate": "2004-03-15 14:26:10", "calendarYear": "2003", "period": "FY", "revenue": 1844491000, "costOfRevenue": 1618041000, "grossProfit": 226450000, "grossProfitRatio": 0.1227709975, "researchAndDevelopmentExpenses": 0, "generalAndAdministrativeExpenses": 151879000, "sellingAndMarketingExpenses": 0, "sellingGeneralAndAdministrativeExpenses": 151879000, "otherExpenses": 0, "operatingExpenses": 151879000, "costAndExpenses": 1769920000, "interestIncome": 6422000, "interestExpense": -8577000, "depreciationAndAmortization": 71644000, "ebitda": 121106000, "ebitdaratio": 0.0656582222, "operatingIncome": 74571000, "operatingIncomeRatio": 0.0404290398, "totalOtherIncomeExpensesNet": 25109000, "incomeBeforeTax": 97525000, "incomeBeforeTaxRatio": 0.0528736654, "incomeTaxExpense": 35304000, "netIncome": 60504000, "netIncomeRatio": 0.0328025455, "eps": 1.51, "epsdiluted": 1.48, "weightedAverageShsOut": 40175000, "weightedAverageShsOutDil": 40808000, "link": "https://www.sec.gov/Archives/edgar/data/861459/000095014904000640/0000950149-04-000640-index.htm", "finalLink": "https://www.sec.gov/Archives/edgar/data/861459/000095014904000640/f96065e10vk.htm", "calculatedOtherExpenses": 0, "calculatedOperatingExpenses": 151879000, "calculatedNetInterest": 14999000, "calculatedOtherIncome": 7955000, "calculatedIncomeNonControlling": 1717000, "calculatedEbitda": 146215000}, {"date": "2002-12-31", "symbol": "GVA", "reportedCurrency": "USD", "cik": "0000861459", "fillingDate": "2003-03-28", "acceptedDate": "2003-03-28 14:41:55", "calendarYear": "2002", "period": "FY", "revenue": 1764742000, "costOfRevenue": 1540158000, "grossProfit": 224584000, "grossProfitRatio": 0.127261662, "researchAndDevelopmentExpenses": 0, "generalAndAdministrativeExpenses": 146467000, "sellingAndMarketingExpenses": 0, "sellingGeneralAndAdministrativeExpenses": 146467000, "otherExpenses": 0, "operatingExpenses": 146467000, "costAndExpenses": 1686625000, "interestIncome": 0, "interestExpense": 0, "depreciationAndAmortization": 64466000, "ebitda": 138847000, "ebitdaratio": 0.0786783564, "operatingIncome": 78117000, "operatingIncomeRatio": 0.044265394, "totalOtherIncomeExpensesNet": 3736000, "incomeBeforeTax": 82739000, "incomeBeforeTaxRatio": 0.0468844738, "incomeTaxExpense": 29951000, "netIncome": 49279000, "netIncomeRatio": 0.0279241952, "eps": 1.23, "epsdiluted": 1.21, "weightedAverageShsOut": 40016000, "weightedAverageShsOutDil": 40723000, "link": "https://www.sec.gov/Archives/edgar/data/861459/000095014903000718/0000950149-03-000718-index.htm", "finalLink": "https://www.sec.gov/Archives/edgar/data/861459/000095014903000718/f87881e10vk.txt", "calculatedOtherExpenses": 0, "calculatedOperatingExpenses": 146467000, "calculatedNetInterest": 0, "calculatedOtherIncome": 4622000, "calculatedIncomeNonControlling": 3509000, "calculatedEbitda": 142583000}, {"date": "2001-12-31", "symbol": "GVA", "reportedCurrency": "USD", "cik": "0000861459", "fillingDate": "2002-04-01", "acceptedDate": "2002-04-01 00:00:00", "calendarYear": "2001", "period": "FY", "revenue": 1547994000, "costOfRevenue": 1364378000, "grossProfit": 183616000, "grossProfitRatio": 0.1186154468, "researchAndDevelopmentExpenses": 0, "generalAndAdministrativeExpenses": 119282000, "sellingAndMarketingExpenses": 0, "sellingGeneralAndAdministrativeExpenses": 119282000, "otherExpenses": 0, "operatingExpenses": 119282000, "costAndExpenses": 1483660000, "interestIncome": 0, "interestExpense": 0, "depreciationAndAmortization": 54990000, "ebitda": 104138000, "ebitdaratio": 0.0672728706, "operatingIncome": 64334000, "operatingIncomeRatio": 0.0415595926, "totalOtherIncomeExpensesNet": 15186000, "incomeBeforeTax": 81497000, "incomeBeforeTaxRatio": 0.0526468449, "incomeTaxExpense": 30969000, "netIncome": 50528000, "netIncomeRatio": 0.0326409534, "eps": 1.27, "epsdiluted": 1.24, "weightedAverageShsOut": 39794000, "weightedAverageShsOutDil": 40711000, "link": "https://www.sec.gov/Archives/edgar/data/861459/000095014902000591/0000950149-02-000591-index.htm", "finalLink": "https://www.sec.gov/Archives/edgar/data/861459/000095014902000591/f79324e10-k.txt", "calculatedOtherExpenses": 0, "calculatedOperatingExpenses": 119282000, "calculatedNetInterest": 0, "calculatedOtherIncome": 17163000, "calculatedIncomeNonControlling": 0, "calculatedEbitda": 119324000}, {"date": "2000-12-31", "symbol": "GVA", "reportedCurrency": "USD", "cik": "0000861459", "fillingDate": "2001-04-02", "acceptedDate": "2001-04-02 00:00:00", "calendarYear": "2000", "period": "FY", "revenue": 1348325000, "costOfRevenue": 1107182000, "grossProfit": 241143000, "grossProfitRatio": 0.1788463464, "researchAndDevelopmentExpenses": 0, "generalAndAdministrativeExpenses": 105043000, "sellingAndMarketingExpenses": 0, "sellingGeneralAndAdministrativeExpenses": 105043000, "otherExpenses": 50525000, "operatingExpenses": 155568000, "costAndExpenses": 1262750000, "interestIncome": 0, "interestExpense": 0, "depreciationAndAmortization": 50525000, "ebitda": 131497000, "ebitdaratio": 0.0975261899, "operatingIncome": 85575000, "operatingIncomeRatio": 0.0634676358, "totalOtherIncomeExpensesNet": 4603000, "incomeBeforeTax": 92870000, "incomeBeforeTaxRatio": 0.0688780524, "incomeTaxExpense": 37055000, "netIncome": 55815000, "netIncomeRatio": 0.0413958059, "eps": 1.41, "epsdiluted": 1.38, "weightedAverageShsOut": 39583500, "weightedAverageShsOutDil": 40408500, "link": "https://www.sec.gov/Archives/edgar/data/861459/000095014901000410/0000950149-01-000410-index.htm", "finalLink": "https://www.sec.gov/Archives/edgar/data/861459/000095014901000410/f71058e10-k.txt", "calculatedOtherExpenses": 50525000, "calculatedOperatingExpenses": 155568000, "calculatedNetInterest": 0, "calculatedOtherIncome": 7295000, "calculatedIncomeNonControlling": 0, "calculatedEbitda": 136100000}, {"date": "1999-12-31", "symbol": "GVA", "reportedCurrency": "USD", "cik": "0000861459", "fillingDate": "2000-03-30", "acceptedDate": "2000-03-30 00:00:00", "calendarYear": "1999", "period": "FY", "revenue": 1328800000, "costOfRevenue": 1107200000, "grossProfit": 221600000, "grossProfitRatio": 0.1667670078, "researchAndDevelopmentExpenses": 0, "generalAndAdministrativeExpenses": 94900000, "sellingAndMarketingExpenses": 0, "sellingGeneralAndAdministrativeExpenses": 94900000, "otherExpenses": 42400000, "operatingExpenses": 137300000, "costAndExpenses": 1244500000, "interestIncome": 0, "interestExpense": 0, "depreciationAndAmortization": 42400000, "ebitda": 124800000, "ebitdaratio": 0.0939193257, "operatingIncome": 84300000, "operatingIncomeRatio": 0.0634406984, "totalOtherIncomeExpensesNet": 1900000, "incomeBeforeTax": 86000000, "incomeBeforeTaxRatio": 0.0647200482, "incomeTaxExpense": 33100000, "netIncome": 52900000, "netIncomeRatio": 0.0398103552, "eps": 1.35, "epsdiluted": 1.31, "weightedAverageShsOut": 39087000, "weightedAverageShsOutDil": 40445000, "link": "https://www.sec.gov/Archives/edgar/data/861459/000095014900000709/0000950149-00-000709-index.html", "finalLink": "https://www.sec.gov/Archives/edgar/data/861459/000095014900000709/", "calculatedOtherExpenses": 42400000, "calculatedOperatingExpenses": 137300000, "calculatedNetInterest": 0, "calculatedOtherIncome": 1700000, "calculatedIncomeNonControlling": 0, "calculatedEbitda": 126700000}, {"date": "1998-12-31", "symbol": "GVA", "reportedCurrency": "USD", "cik": "0000861459", "fillingDate": "1999-03-31", "acceptedDate": "1999-03-31 00:00:00", "calendarYear": "1998", "period": "FY", "revenue": 1226100000, "costOfRevenue": 1034900000, "grossProfit": 191200000, "grossProfitRatio": 0.1559416035, "researchAndDevelopmentExpenses": 0, "generalAndAdministrativeExpenses": 83800000, "sellingAndMarketingExpenses": 0, "sellingGeneralAndAdministrativeExpenses": 83800000, "otherExpenses": 38100000, "operatingExpenses": 121900000, "costAndExpenses": 1156800000, "interestIncome": 0, "interestExpense": 0, "depreciationAndAmortization": 38100000, "ebitda": 92100000, "ebitdaratio": 0.0751162222, "operatingIncome": 69300000, "operatingIncomeRatio": 0.0565206753, "totalOtherIncomeExpensesNet": 15300000, "incomeBeforeTax": 75000000, "incomeBeforeTaxRatio": 0.061169562, "incomeTaxExpense": 28500000, "netIncome": 46500000, "netIncomeRatio": 0.0379251285, "eps": 1.17, "epsdiluted": 1.13, "weightedAverageShsOut": 39839000, "weightedAverageShsOutDil": 41009000, "link": "https://www.sec.gov/Archives/edgar/data/861459/000095014999000571/0000950149-99-000571-index.html", "finalLink": "https://www.sec.gov/Archives/edgar/data/861459/", "calculatedOtherExpenses": 38100000, "calculatedOperatingExpenses": 121900000, "calculatedNetInterest": 0, "calculatedOtherIncome": 5700000, "calculatedIncomeNonControlling": 0, "calculatedEbitda": 107400000}, {"date": "1997-12-31", "symbol": "GVA", "reportedCurrency": "USD", "cik": "0000861459", "fillingDate": "1998-03-31", "acceptedDate": "1998-03-31 00:00:00", "calendarYear": "1997", "period": "FY", "revenue": 1028200000, "costOfRevenue": 878300000, "grossProfit": 149900000, "grossProfitRatio": 0.1457887571, "researchAndDevelopmentExpenses": 0, "generalAndAdministrativeExpenses": 73600000, "sellingAndMarketingExpenses": 0, "sellingGeneralAndAdministrativeExpenses": 73600000, "otherExpenses": 38200000, "operatingExpenses": 111800000, "costAndExpenses": 990100000, "interestIncome": 0, "interestExpense": 0, "depreciationAndAmortization": 38200000, "ebitda": 62700000, "ebitdaratio": 0.060980354, "operatingIncome": 38100000, "operatingIncomeRatio": 0.0370550477, "totalOtherIncomeExpensesNet": 13600000, "incomeBeforeTax": 44100000, "incomeBeforeTaxRatio": 0.0428904882, "incomeTaxExpense": 16300000, "netIncome": 27800000, "netIncomeRatio": 0.0270375413, "eps": 0.7, "epsdiluted": 0.69, "weightedAverageShsOut": 39714286, "weightedAverageShsOutDil": 40289855, "link": "https://www.sec.gov/Archives/edgar/data/861459/000095014998000615/0000950149-98-000615-index.html", "finalLink": "https://www.sec.gov/Archives/edgar/data/861459/", "calculatedOtherExpenses": 38200000, "calculatedOperatingExpenses": 111800000, "calculatedNetInterest": 0, "calculatedOtherIncome": 6000000, "calculatedIncomeNonControlling": 0, "calculatedEbitda": 76300000}, {"date": "1996-12-31", "symbol": "GVA", "reportedCurrency": "USD", "cik": "0000861459", "fillingDate": "1997-03-27", "acceptedDate": "1997-03-27 00:00:00", "calendarYear": "1996", "period": "FY", "revenue": 928800000, "costOfRevenue": 780400000, "grossProfit": 148400000, "grossProfitRatio": 0.1597760551, "researchAndDevelopmentExpenses": 0, "generalAndAdministrativeExpenses": 71600000, "sellingAndMarketingExpenses": 0, "sellingGeneralAndAdministrativeExpenses": 71600000, "otherExpenses": 37800000, "operatingExpenses": 109400000, "costAndExpenses": 889800000, "interestIncome": 0, "interestExpense": 0, "depreciationAndAmortization": 37800000, "ebitda": 68100000, "ebitdaratio": 0.0733204134, "operatingIncome": 39000000, "operatingIncomeRatio": 0.0419896641, "totalOtherIncomeExpensesNet": 8700000, "incomeBeforeTax": 43400000, "incomeBeforeTaxRatio": 0.0467269595, "incomeTaxExpense": 16100000, "netIncome": 27300000, "netIncomeRatio": 0.0293927649, "eps": 0.7, "epsdiluted": 0.68, "weightedAverageShsOut": 39000000, "weightedAverageShsOutDil": 40147059, "link": "https://www.sec.gov/Archives/edgar/data/861459/000095014997000656/0000950149-97-000656-index.html", "finalLink": "https://www.sec.gov/Archives/edgar/data/861459/", "calculatedOtherExpenses": 37800000, "calculatedOperatingExpenses": 109400000, "calculatedNetInterest": 0, "calculatedOtherIncome": 4400000, "calculatedIncomeNonControlling": 0, "calculatedEbitda": 76800000}, {"date": "1995-12-31", "symbol": "GVA", "reportedCurrency": "USD", "cik": "0000861459", "fillingDate": "1995-12-31", "acceptedDate": "1995-12-30 19:00:00", "calendarYear": "1995", "period": "FY", "revenue": 894800000, "costOfRevenue": 750300000, "grossProfit": 144500000, "grossProfitRatio": 0.1614886008, "researchAndDevelopmentExpenses": 0, "generalAndAdministrativeExpenses": 0, "sellingAndMarketingExpenses": 0, "sellingGeneralAndAdministrativeExpenses": 69600000, "otherExpenses": 32500000, "operatingExpenses": 102100000, "costAndExpenses": 852400000, "interestIncome": 0, "interestExpense": 0, "depreciationAndAmortization": 32500000, "ebitda": 68500000, "ebitdaratio": 0.0765534198, "operatingIncome": 42400000, "operatingIncomeRatio": 0.0473848905, "totalOtherIncomeExpensesNet": 6400000, "incomeBeforeTax": 45300000, "incomeBeforeTaxRatio": 0.0506258382, "incomeTaxExpense": 16800000, "netIncome": 28500000, "netIncomeRatio": 0.0318506929, "eps": 0.73, "epsdiluted": 0.72, "weightedAverageShsOut": 39041096, "weightedAverageShsOutDil": 39583333, "link": "", "finalLink": "", "calculatedOtherExpenses": 32500000, "calculatedOperatingExpenses": 102100000, "calculatedNetInterest": 0, "calculatedOtherIncome": 2900000, "calculatedIncomeNonControlling": 0, "calculatedEbitda": 74900000}, {"date": "1994-12-31", "symbol": "GVA", "reportedCurrency": "USD", "cik": "0000861459", "fillingDate": "1994-12-31", "acceptedDate": "1994-12-30 19:00:00", "calendarYear": "1994", "period": "FY", "revenue": 693400000, "costOfRevenue": 577700000, "grossProfit": 115700000, "grossProfitRatio": 0.1668589559, "researchAndDevelopmentExpenses": 0, "generalAndAdministrativeExpenses": 0, "sellingAndMarketingExpenses": 0, "sellingGeneralAndAdministrativeExpenses": 62800000, "otherExpenses": 25700000, "operatingExpenses": 88500000, "costAndExpenses": 666200000, "interestIncome": 0, "interestExpense": 0, "depreciationAndAmortization": 25700000, "ebitda": 47200000, "ebitdaratio": 0.0680703778, "operatingIncome": 27200000, "operatingIncomeRatio": 0.0392269974, "totalOtherIncomeExpensesNet": 5700000, "incomeBeforeTax": 30500000, "incomeBeforeTaxRatio": 0.0439861552, "incomeTaxExpense": 11000000, "netIncome": 19500000, "netIncomeRatio": 0.0281222959, "eps": 0.5, "epsdiluted": 0.49, "weightedAverageShsOut": 39000000, "weightedAverageShsOutDil": 39795918, "link": "", "finalLink": "", "calculatedOtherExpenses": 25700000, "calculatedOperatingExpenses": 88500000, "calculatedNetInterest": 0, "calculatedOtherIncome": 3300000, "calculatedIncomeNonControlling": 0, "calculatedEbitda": 52900000}, {"date": "1993-12-31", "symbol": "GVA", "reportedCurrency": "USD", "cik": "0000861459", "fillingDate": "1993-12-31", "acceptedDate": "1993-12-30 19:00:00", "calendarYear": "1993", "period": "FY", "revenue": 570400000, "costOfRevenue": 494200000, "grossProfit": 76200000, "grossProfitRatio": 0.1335904628, "researchAndDevelopmentExpenses": 0, "generalAndAdministrativeExpenses": 0, "sellingAndMarketingExpenses": 0, "sellingGeneralAndAdministrativeExpenses": 47100000, "otherExpenses": 25400000, "operatingExpenses": 72500000, "costAndExpenses": 566700000, "interestIncome": 0, "interestExpense": 0, "depreciationAndAmortization": 25400000, "ebitda": 25200000, "ebitdaratio": 0.0441795231, "operatingIncome": 3700000, "operatingIncomeRatio": 0.006486676, "totalOtherIncomeExpensesNet": 3900000, "incomeBeforeTax": 5200000, "incomeBeforeTaxRatio": 0.0091164095, "incomeTaxExpense": 1700000, "netIncome": 4500000, "netIncomeRatio": 0.0078892006, "eps": 0.12, "epsdiluted": 0.12, "weightedAverageShsOut": 37500000, "weightedAverageShsOutDil": 37500000, "link": "", "finalLink": "", "calculatedOtherExpenses": 25400000, "calculatedOperatingExpenses": 72500000, "calculatedNetInterest": 0, "calculatedOtherIncome": 1500000, "calculatedIncomeNonControlling": -1000000, "calculatedEbitda": 29100000}, {"date": "1992-12-31", "symbol": "GVA", "reportedCurrency": "USD", "cik": "0000861459", "fillingDate": "1992-12-31", "acceptedDate": "1992-12-30 19:00:00", "calendarYear": "1992", "period": "FY", "revenue": 518300000, "costOfRevenue": 441700000, "grossProfit": 76600000, "grossProfitRatio": 0.1477908547, "researchAndDevelopmentExpenses": 0, "generalAndAdministrativeExpenses": 0, "sellingAndMarketingExpenses": 0, "sellingGeneralAndAdministrativeExpenses": 46900000, "otherExpenses": 26000000, "operatingExpenses": 72900000, "costAndExpenses": 514600000, "interestIncome": 0, "interestExpense": 0, "depreciationAndAmortization": 26000000, "ebitda": 25600000, "ebitdaratio": 0.0493922439, "operatingIncome": 3700000, "operatingIncomeRatio": 0.0071387227, "totalOtherIncomeExpensesNet": 4100000, "incomeBeforeTax": 5500000, "incomeBeforeTaxRatio": 0.0106116149, "incomeTaxExpense": 1600000, "netIncome": 3900000, "netIncomeRatio": 0.0075245997, "eps": 0.1, "epsdiluted": 0.1, "weightedAverageShsOut": 39000000, "weightedAverageShsOutDil": 39000000, "link": "", "finalLink": "", "calculatedOtherExpenses": 26000000, "calculatedOperatingExpenses": 72900000, "calculatedNetInterest": 0, "calculatedOtherIncome": 1800000, "calculatedIncomeNonControlling": 0, "calculatedEbitda": 29700000}, {"date": "1991-12-31", "symbol": "GVA", "reportedCurrency": "USD", "cik": "0000861459", "fillingDate": "1991-12-31", "acceptedDate": "1991-12-30 19:00:00", "calendarYear": "1991", "period": "FY", "revenue": 564100000, "costOfRevenue": 469400000, "grossProfit": 94700000, "grossProfitRatio": 0.1678780358, "researchAndDevelopmentExpenses": 0, "generalAndAdministrativeExpenses": 0, "sellingAndMarketingExpenses": 0, "sellingGeneralAndAdministrativeExpenses": 46500000, "otherExpenses": 25200000, "operatingExpenses": 71700000, "costAndExpenses": 541100000, "interestIncome": 0, "interestExpense": 0, "depreciationAndAmortization": 25200000, "ebitda": 42100000, "ebitdaratio": 0.0746321574, "operatingIncome": 23000000, "operatingIncomeRatio": 0.0407729126, "totalOtherIncomeExpensesNet": 6100000, "incomeBeforeTax": 27000000, "incomeBeforeTaxRatio": 0.0478638539, "incomeTaxExpense": 9400000, "netIncome": 17600000, "netIncomeRatio": 0.0312001418, "eps": 0.45, "epsdiluted": 0.45, "weightedAverageShsOut": 39111111, "weightedAverageShsOutDil": 39111111, "link": "", "finalLink": "", "calculatedOtherExpenses": 25200000, "calculatedOperatingExpenses": 71700000, "calculatedNetInterest": 0, "calculatedOtherIncome": 4000000, "calculatedIncomeNonControlling": 0, "calculatedEbitda": 48200000}, {"date": "1990-12-31", "symbol": "GVA", "reportedCurrency": "USD", "cik": "0000861459", "fillingDate": "1990-12-31", "acceptedDate": "1990-12-30 19:00:00", "calendarYear": "1990", "period": "FY", "revenue": 558000000, "costOfRevenue": 464600000, "grossProfit": 93400000, "grossProfitRatio": 0.1673835125, "researchAndDevelopmentExpenses": 0, "generalAndAdministrativeExpenses": 0, "sellingAndMarketingExpenses": 0, "sellingGeneralAndAdministrativeExpenses": 44500000, "otherExpenses": 22800000, "operatingExpenses": 67300000, "costAndExpenses": 531900000, "interestIncome": 0, "interestExpense": 0, "depreciationAndAmortization": 22800000, "ebitda": 42900000, "ebitdaratio": 0.0768817204, "operatingIncome": 26100000, "operatingIncomeRatio": 0.0467741935, "totalOtherIncomeExpensesNet": 6000000, "incomeBeforeTax": 29000000, "incomeBeforeTaxRatio": 0.0519713262, "incomeTaxExpense": 10200000, "netIncome": 18800000, "netIncomeRatio": 0.0336917563, "eps": 0.5, "epsdiluted": 0.5, "weightedAverageShsOut": 37600000, "weightedAverageShsOutDil": 37600000, "link": "", "finalLink": "", "calculatedOtherExpenses": 22800000, "calculatedOperatingExpenses": 67300000, "calculatedNetInterest": 0, "calculatedOtherIncome": 2900000, "calculatedIncomeNonControlling": 0, "calculatedEbitda": 48900000}, {"date": "1989-12-31", "symbol": "GVA", "reportedCurrency": "USD", "cik": "0000861459", "fillingDate": "1989-12-31", "acceptedDate": "1989-12-30 19:00:00", "calendarYear": "1989", "period": "FY", "revenue": 504100000, "costOfRevenue": 423900000, "grossProfit": 80200000, "grossProfitRatio": 0.1590954176, "researchAndDevelopmentExpenses": 0, "generalAndAdministrativeExpenses": 0, "sellingAndMarketingExpenses": 0, "sellingGeneralAndAdministrativeExpenses": 41900000, "otherExpenses": 19400000, "operatingExpenses": 61300000, "costAndExpenses": 485200000, "interestIncome": 0, "interestExpense": 0, "depreciationAndAmortization": 19400000, "ebitda": 30700000, "ebitdaratio": 0.060900615, "operatingIncome": 18900000, "operatingIncomeRatio": 0.037492561, "totalOtherIncomeExpensesNet": 7600000, "incomeBeforeTax": 22000000, "incomeBeforeTaxRatio": 0.0436421345, "incomeTaxExpense": 7800000, "netIncome": 14200000, "netIncomeRatio": 0.0281690141, "eps": 0.42, "epsdiluted": 0.42, "weightedAverageShsOut": 33809524, "weightedAverageShsOutDil": 33809524, "link": "", "finalLink": "", "calculatedOtherExpenses": 19400000, "calculatedOperatingExpenses": 61300000, "calculatedNetInterest": 0, "calculatedOtherIncome": 3100000, "calculatedIncomeNonControlling": 0, "calculatedEbitda": 38300000}, {"date": "1988-12-31", "symbol": "GVA", "reportedCurrency": "USD", "cik": "0000861459", "fillingDate": "1988-12-31", "acceptedDate": "1988-12-30 19:00:00", "calendarYear": "1988", "period": "FY", "revenue": 437200000, "costOfRevenue": 364300000, "grossProfit": 72900000, "grossProfitRatio": 0.1667429094, "researchAndDevelopmentExpenses": 0, "generalAndAdministrativeExpenses": 0, "sellingAndMarketingExpenses": 0, "sellingGeneralAndAdministrativeExpenses": 33700000, "otherExpenses": 17300000, "operatingExpenses": 51000000, "costAndExpenses": 415300000, "interestIncome": 0, "interestExpense": 0, "depreciationAndAmortization": 17300000, "ebitda": 31800000, "ebitdaratio": 0.0727355901, "operatingIncome": 21900000, "operatingIncomeRatio": 0.0500914913, "totalOtherIncomeExpensesNet": 7400000, "incomeBeforeTax": 23700000, "incomeBeforeTaxRatio": 0.0542086002, "incomeTaxExpense": 8700000, "netIncome": 15000000, "netIncomeRatio": 0.0343092406, "eps": 0.45, "epsdiluted": 0.45, "weightedAverageShsOut": 33333333, "weightedAverageShsOutDil": 33333333, "link": "", "finalLink": "", "calculatedOtherExpenses": 17300000, "calculatedOperatingExpenses": 51000000, "calculatedNetInterest": 0, "calculatedOtherIncome": 1800000, "calculatedIncomeNonControlling": 0, "calculatedEbitda": 39200000}]}