{"originalCurrency": "USD", "convertedCurrency": "USD", "report": [{"date": "2023-07-31", "symbol": "GWRE", "reportedCurrency": "USD", "cik": "0001528396", "fillingDate": "2023-09-18", "acceptedDate": "2023-09-18 16:15:39", "calendarYear": "2023", "period": "FY", "revenue": 905341000, "costOfRevenue": 447130000, "grossProfit": 458211000, "grossProfitRatio": 0.5061197935, "researchAndDevelopmentExpenses": 249746000, "generalAndAdministrativeExpenses": 328030000, "sellingAndMarketingExpenses": 29925000, "sellingGeneralAndAdministrativeExpenses": 357955000, "otherExpenses": -2277000, "operatingExpenses": 607701000, "costAndExpenses": 1054831000, "interestIncome": 24389000, "interestExpense": 6716000, "depreciationAndAmortization": 24838000, "ebitda": -102540000, "ebitdaratio": -0.1132611911, "operatingIncome": -149490000, "operatingIncomeRatio": -0.1651201039, "totalOtherIncomeExpensesNet": -2277000, "incomeBeforeTax": -134094000, "incomeBeforeTaxRatio": -0.1481143569, "incomeTaxExpense": -22239000, "netIncome": -111855000, "netIncomeRatio": -0.1235501319, "eps": -1.36, "epsdiluted": -1.36, "weightedAverageShsOut": 82176629, "weightedAverageShsOutDil": 82176629, "link": "https://www.sec.gov/Archives/edgar/data/1528396/000152839623000089/0001528396-23-000089-index.htm", "finalLink": "https://www.sec.gov/Archives/edgar/data/1528396/000152839623000089/gwre-20230731.htm", "calculatedOtherExpenses": 0, "calculatedOperatingExpenses": 607701000, "calculatedNetInterest": 17673000, "calculatedOtherIncome": -2277000, "calculatedIncomeNonControlling": 0, "calculatedEbitda": -124652000}, {"date": "2022-07-31", "symbol": "GWRE", "reportedCurrency": "USD", "cik": "0001528396", "fillingDate": "2022-09-26", "acceptedDate": "2022-09-26 16:18:13", "calendarYear": "2022", "period": "FY", "revenue": 812614000, "costOfRevenue": 460394000, "grossProfit": 352220000, "grossProfitRatio": 0.4334407234, "researchAndDevelopmentExpenses": 249665000, "generalAndAdministrativeExpenses": 107391000, "sellingAndMarketingExpenses": 194611000, "sellingGeneralAndAdministrativeExpenses": 302002000, "otherExpenses": -17099000, "operatingExpenses": 551667000, "costAndExpenses": 1012061000, "interestIncome": 6277000, "interestExpense": 19446000, "depreciationAndAmortization": 22718000, "ebitda": -176729000, "ebitdaratio": -0.217482101, "operatingIncome": -199447000, "operatingIncomeRatio": -0.2454387938, "totalOtherIncomeExpensesNet": -30268000, "incomeBeforeTax": -229715000, "incomeBeforeTaxRatio": -0.2826864908, "incomeTaxExpense": -49284000, "netIncome": -180431000, "netIncomeRatio": -0.2220377695, "eps": -2.16, "epsdiluted": -2.16, "weightedAverageShsOut": 83569517, "weightedAverageShsOutDil": 83569517, "link": "https://www.sec.gov/Archives/edgar/data/1528396/000152839622000106/0001528396-22-000106-index.htm", "finalLink": "https://www.sec.gov/Archives/edgar/data/1528396/000152839622000106/gwre-20220731.htm", "calculatedOtherExpenses": 0, "calculatedOperatingExpenses": 551667000, "calculatedNetInterest": -13169000, "calculatedOtherIncome": -17099000, "calculatedIncomeNonControlling": 0, "calculatedEbitda": -176729000}, {"date": "2021-07-31", "symbol": "GWRE", "reportedCurrency": "USD", "cik": "0001528396", "fillingDate": "2021-09-24", "acceptedDate": "2021-09-24 16:43:40", "calendarYear": "2021", "period": "FY", "revenue": 743267000, "costOfRevenue": 375054000, "grossProfit": 368213000, "grossProfitRatio": 0.4953980198, "researchAndDevelopmentExpenses": 219494000, "generalAndAdministrativeExpenses": 93759000, "sellingAndMarketingExpenses": 160544000, "sellingGeneralAndAdministrativeExpenses": 254303000, "otherExpenses": 12619000, "operatingExpenses": 473797000, "costAndExpenses": 848851000, "interestIncome": 7395000, "interestExpense": 18711000, "depreciationAndAmortization": 56969000, "ebitda": -48615000, "ebitdaratio": -0.0654071821, "operatingIncome": -105584000, "operatingIncomeRatio": -0.1420539322, "totalOtherIncomeExpensesNet": 1303000, "incomeBeforeTax": -104281000, "incomeBeforeTaxRatio": -0.1403008609, "incomeTaxExpense": -37774000, "netIncome": -66507000, "netIncomeRatio": -0.0894792854, "eps": -0.8, "epsdiluted": -0.8, "weightedAverageShsOut": 83577375, "weightedAverageShsOutDil": 83577375, "link": "https://www.sec.gov/Archives/edgar/data/1528396/000152839621000095/0001528396-21-000095-index.htm", "finalLink": "https://www.sec.gov/Archives/edgar/data/1528396/000152839621000095/gwre-20210731.htm", "calculatedOtherExpenses": 0, "calculatedOperatingExpenses": 473797000, "calculatedNetInterest": -11316000, "calculatedOtherIncome": 12619000, "calculatedIncomeNonControlling": 0, "calculatedEbitda": -48615000}, {"date": "2020-07-31", "symbol": "GWRE", "reportedCurrency": "USD", "cik": "0001528396", "fillingDate": "2020-09-28", "acceptedDate": "2020-09-25 18:07:43", "calendarYear": "2020", "period": "FY", "revenue": 742307000, "costOfRevenue": 338015000, "grossProfit": 404292000, "grossProfitRatio": 0.5446425805, "researchAndDevelopmentExpenses": 200575000, "generalAndAdministrativeExpenses": 85183000, "sellingAndMarketingExpenses": 142420000, "sellingGeneralAndAdministrativeExpenses": 227603000, "otherExpenses": -7205000, "operatingExpenses": 428178000, "costAndExpenses": 766193000, "interestIncome": 24705000, "interestExpense": 17945000, "depreciationAndAmortization": 42641000, "ebitda": 36255000, "ebitdaratio": 0.0488409782, "operatingIncome": -6386000, "operatingIncomeRatio": -0.0086029096, "totalOtherIncomeExpensesNet": -17945000, "incomeBeforeTax": -24331000, "incomeBeforeTaxRatio": -0.0327775435, "incomeTaxExpense": 2867000, "netIncome": -27198000, "netIncomeRatio": -0.0366398269, "eps": -0.33, "epsdiluted": -0.33, "weightedAverageShsOut": 82855392, "weightedAverageShsOutDil": 82855392, "link": "https://www.sec.gov/Archives/edgar/data/1528396/000152839620000053/0001528396-20-000053-index.htm", "finalLink": "https://www.sec.gov/Archives/edgar/data/1528396/000152839620000053/gwre-20200731.htm", "calculatedOtherExpenses": -17500000, "calculatedOperatingExpenses": 410678000, "calculatedNetInterest": 6760000, "calculatedOtherIncome": -24705000, "calculatedIncomeNonControlling": 0, "calculatedEbitda": 36255000}, {"date": "2019-07-31", "symbol": "GWRE", "reportedCurrency": "USD", "cik": "0001528396", "fillingDate": "2019-09-30", "acceptedDate": "2019-09-30 06:18:59", "calendarYear": "2019", "period": "FY", "revenue": 719514000, "costOfRevenue": 324350000, "grossProfit": 395164000, "grossProfitRatio": 0.5492096054, "researchAndDevelopmentExpenses": 188541000, "generalAndAdministrativeExpenses": 74401000, "sellingAndMarketingExpenses": 130751000, "sellingGeneralAndAdministrativeExpenses": 205152000, "otherExpenses": -1867000, "operatingExpenses": 393693000, "costAndExpenses": 718043000, "interestIncome": 30182000, "interestExpense": 17334000, "depreciationAndAmortization": 39953000, "ebitda": 69739000, "ebitdaratio": 0.0969251467, "operatingIncome": 29786000, "operatingIncomeRatio": 0.0413973877, "totalOtherIncomeExpensesNet": -17334000, "incomeBeforeTax": 12452000, "incomeBeforeTaxRatio": 0.0173061261, "incomeTaxExpense": -8280000, "netIncome": 20732000, "netIncomeRatio": 0.0288138938, "eps": 0.25, "epsdiluted": 0.25, "weightedAverageShsOut": 81447998, "weightedAverageShsOutDil": 82681214, "link": "https://www.sec.gov/Archives/edgar/data/1528396/000152839619000032/0001528396-19-000032-index.htm", "finalLink": "https://www.sec.gov/Archives/edgar/data/1528396/000152839619000032/gwre-7312019x10k.htm", "calculatedOtherExpenses": -28315000, "calculatedOperatingExpenses": 365378000, "calculatedNetInterest": 12848000, "calculatedOtherIncome": -30182000, "calculatedIncomeNonControlling": 0, "calculatedEbitda": 69739000}, {"date": "2018-07-31", "symbol": "GWRE", "reportedCurrency": "USD", "cik": "0001528396", "fillingDate": "2018-09-19", "acceptedDate": "2018-09-18 20:18:40", "calendarYear": "2018", "period": "FY", "revenue": 661067000, "costOfRevenue": 296707000, "grossProfit": 364360000, "grossProfitRatio": 0.5511695486, "researchAndDevelopmentExpenses": 171657000, "generalAndAdministrativeExpenses": 75916000, "sellingAndMarketingExpenses": 124117000, "sellingGeneralAndAdministrativeExpenses": 200033000, "otherExpenses": 509000, "operatingExpenses": 371690000, "costAndExpenses": 668397000, "interestIncome": 13281000, "interestExpense": 6442000, "depreciationAndAmortization": 35611000, "ebitda": 42071000, "ebitdaratio": 0.063641053, "operatingIncome": -7330000, "operatingIncomeRatio": -0.0110881348, "totalOtherIncomeExpensesNet": 509000, "incomeBeforeTax": 18000, "incomeBeforeTaxRatio": 2.72287e-05, "incomeTaxExpense": 19683000, "netIncome": -19665000, "netIncomeRatio": -0.029747363, "eps": -0.25, "epsdiluted": -0.25, "weightedAverageShsOut": 77709592, "weightedAverageShsOutDil": 77709592, "link": "https://www.sec.gov/Archives/edgar/data/1528396/000152839618000037/0001528396-18-000037-index.htm", "finalLink": "https://www.sec.gov/Archives/edgar/data/1528396/000152839618000037/gwre-7312018x10k.htm", "calculatedOtherExpenses": 0, "calculatedOperatingExpenses": 371690000, "calculatedNetInterest": 6839000, "calculatedOtherIncome": 509000, "calculatedIncomeNonControlling": 0, "calculatedEbitda": 28281000}, {"date": "2017-07-31", "symbol": "GWRE", "reportedCurrency": "USD", "cik": "0001528396", "fillingDate": "2017-09-20", "acceptedDate": "2017-09-19 20:33:19", "calendarYear": "2017", "period": "FY", "revenue": 514284000, "costOfRevenue": 191559000, "grossProfit": 322725000, "grossProfitRatio": 0.6275229251, "researchAndDevelopmentExpenses": 130323000, "generalAndAdministrativeExpenses": 56551000, "sellingAndMarketingExpenses": 109239000, "sellingGeneralAndAdministrativeExpenses": 165790000, "otherExpenses": 811000, "operatingExpenses": 296113000, "costAndExpenses": 487672000, "interestIncome": 5854000, "interestExpense": -6665000, "depreciationAndAmortization": 18725000, "ebitda": 45337000, "ebitdaratio": 0.0881555716, "operatingIncome": 26612000, "operatingIncomeRatio": 0.051745728, "totalOtherIncomeExpensesNet": 811000, "incomeBeforeTax": 33277000, "incomeBeforeTaxRatio": 0.0647054935, "incomeTaxExpense": 12053000, "netIncome": 21224000, "netIncomeRatio": 0.0412690265, "eps": 0.24, "epsdiluted": 0.24, "weightedAverageShsOut": 73994577, "weightedAverageShsOutDil": 75328343, "link": "https://www.sec.gov/Archives/edgar/data/1528396/000152839617000025/0001528396-17-000025-index.htm", "finalLink": "https://www.sec.gov/Archives/edgar/data/1528396/000152839617000025/gwre-7312017x10k.htm", "calculatedOtherExpenses": 0, "calculatedOperatingExpenses": 296113000, "calculatedNetInterest": 12519000, "calculatedOtherIncome": -5854000, "calculatedIncomeNonControlling": 0, "calculatedEbitda": 45337000}, {"date": "2016-07-31", "symbol": "GWRE", "reportedCurrency": "USD", "cik": "0001528396", "fillingDate": "2016-09-15", "acceptedDate": "2016-09-15 17:17:12", "calendarYear": "2016", "period": "FY", "revenue": 424446000, "costOfRevenue": 151834000, "grossProfit": 272612000, "grossProfitRatio": 0.6422772273, "researchAndDevelopmentExpenses": 112496000, "generalAndAdministrativeExpenses": 50914000, "sellingAndMarketingExpenses": 92765000, "sellingGeneralAndAdministrativeExpenses": 143679000, "otherExpenses": -505000, "operatingExpenses": 256175000, "costAndExpenses": 408009000, "interestIncome": 4850000, "interestExpense": -4345000, "depreciationAndAmortization": 8842000, "ebitda": 25279000, "ebitdaratio": 0.0595576351, "operatingIncome": 16437000, "operatingIncomeRatio": 0.0387257743, "totalOtherIncomeExpensesNet": -505000, "incomeBeforeTax": 20782000, "incomeBeforeTaxRatio": 0.0489626478, "incomeTaxExpense": 5806000, "netIncome": 14976000, "netIncomeRatio": 0.0352836403, "eps": 0.21, "epsdiluted": 0.2, "weightedAverageShsOut": 72026694, "weightedAverageShsOutDil": 73765960, "link": "https://www.sec.gov/Archives/edgar/data/1528396/000152839616000056/0001528396-16-000056-index.htm", "finalLink": "https://www.sec.gov/Archives/edgar/data/1528396/000152839616000056/gwre-7312016x10k.htm", "calculatedOtherExpenses": 0, "calculatedOperatingExpenses": 256175000, "calculatedNetInterest": 9195000, "calculatedOtherIncome": -4850000, "calculatedIncomeNonControlling": 0, "calculatedEbitda": 25279000}, {"date": "2015-07-31", "symbol": "GWRE", "reportedCurrency": "USD", "cik": "0001528396", "fillingDate": "2015-09-17", "acceptedDate": "2015-09-17 13:23:20", "calendarYear": "2015", "period": "FY", "revenue": 380537000, "costOfRevenue": 147184000, "grossProfit": 233353000, "grossProfitRatio": 0.613220265, "researchAndDevelopmentExpenses": 93440000, "generalAndAdministrativeExpenses": 41397000, "sellingAndMarketingExpenses": 82023000, "sellingGeneralAndAdministrativeExpenses": 123420000, "otherExpenses": -1998000, "operatingExpenses": 216860000, "costAndExpenses": 364044000, "interestIncome": 2245000, "interestExpense": -247000, "depreciationAndAmortization": 7480000, "ebitda": 23973000, "ebitdaratio": 0.0629978162, "operatingIncome": 16493000, "operatingIncomeRatio": 0.0433413834, "totalOtherIncomeExpensesNet": -1998000, "incomeBeforeTax": 16740000, "incomeBeforeTaxRatio": 0.0439904661, "incomeTaxExpense": 6855000, "netIncome": 9885000, "netIncomeRatio": 0.0259764491, "eps": 0.14, "epsdiluted": 0.14, "weightedAverageShsOut": 70075908, "weightedAverageShsOutDil": 72314433, "link": "https://www.sec.gov/Archives/edgar/data/1528396/000152839615000019/0001528396-15-000019-index.htm", "finalLink": "https://www.sec.gov/Archives/edgar/data/1528396/000152839615000019/gwre-7312015x10k.htm", "calculatedOtherExpenses": 0, "calculatedOperatingExpenses": 216860000, "calculatedNetInterest": 2492000, "calculatedOtherIncome": -2245000, "calculatedIncomeNonControlling": 0, "calculatedEbitda": 23973000}, {"date": "2014-07-31", "symbol": "GWRE", "reportedCurrency": "USD", "cik": "0001528396", "fillingDate": "2014-09-17", "acceptedDate": "2014-09-17 17:11:55", "calendarYear": "2014", "period": "FY", "revenue": 350246000, "costOfRevenue": 148947000, "grossProfit": 201299000, "grossProfitRatio": 0.5747360427, "researchAndDevelopmentExpenses": 76178000, "generalAndAdministrativeExpenses": 35404000, "sellingAndMarketingExpenses": 71295000, "sellingGeneralAndAdministrativeExpenses": 106699000, "otherExpenses": 174000, "operatingExpenses": 182877000, "costAndExpenses": 331824000, "interestIncome": 1350000, "interestExpense": -1524000, "depreciationAndAmortization": 6751000, "ebitda": 25173000, "ebitdaratio": 0.0718723412, "operatingIncome": 18422000, "operatingIncomeRatio": 0.0525973173, "totalOtherIncomeExpensesNet": 174000, "incomeBeforeTax": 19946000, "incomeBeforeTaxRatio": 0.0569485447, "incomeTaxExpense": 5225000, "netIncome": 14721000, "netIncomeRatio": 0.0420304586, "eps": 0.22, "epsdiluted": 0.21, "weightedAverageShsOut": 65748896, "weightedAverageShsOutDil": 69112733, "link": "https://www.sec.gov/Archives/edgar/data/1528396/000152839614000022/0001528396-14-000022-index.htm", "finalLink": "https://www.sec.gov/Archives/edgar/data/1528396/000152839614000022/gwre-7312014x10k.htm", "calculatedOtherExpenses": 0, "calculatedOperatingExpenses": 182877000, "calculatedNetInterest": 2874000, "calculatedOtherIncome": -1350000, "calculatedIncomeNonControlling": 0, "calculatedEbitda": 25173000}, {"date": "2013-07-31", "symbol": "GWRE", "reportedCurrency": "USD", "cik": "0001528396", "fillingDate": "2013-09-27", "acceptedDate": "2013-09-26 18:40:35", "calendarYear": "2013", "period": "FY", "revenue": 300649000, "costOfRevenue": 131743000, "grossProfit": 168906000, "grossProfitRatio": 0.5618046293, "researchAndDevelopmentExpenses": 66346000, "generalAndAdministrativeExpenses": 32414000, "sellingAndMarketingExpenses": 53301000, "sellingGeneralAndAdministrativeExpenses": 85715000, "otherExpenses": -131000, "operatingExpenses": 152061000, "costAndExpenses": 283804000, "interestIncome": 498000, "interestExpense": -367000, "depreciationAndAmortization": 4821000, "ebitda": 21666000, "ebitdaratio": 0.0720641013, "operatingIncome": 16845000, "operatingIncomeRatio": 0.056028791, "totalOtherIncomeExpensesNet": -131000, "incomeBeforeTax": 17212000, "incomeBeforeTaxRatio": 0.0572494836, "incomeTaxExpense": 1829000, "netIncome": 15383000, "netIncomeRatio": 0.0511659776, "eps": 0.44, "epsdiluted": 0.4, "weightedAverageShsOut": 56331018, "weightedAverageShsOutDil": 61569195, "link": "https://www.sec.gov/Archives/edgar/data/1528396/000152839613000025/0001528396-13-000025-index.htm", "finalLink": "https://www.sec.gov/Archives/edgar/data/1528396/000152839613000025/gwre-7312013x10k.htm", "calculatedOtherExpenses": 0, "calculatedOperatingExpenses": 152061000, "calculatedNetInterest": 865000, "calculatedOtherIncome": -498000, "calculatedIncomeNonControlling": 0, "calculatedEbitda": 21666000}, {"date": "2012-07-31", "symbol": "GWRE", "reportedCurrency": "USD", "cik": "0001528396", "fillingDate": "2012-09-25", "acceptedDate": "2012-09-24 21:16:19", "calendarYear": "2012", "period": "FY", "revenue": 232061000, "costOfRevenue": 91410000, "grossProfit": 140651000, "grossProfitRatio": 0.6060949492, "researchAndDevelopmentExpenses": 50462000, "generalAndAdministrativeExpenses": 28336000, "sellingAndMarketingExpenses": 38254000, "sellingGeneralAndAdministrativeExpenses": 66590000, "otherExpenses": -728000, "operatingExpenses": 117052000, "costAndExpenses": 208462000, "interestIncome": 308000, "interestExpense": 420000, "depreciationAndAmortization": 2917000, "ebitda": 27244000, "ebitdaratio": 0.1174001663, "operatingIncome": 23599000, "operatingIncomeRatio": 0.1016930893, "totalOtherIncomeExpensesNet": -728000, "incomeBeforeTax": 23179000, "incomeBeforeTaxRatio": 0.0998832204, "incomeTaxExpense": 7979000, "netIncome": 15200000, "netIncomeRatio": 0.0655000194, "eps": 0.36, "epsdiluted": 0.32, "weightedAverageShsOut": 34774983, "weightedAverageShsOutDil": 41759338, "link": "https://www.sec.gov/Archives/edgar/data/1528396/000119312512401959/0001193125-12-401959-index.htm", "finalLink": "https://www.sec.gov/Archives/edgar/data/1528396/000119312512401959/d336467d10k.htm", "calculatedOtherExpenses": 0, "calculatedOperatingExpenses": 117052000, "calculatedNetInterest": -112000, "calculatedOtherIncome": -308000, "calculatedIncomeNonControlling": 0, "calculatedEbitda": 26516000}, {"date": "2011-07-31", "symbol": "GWRE", "reportedCurrency": "USD", "cik": "0001528396", "fillingDate": "2011-07-31", "acceptedDate": "2011-07-31 00:00:00", "calendarYear": "2011", "period": "FY", "revenue": 172472000, "costOfRevenue": 68344000, "grossProfit": 104128000, "grossProfitRatio": 0.6037385779, "researchAndDevelopmentExpenses": 34773000, "generalAndAdministrativeExpenses": 33534000, "sellingAndMarketingExpenses": 28950000, "sellingGeneralAndAdministrativeExpenses": 62484000, "otherExpenses": 0, "operatingExpenses": 97257000, "costAndExpenses": 165601000, "interestIncome": 0, "interestExpense": -2694000, "depreciationAndAmortization": 2226000, "ebitda": 7828000, "ebitdaratio": 0.0453870773, "operatingIncome": 6871000, "operatingIncomeRatio": 0.0398383506, "totalOtherIncomeExpensesNet": 1269000, "incomeBeforeTax": 8296000, "incomeBeforeTaxRatio": 0.0481005613, "incomeTaxExpense": -27262000, "netIncome": 35558000, "netIncomeRatio": 0.2061667981, "eps": 0.29, "epsdiluted": 0.29, "weightedAverageShsOut": 39912149, "weightedAverageShsOutDil": 46511161, "link": null, "finalLink": null, "calculatedOtherExpenses": 0, "calculatedOperatingExpenses": 97257000, "calculatedNetInterest": 2694000, "calculatedOtherIncome": -1269000, "calculatedIncomeNonControlling": 0, "calculatedEbitda": 9097000}, {"date": "2010-07-31", "symbol": "GWRE", "reportedCurrency": "USD", "cik": "0001528396", "fillingDate": "2010-07-31", "acceptedDate": "2010-07-31 00:00:00", "calendarYear": "2010", "period": "FY", "revenue": 144691000, "costOfRevenue": 55471000, "grossProfit": 89220000, "grossProfitRatio": 0.6166243927, "researchAndDevelopmentExpenses": 28273000, "generalAndAdministrativeExpenses": 16192000, "sellingAndMarketingExpenses": 26741000, "sellingGeneralAndAdministrativeExpenses": 42933000, "otherExpenses": 0, "operatingExpenses": 71206000, "costAndExpenses": 126677000, "interestIncome": 0, "interestExpense": 687000, "depreciationAndAmortization": 1376000, "ebitda": 19781000, "ebitdaratio": 0.1367120277, "operatingIncome": 18014000, "operatingIncomeRatio": 0.1244997961, "totalOtherIncomeExpensesNet": -391000, "incomeBeforeTax": 17718000, "incomeBeforeTaxRatio": 0.1224540573, "incomeTaxExpense": 2199000, "netIncome": 15519000, "netIncomeRatio": 0.1072561528, "eps": 0.11, "epsdiluted": 0.1, "weightedAverageShsOut": 39912149, "weightedAverageShsOutDil": 46511161, "link": null, "finalLink": null, "calculatedOtherExpenses": 0, "calculatedOperatingExpenses": 71206000, "calculatedNetInterest": -687000, "calculatedOtherIncome": 391000, "calculatedIncomeNonControlling": 0, "calculatedEbitda": 19390000}, {"date": "2009-07-31", "symbol": "GWRE", "reportedCurrency": "USD", "cik": "0001528396", "fillingDate": "2009-07-31", "acceptedDate": "2009-07-31 00:00:00", "calendarYear": "2009", "period": "FY", "revenue": 84745000, "costOfRevenue": 41656000, "grossProfit": 43089000, "grossProfitRatio": 0.5084547761, "researchAndDevelopmentExpenses": 22356000, "generalAndAdministrativeExpenses": 9646000, "sellingAndMarketingExpenses": 21559000, "sellingGeneralAndAdministrativeExpenses": 31205000, "otherExpenses": 0, "operatingExpenses": 53561000, "costAndExpenses": 95217000, "interestIncome": 0, "interestExpense": 219000, "depreciationAndAmortization": 1306000, "ebitda": -9043000, "ebitdaratio": -0.1067083604, "operatingIncome": -10472000, "operatingIncomeRatio": -0.1235707121, "totalOtherIncomeExpensesNet": -123000, "incomeBeforeTax": -10568000, "incomeBeforeTaxRatio": -0.1247035223, "incomeTaxExpense": 398000, "netIncome": -10966000, "netIncomeRatio": -0.1293999646, "eps": -0.27, "epsdiluted": -0.24, "weightedAverageShsOut": 39912149, "weightedAverageShsOutDil": 46511161, "link": null, "finalLink": null, "calculatedOtherExpenses": 0, "calculatedOperatingExpenses": 53561000, "calculatedNetInterest": -219000, "calculatedOtherIncome": 123000, "calculatedIncomeNonControlling": 0, "calculatedEbitda": -9166000}]}