{"originalCurrency": "USD", "convertedCurrency": "USD", "report": [{"date": "2023-12-31", "symbol": "H", "reportedCurrency": "USD", "cik": "0001468174", "fillingDate": "2024-02-23", "acceptedDate": "2024-02-23 14:04:53", "calendarYear": "2023", "period": "FY", "revenue": 6722000000, "costOfRevenue": 5747000000, "grossProfit": 975000000, "grossProfitRatio": 0.1450461172, "researchAndDevelopmentExpenses": 0, "generalAndAdministrativeExpenses": 0, "sellingAndMarketingExpenses": 0, "sellingGeneralAndAdministrativeExpenses": 615000000, "otherExpenses": -573000000, "operatingExpenses": 573000000, "costAndExpenses": 6320000000, "interestIncome": 74000000, "interestExpense": 140000000, "depreciationAndAmortization": 397000000, "ebitda": 799000000, "ebitdaratio": 0.1188634335, "operatingIncome": 402000000, "operatingIncomeRatio": 0.0598036299, "totalOtherIncomeExpensesNet": -92000000, "incomeBeforeTax": 310000000, "incomeBeforeTaxRatio": 0.046117227, "incomeTaxExpense": 90000000, "netIncome": 220000000, "netIncomeRatio": 0.0327283547, "eps": 2.1, "epsdiluted": 2.04, "weightedAverageShsOut": 104861037, "weightedAverageShsOutDil": 107726961, "link": "https://www.sec.gov/Archives/edgar/data/1468174/000146817424000014/0001468174-24-000014-index.htm", "finalLink": "https://www.sec.gov/Archives/edgar/data/1468174/000146817424000014/h-20231231.htm", "calculatedOtherExpenses": -42000000, "calculatedOperatingExpenses": 573000000, "calculatedNetInterest": -66000000, "calculatedOtherIncome": -26000000, "calculatedIncomeNonControlling": 0, "calculatedEbitda": 799000000}, {"date": "2022-12-31", "symbol": "H", "reportedCurrency": "USD", "cik": "0001468174", "fillingDate": "2023-02-16", "acceptedDate": "2023-02-16 12:16:09", "calendarYear": "2022", "period": "FY", "revenue": 5891000000, "costOfRevenue": 4603000000, "grossProfit": 1288000000, "grossProfitRatio": 0.2186386013, "researchAndDevelopmentExpenses": 0, "generalAndAdministrativeExpenses": 0, "sellingAndMarketingExpenses": 0, "sellingGeneralAndAdministrativeExpenses": 464000000, "otherExpenses": 426000000, "operatingExpenses": 890000000, "costAndExpenses": 5493000000, "interestIncome": 44000000, "interestExpense": 150000000, "depreciationAndAmortization": 426000000, "ebitda": 789000000, "ebitdaratio": 0.1339331183, "operatingIncome": 363000000, "operatingIncomeRatio": 0.0616194195, "totalOtherIncomeExpensesNet": 115000000, "incomeBeforeTax": 363000000, "incomeBeforeTaxRatio": 0.0616194195, "incomeTaxExpense": -92000000, "netIncome": 455000000, "netIncomeRatio": 0.0772364624, "eps": 4.17, "epsdiluted": 4.09, "weightedAverageShsOut": 109093790, "weightedAverageShsOutDil": 111264939, "link": "https://www.sec.gov/Archives/edgar/data/1468174/000146817423000009/0001468174-23-000009-index.htm", "finalLink": "https://www.sec.gov/Archives/edgar/data/1468174/000146817423000009/h-20221231.htm", "calculatedOtherExpenses": 461000000, "calculatedOperatingExpenses": 925000000, "calculatedNetInterest": -106000000, "calculatedOtherIncome": 106000000, "calculatedIncomeNonControlling": 0, "calculatedEbitda": 789000000}, {"date": "2021-12-31", "symbol": "H", "reportedCurrency": "USD", "cik": "0001468174", "fillingDate": "2022-02-17", "acceptedDate": "2022-02-17 15:05:23", "calendarYear": "2021", "period": "FY", "revenue": 3028000000, "costOfRevenue": 2603000000, "grossProfit": 425000000, "grossProfitRatio": 0.1403566711, "researchAndDevelopmentExpenses": 0, "generalAndAdministrativeExpenses": 0, "sellingAndMarketingExpenses": 0, "sellingGeneralAndAdministrativeExpenses": 366000000, "otherExpenses": 310000000, "operatingExpenses": 676000000, "costAndExpenses": 3279000000, "interestIncome": 28000000, "interestExpense": 163000000, "depreciationAndAmortization": 310000000, "ebitda": 68000000, "ebitdaratio": 0.0224570674, "operatingIncome": -242000000, "operatingIncomeRatio": -0.0799207398, "totalOtherIncomeExpensesNet": 286000000, "incomeBeforeTax": 44000000, "incomeBeforeTaxRatio": 0.0145310436, "incomeTaxExpense": 266000000, "netIncome": -222000000, "netIncomeRatio": -0.0733157199, "eps": -2.14, "epsdiluted": -2.14, "weightedAverageShsOut": 103970738, "weightedAverageShsOutDil": 103970738, "link": "https://www.sec.gov/Archives/edgar/data/1468174/000146817422000016/0001468174-22-000016-index.htm", "finalLink": "https://www.sec.gov/Archives/edgar/data/1468174/000146817422000016/h-20211231.htm", "calculatedOtherExpenses": 301000000, "calculatedOperatingExpenses": 667000000, "calculatedNetInterest": -135000000, "calculatedOtherIncome": 421000000, "calculatedIncomeNonControlling": 0, "calculatedEbitda": 68000000}, {"date": "2020-12-31", "symbol": "H", "reportedCurrency": "USD", "cik": "0001468174", "fillingDate": "2021-02-18", "acceptedDate": "2021-02-18 14:35:32", "calendarYear": "2020", "period": "FY", "revenue": 2066000000, "costOfRevenue": 2067000000, "grossProfit": -1000000, "grossProfitRatio": -0.0004840271, "researchAndDevelopmentExpenses": 0, "generalAndAdministrativeExpenses": 0, "sellingAndMarketingExpenses": 0, "sellingGeneralAndAdministrativeExpenses": 321000000, "otherExpenses": 310000000, "operatingExpenses": 631000000, "costAndExpenses": 2698000000, "interestIncome": 60000000, "interestExpense": 128000000, "depreciationAndAmortization": 310000000, "ebitda": -484000000, "ebitdaratio": -0.2342691191, "operatingIncome": -794000000, "operatingIncomeRatio": -0.3843175218, "totalOtherIncomeExpensesNet": -166000000, "incomeBeforeTax": -960000000, "incomeBeforeTaxRatio": -0.4646660213, "incomeTaxExpense": -257000000, "netIncome": -703000000, "netIncomeRatio": -0.3402710552, "eps": -6.94, "epsdiluted": -6.94, "weightedAverageShsOut": 101325394, "weightedAverageShsOutDil": 101325394, "link": "https://www.sec.gov/Archives/edgar/data/1468174/000146817421000011/0001468174-21-000011-index.htm", "finalLink": "https://www.sec.gov/Archives/edgar/data/1468174/000146817421000011/h-20201231.htm", "calculatedOtherExpenses": 472000000, "calculatedOperatingExpenses": 793000000, "calculatedNetInterest": -68000000, "calculatedOtherIncome": -98000000, "calculatedIncomeNonControlling": 0, "calculatedEbitda": -484000000}, {"date": "2019-12-31", "symbol": "H", "reportedCurrency": "USD", "cik": "0001468174", "fillingDate": "2020-02-20", "acceptedDate": "2020-02-20 15:49:34", "calendarYear": "2019", "period": "FY", "revenue": 5020000000, "costOfRevenue": 4077000000, "grossProfit": 943000000, "grossProfitRatio": 0.1878486056, "researchAndDevelopmentExpenses": 0, "generalAndAdministrativeExpenses": 0, "sellingAndMarketingExpenses": 0, "sellingGeneralAndAdministrativeExpenses": 417000000, "otherExpenses": 329000000, "operatingExpenses": 746000000, "costAndExpenses": 4823000000, "interestIncome": 62000000, "interestExpense": 75000000, "depreciationAndAmortization": 329000000, "ebitda": 643000000, "ebitdaratio": 0.1280876494, "operatingIncome": 314000000, "operatingIncomeRatio": 0.0625498008, "totalOtherIncomeExpensesNet": 692000000, "incomeBeforeTax": 1006000000, "incomeBeforeTaxRatio": 0.2003984064, "incomeTaxExpense": 240000000, "netIncome": 766000000, "netIncomeRatio": 0.1525896414, "eps": 7.32, "epsdiluted": 7.21, "weightedAverageShsOut": 104590383, "weightedAverageShsOutDil": 106292404, "link": "https://www.sec.gov/Archives/edgar/data/1468174/000146817420000015/0001468174-20-000015-index.htm", "finalLink": "https://www.sec.gov/Archives/edgar/data/1468174/000146817420000015/h10-k123119.htm", "calculatedOtherExpenses": 212000000, "calculatedOperatingExpenses": 629000000, "calculatedNetInterest": -13000000, "calculatedOtherIncome": 705000000, "calculatedIncomeNonControlling": 0, "calculatedEbitda": 643000000}, {"date": "2018-12-31", "symbol": "H", "reportedCurrency": "USD", "cik": "0001468174", "fillingDate": "2019-02-14", "acceptedDate": "2019-02-14 16:47:26", "calendarYear": "2018", "period": "FY", "revenue": 4454000000, "costOfRevenue": 3475000000, "grossProfit": 979000000, "grossProfitRatio": 0.2198024248, "researchAndDevelopmentExpenses": 0, "generalAndAdministrativeExpenses": 320000000, "sellingAndMarketingExpenses": 0, "sellingGeneralAndAdministrativeExpenses": 320000000, "otherExpenses": -49000000, "operatingExpenses": 647000000, "costAndExpenses": 4122000000, "interestIncome": 28000000, "interestExpense": 76000000, "depreciationAndAmortization": 327000000, "ebitda": 618000000, "ebitdaratio": 0.1387516839, "operatingIncome": 332000000, "operatingIncomeRatio": 0.0745397396, "totalOtherIncomeExpensesNet": 695000000, "incomeBeforeTax": 951000000, "incomeBeforeTaxRatio": 0.2135159407, "incomeTaxExpense": 182000000, "netIncome": 769000000, "netIncomeRatio": 0.1726537943, "eps": 6.79, "epsdiluted": 6.68, "weightedAverageShsOut": 113259113, "weightedAverageShsOutDil": 115125017, "link": "https://www.sec.gov/Archives/edgar/data/1468174/000146817419000009/0001468174-19-000009-index.htm", "finalLink": "https://www.sec.gov/Archives/edgar/data/1468174/000146817419000009/h10-k123118.htm", "calculatedOtherExpenses": 327000000, "calculatedOperatingExpenses": 647000000, "calculatedNetInterest": -48000000, "calculatedOtherIncome": 667000000, "calculatedIncomeNonControlling": 0, "calculatedEbitda": 659000000}, {"date": "2017-12-31", "symbol": "H", "reportedCurrency": "USD", "cik": "0001468174", "fillingDate": "2018-02-15", "acceptedDate": "2018-02-15 16:36:36", "calendarYear": "2017", "period": "FY", "revenue": 4685000000, "costOfRevenue": 3638000000, "grossProfit": 1047000000, "grossProfitRatio": 0.2234791889, "researchAndDevelopmentExpenses": 0, "generalAndAdministrativeExpenses": 379000000, "sellingAndMarketingExpenses": 0, "sellingGeneralAndAdministrativeExpenses": 379000000, "otherExpenses": 33000000, "operatingExpenses": 745000000, "costAndExpenses": 4383000000, "interestIncome": 47000000, "interestExpense": 80000000, "depreciationAndAmortization": 366000000, "ebitda": 921000000, "ebitdaratio": 0.1965848453, "operatingIncome": 302000000, "operatingIncomeRatio": 0.0644610459, "totalOtherIncomeExpensesNet": 351000000, "incomeBeforeTax": 573000000, "incomeBeforeTaxRatio": 0.1223052295, "incomeTaxExpense": 323000000, "netIncome": 249000000, "netIncomeRatio": 0.0531483458, "eps": 3.12, "epsdiluted": 3.08, "weightedAverageShsOut": 124836917, "weightedAverageShsOutDil": 126346903, "link": "https://www.sec.gov/Archives/edgar/data/1468174/000146817418000014/0001468174-18-000014-index.htm", "finalLink": "https://www.sec.gov/Archives/edgar/data/1468174/000146817418000014/h10-k123117.htm", "calculatedOtherExpenses": 366000000, "calculatedOperatingExpenses": 745000000, "calculatedNetInterest": -33000000, "calculatedOtherIncome": 304000000, "calculatedIncomeNonControlling": 1000000, "calculatedEbitda": 668000000}, {"date": "2016-12-31", "symbol": "H", "reportedCurrency": "USD", "cik": "0001468174", "fillingDate": "2017-02-16", "acceptedDate": "2017-02-16 16:05:32", "calendarYear": "2016", "period": "FY", "revenue": 4429000000, "costOfRevenue": 3473000000, "grossProfit": 956000000, "grossProfitRatio": 0.215850079, "researchAndDevelopmentExpenses": 0, "generalAndAdministrativeExpenses": 315000000, "sellingAndMarketingExpenses": 0, "sellingGeneralAndAdministrativeExpenses": 315000000, "otherExpenses": -8000000, "operatingExpenses": 657000000, "costAndExpenses": 4130000000, "interestIncome": 19000000, "interestExpense": 76000000, "depreciationAndAmortization": 342000000, "ebitda": 720000000, "ebitdaratio": 0.1625649131, "operatingIncome": 299000000, "operatingIncomeRatio": 0.0675095958, "totalOtherIncomeExpensesNet": 47000000, "incomeBeforeTax": 289000000, "incomeBeforeTaxRatio": 0.0652517498, "incomeTaxExpense": 85000000, "netIncome": 204000000, "netIncomeRatio": 0.0460600587, "eps": 1.55, "epsdiluted": 1.53, "weightedAverageShsOut": 132930578, "weightedAverageShsOutDil": 133939331, "link": "https://www.sec.gov/Archives/edgar/data/1468174/000146817417000010/0001468174-17-000010-index.htm", "finalLink": "https://www.sec.gov/Archives/edgar/data/1468174/000146817417000010/h10-k123116.htm", "calculatedOtherExpenses": 342000000, "calculatedOperatingExpenses": 657000000, "calculatedNetInterest": -57000000, "calculatedOtherIncome": 47000000, "calculatedIncomeNonControlling": 0, "calculatedEbitda": 641000000}, {"date": "2015-12-31", "symbol": "H", "reportedCurrency": "USD", "cik": "0001468174", "fillingDate": "2016-02-18", "acceptedDate": "2016-02-18 15:29:10", "calendarYear": "2015", "period": "FY", "revenue": 4328000000, "costOfRevenue": 3377000000, "grossProfit": 951000000, "grossProfitRatio": 0.2197319778, "researchAndDevelopmentExpenses": 0, "generalAndAdministrativeExpenses": 308000000, "sellingAndMarketingExpenses": 0, "sellingGeneralAndAdministrativeExpenses": 308000000, "otherExpenses": -5000000, "operatingExpenses": 628000000, "costAndExpenses": 4005000000, "interestIncome": 4000000, "interestExpense": 68000000, "depreciationAndAmortization": 320000000, "ebitda": 574000000, "ebitdaratio": 0.1326247689, "operatingIncome": 323000000, "operatingIncomeRatio": 0.0746303142, "totalOtherIncomeExpensesNet": -61000000, "incomeBeforeTax": 194000000, "incomeBeforeTaxRatio": 0.0448243993, "incomeTaxExpense": 70000000, "netIncome": 124000000, "netIncomeRatio": 0.028650647, "eps": 0.87, "epsdiluted": 0.86, "weightedAverageShsOut": 142814868, "weightedAverageShsOutDil": 143999323, "link": "https://www.sec.gov/Archives/edgar/data/1468174/000146817416000152/0001468174-16-000152-index.htm", "finalLink": "https://www.sec.gov/Archives/edgar/data/1468174/000146817416000152/h10-k123115.htm", "calculatedOtherExpenses": 320000000, "calculatedOperatingExpenses": 628000000, "calculatedNetInterest": -64000000, "calculatedOtherIncome": -65000000, "calculatedIncomeNonControlling": 0, "calculatedEbitda": 643000000}, {"date": "2014-12-31", "symbol": "H", "reportedCurrency": "USD", "cik": "0001468174", "fillingDate": "2015-02-18", "acceptedDate": "2015-02-18 16:35:24", "calendarYear": "2014", "period": "FY", "revenue": 4415000000, "costOfRevenue": 3433000000, "grossProfit": 982000000, "grossProfitRatio": 0.2224235561, "researchAndDevelopmentExpenses": 0, "generalAndAdministrativeExpenses": 349000000, "sellingAndMarketingExpenses": 0, "sellingGeneralAndAdministrativeExpenses": 349000000, "otherExpenses": -17000000, "operatingExpenses": 703000000, "costAndExpenses": 4136000000, "interestIncome": 15000000, "interestExpense": 71000000, "depreciationAndAmortization": 354000000, "ebitda": 641000000, "ebitdaratio": 0.145186863, "operatingIncome": 279000000, "operatingIncomeRatio": 0.063193658, "totalOtherIncomeExpensesNet": 317000000, "incomeBeforeTax": 525000000, "incomeBeforeTaxRatio": 0.1189127973, "incomeTaxExpense": 179000000, "netIncome": 344000000, "netIncomeRatio": 0.0779161948, "eps": 2.25, "epsdiluted": 2.23, "weightedAverageShsOut": 153136511, "weightedAverageShsOutDil": 154350452, "link": "https://www.sec.gov/Archives/edgar/data/1468174/000146817415000025/0001468174-15-000025-index.htm", "finalLink": "https://www.sec.gov/Archives/edgar/data/1468174/000146817415000025/h10-k123114.htm", "calculatedOtherExpenses": 354000000, "calculatedOperatingExpenses": 703000000, "calculatedNetInterest": -56000000, "calculatedOtherIncome": 302000000, "calculatedIncomeNonControlling": 2000000, "calculatedEbitda": 633000000}, {"date": "2013-12-31", "symbol": "H", "reportedCurrency": "USD", "cik": "0001468174", "fillingDate": "2014-02-18", "acceptedDate": "2014-02-14 17:42:09", "calendarYear": "2013", "period": "FY", "revenue": 4184000000, "costOfRevenue": 3283000000, "grossProfit": 901000000, "grossProfitRatio": 0.2153441683, "researchAndDevelopmentExpenses": 0, "generalAndAdministrativeExpenses": 323000000, "sellingAndMarketingExpenses": 0, "sellingGeneralAndAdministrativeExpenses": 323000000, "otherExpenses": 17000000, "operatingExpenses": 668000000, "costAndExpenses": 3951000000, "interestIncome": 34000000, "interestExpense": 65000000, "depreciationAndAmortization": 345000000, "ebitda": 594000000, "ebitdaratio": 0.1419694073, "operatingIncome": 233000000, "operatingIncomeRatio": 0.0556883365, "totalOtherIncomeExpensesNet": 153000000, "incomeBeforeTax": 321000000, "incomeBeforeTaxRatio": 0.0767208413, "incomeTaxExpense": 116000000, "netIncome": 207000000, "netIncomeRatio": 0.0494741874, "eps": 1.3, "epsdiluted": 1.3, "weightedAverageShsOut": 158544930, "weightedAverageShsOutDil": 159189079, "link": "https://www.sec.gov/Archives/edgar/data/1468174/000146817414000011/0001468174-14-000011-index.htm", "finalLink": "https://www.sec.gov/Archives/edgar/data/1468174/000146817414000011/h10-k123113.htm", "calculatedOtherExpenses": 345000000, "calculatedOperatingExpenses": 668000000, "calculatedNetInterest": -31000000, "calculatedOtherIncome": 119000000, "calculatedIncomeNonControlling": -2000000, "calculatedEbitda": 578000000}, {"date": "2012-12-31", "symbol": "H", "reportedCurrency": "USD", "cik": "0001468174", "fillingDate": "2013-02-13", "acceptedDate": "2013-02-13 16:07:38", "calendarYear": "2012", "period": "FY", "revenue": 3949000000, "costOfRevenue": 3121000000, "grossProfit": 828000000, "grossProfitRatio": 0.209673335, "researchAndDevelopmentExpenses": 0, "generalAndAdministrativeExpenses": 316000000, "sellingAndMarketingExpenses": 0, "sellingGeneralAndAdministrativeExpenses": 316000000, "otherExpenses": -3000000, "operatingExpenses": 669000000, "costAndExpenses": 3790000000, "interestIncome": 23000000, "interestExpense": 70000000, "depreciationAndAmortization": 353000000, "ebitda": 510000000, "ebitdaratio": 0.1291466194, "operatingIncome": 159000000, "operatingIncomeRatio": 0.0402633578, "totalOtherIncomeExpensesNet": -17000000, "incomeBeforeTax": 95000000, "incomeBeforeTaxRatio": 0.0240567232, "incomeTaxExpense": 8000000, "netIncome": 88000000, "netIncomeRatio": 0.0222841226, "eps": 0.53, "epsdiluted": 0.53, "weightedAverageShsOut": 165017485, "weightedAverageShsOutDil": 165377328, "link": "https://www.sec.gov/Archives/edgar/data/1468174/000119312513055303/0001193125-13-055303-index.htm", "finalLink": "https://www.sec.gov/Archives/edgar/data/1468174/000119312513055303/d465174d10k.htm", "calculatedOtherExpenses": 353000000, "calculatedOperatingExpenses": 669000000, "calculatedNetInterest": -47000000, "calculatedOtherIncome": -17000000, "calculatedIncomeNonControlling": -1000000, "calculatedEbitda": 512000000}, {"date": "2011-12-31", "symbol": "H", "reportedCurrency": "USD", "cik": "0001468174", "fillingDate": "2012-02-16", "acceptedDate": "2012-02-16 13:54:08", "calendarYear": "2011", "period": "FY", "revenue": 3698000000, "costOfRevenue": 2957000000, "grossProfit": 741000000, "grossProfitRatio": 0.200378583, "researchAndDevelopmentExpenses": 0, "generalAndAdministrativeExpenses": 283000000, "sellingAndMarketingExpenses": 0, "sellingGeneralAndAdministrativeExpenses": 283000000, "otherExpenses": 305000000, "operatingExpenses": 588000000, "costAndExpenses": 3545000000, "interestIncome": 0, "interestExpense": 57000000, "depreciationAndAmortization": 305000000, "ebitda": 462000000, "ebitdaratio": 0.1249323959, "operatingIncome": 153000000, "operatingIncomeRatio": 0.0413737155, "totalOtherIncomeExpensesNet": -13000000, "incomeBeforeTax": 83000000, "incomeBeforeTaxRatio": 0.0224445646, "incomeTaxExpense": -28000000, "netIncome": 113000000, "netIncomeRatio": 0.0305570579, "eps": 0.67, "epsdiluted": 0.67, "weightedAverageShsOut": 168761751, "weightedAverageShsOutDil": 169240447, "link": "https://www.sec.gov/Archives/edgar/data/1468174/000119312512065060/0001193125-12-065060-index.htm", "finalLink": "https://www.sec.gov/Archives/edgar/data/1468174/000119312512065060/d288709d10k.htm", "calculatedOtherExpenses": 305000000, "calculatedOperatingExpenses": 588000000, "calculatedNetInterest": -57000000, "calculatedOtherIncome": -13000000, "calculatedIncomeNonControlling": -2000000, "calculatedEbitda": 458000000}, {"date": "2010-12-31", "symbol": "H", "reportedCurrency": "USD", "cik": "0001468174", "fillingDate": "2011-02-17", "acceptedDate": "2011-02-17 14:05:43", "calendarYear": "2010", "period": "FY", "revenue": 3527000000, "costOfRevenue": 2864000000, "grossProfit": 663000000, "grossProfitRatio": 0.1879784519, "researchAndDevelopmentExpenses": 0, "generalAndAdministrativeExpenses": 276000000, "sellingAndMarketingExpenses": 0, "sellingGeneralAndAdministrativeExpenses": 276000000, "otherExpenses": 279000000, "operatingExpenses": 555000000, "costAndExpenses": 3419000000, "interestIncome": 0, "interestExpense": 54000000, "depreciationAndAmortization": 279000000, "ebitda": 347000000, "ebitdaratio": 0.0983838957, "operatingIncome": 108000000, "operatingIncomeRatio": 0.0306209243, "totalOtherIncomeExpensesNet": 34000000, "incomeBeforeTax": 88000000, "incomeBeforeTaxRatio": 0.0249503828, "incomeTaxExpense": 37000000, "netIncome": 66000000, "netIncomeRatio": 0.0187127871, "eps": 0.38, "epsdiluted": 0.38, "weightedAverageShsOut": 174115200, "weightedAverageShsOutDil": 174354202, "link": "https://www.sec.gov/Archives/edgar/data/1468174/000119312511038921/0001193125-11-038921-index.htm", "finalLink": "https://www.sec.gov/Archives/edgar/data/1468174/000119312511038921/d10k.htm", "calculatedOtherExpenses": 279000000, "calculatedOperatingExpenses": 555000000, "calculatedNetInterest": -54000000, "calculatedOtherIncome": 34000000, "calculatedIncomeNonControlling": -15000000, "calculatedEbitda": 387000000}, {"date": "2009-12-31", "symbol": "H", "reportedCurrency": "USD", "cik": "0001468174", "fillingDate": "2010-02-25", "acceptedDate": "2010-02-25 17:23:48", "calendarYear": "2009", "period": "FY", "revenue": 3332000000, "costOfRevenue": 2753000000, "grossProfit": 579000000, "grossProfitRatio": 0.1737695078, "researchAndDevelopmentExpenses": 0, "generalAndAdministrativeExpenses": 0, "sellingAndMarketingExpenses": 0, "sellingGeneralAndAdministrativeExpenses": 261000000, "otherExpenses": 531000000, "operatingExpenses": 531000000, "costAndExpenses": 3284000000, "interestIncome": 0, "interestExpense": 56000000, "depreciationAndAmortization": 270000000, "ebitda": 305000000, "ebitdaratio": 0.0915366146, "operatingIncome": 48000000, "operatingIncomeRatio": 0.0144057623, "totalOtherIncomeExpensesNet": -47000000, "incomeBeforeTax": -55000000, "incomeBeforeTaxRatio": -0.0165066026, "incomeTaxExpense": -10000000, "netIncome": -43000000, "netIncomeRatio": -0.0129051621, "eps": -0.28, "epsdiluted": -0.28, "weightedAverageShsOut": 153571429, "weightedAverageShsOutDil": 153571429, "link": "https://www.sec.gov/Archives/edgar/data/1468174/000119312510040935/0001193125-10-040935-index.htm", "finalLink": "https://www.sec.gov/Archives/edgar/data/1468174/000119312510040935/d10k.htm", "calculatedOtherExpenses": 270000000, "calculatedOperatingExpenses": 531000000, "calculatedNetInterest": -56000000, "calculatedOtherIncome": -47000000, "calculatedIncomeNonControlling": -2000000, "calculatedEbitda": 318000000}, {"date": "2008-12-31", "symbol": "H", "reportedCurrency": "USD", "cik": "0001468174", "fillingDate": "2008-12-31", "acceptedDate": "2008-12-30 19:00:00", "calendarYear": "2008", "period": "FY", "revenue": 3837000000, "costOfRevenue": 2934000000, "grossProfit": 903000000, "grossProfitRatio": 0.2353401095, "researchAndDevelopmentExpenses": 0, "generalAndAdministrativeExpenses": 0, "sellingAndMarketingExpenses": 0, "sellingGeneralAndAdministrativeExpenses": 290000000, "otherExpenses": 539000000, "operatingExpenses": 539000000, "costAndExpenses": 3473000000, "interestIncome": 0, "interestExpense": 75000000, "depreciationAndAmortization": 249000000, "ebitda": 627000000, "ebitdaratio": 0.1634089132, "operatingIncome": 364000000, "operatingIncomeRatio": 0.0948657806, "totalOtherIncomeExpensesNet": -85000000, "incomeBeforeTax": 204000000, "incomeBeforeTaxRatio": 0.0531665364, "incomeTaxExpense": 90000000, "netIncome": 170000000, "netIncomeRatio": 0.044305447, "eps": 1.31, "epsdiluted": 1.31, "weightedAverageShsOut": 128037015, "weightedAverageShsOutDil": 128061147, "link": "", "finalLink": "", "calculatedOtherExpenses": 249000000, "calculatedOperatingExpenses": 539000000, "calculatedNetInterest": -75000000, "calculatedOtherIncome": -85000000, "calculatedIncomeNonControlling": -56000000, "calculatedEbitda": 613000000}, {"date": "2007-12-31", "symbol": "H", "reportedCurrency": "USD", "cik": "0001468174", "fillingDate": "2007-12-31", "acceptedDate": "2007-12-30 19:00:00", "calendarYear": "2007", "period": "FY", "revenue": 3738000000, "costOfRevenue": 2847000000, "grossProfit": 891000000, "grossProfitRatio": 0.2383627608, "researchAndDevelopmentExpenses": 0, "generalAndAdministrativeExpenses": 0, "sellingAndMarketingExpenses": 0, "sellingGeneralAndAdministrativeExpenses": 292000000, "otherExpenses": 506000000, "operatingExpenses": 506000000, "costAndExpenses": 3353000000, "interestIncome": 0, "interestExpense": 43000000, "depreciationAndAmortization": 214000000, "ebitda": 610000000, "ebitdaratio": 0.1631888711, "operatingIncome": 385000000, "operatingIncomeRatio": 0.1029962547, "totalOtherIncomeExpensesNet": 132000000, "incomeBeforeTax": 474000000, "incomeBeforeTaxRatio": 0.1268057785, "incomeTaxExpense": 208000000, "netIncome": 271000000, "netIncomeRatio": 0.0724986624, "eps": 2.01, "epsdiluted": 2.01, "weightedAverageShsOut": 134585000, "weightedAverageShsOutDil": 134634000, "link": "", "finalLink": "", "calculatedOtherExpenses": 214000000, "calculatedOperatingExpenses": 506000000, "calculatedNetInterest": -43000000, "calculatedOtherIncome": 132000000, "calculatedIncomeNonControlling": -5000000, "calculatedEbitda": 599000000}]}