{"originalCurrency": "USD", "convertedCurrency": "USD", "report": [{"date": "2024-03-30", "symbol": "HAE", "reportedCurrency": "USD", "cik": "0000313143", "fillingDate": "2024-05-09", "acceptedDate": "2024-05-09 06:04:29", "calendarYear": "2024", "period": "FY", "revenue": 1309055000, "costOfRevenue": 632487000, "grossProfit": 676568000, "grossProfitRatio": 0.5168369549, "researchAndDevelopmentExpenses": 54435000, "generalAndAdministrativeExpenses": 0, "sellingAndMarketingExpenses": 0, "sellingGeneralAndAdministrativeExpenses": 431780000, "otherExpenses": 40450000, "operatingExpenses": 486215000, "costAndExpenses": 1118702000, "interestIncome": 0, "interestExpense": -13018000, "depreciationAndAmortization": 129246000, "ebitda": 319599000, "ebitdaratio": 0.244144822, "operatingIncome": 190353000, "operatingIncomeRatio": 0.1454125304, "totalOtherIncomeExpensesNet": -38488000, "incomeBeforeTax": 151865000, "incomeBeforeTaxRatio": 0.1160111684, "incomeTaxExpense": 34307000, "netIncome": 117558000, "netIncomeRatio": 0.0898037134, "eps": 2.32, "epsdiluted": 2.29, "weightedAverageShsOut": 50706000, "weightedAverageShsOutDil": 51397000, "link": "https://www.sec.gov/Archives/edgar/data/313143/000031314324000015/0000313143-24-000015-index.htm", "finalLink": "https://www.sec.gov/Archives/edgar/data/313143/000031314324000015/ex991-q4mar2024earningsrel.htm", "calculatedOtherExpenses": 0, "calculatedOperatingExpenses": 486215000, "calculatedNetInterest": 13018000, "calculatedOtherIncome": -51506000, "calculatedIncomeNonControlling": 0, "calculatedEbitda": 319599000}, {"date": "2023-04-01", "symbol": "HAE", "reportedCurrency": "USD", "cik": "0000313143", "fillingDate": "2023-05-22", "acceptedDate": "2023-05-22 16:04:23", "calendarYear": "2023", "period": "FY", "revenue": 1168660000, "costOfRevenue": 553563000, "grossProfit": 615097000, "grossProfitRatio": 0.5263267332, "researchAndDevelopmentExpenses": 50131000, "generalAndAdministrativeExpenses": 369475000, "sellingAndMarketingExpenses": 7200000, "sellingGeneralAndAdministrativeExpenses": 376675000, "otherExpenses": 32258000, "operatingExpenses": 459064000, "costAndExpenses": 459064000, "interestIncome": 13000000, "interestExpense": 14630000, "depreciationAndAmortization": 93307000, "ebitda": 249340000, "ebitdaratio": 0.2133554669, "operatingIncome": 156033000, "operatingIncomeRatio": 0.1335144524, "totalOtherIncomeExpensesNet": -14630000, "incomeBeforeTax": 141403000, "incomeBeforeTaxRatio": 0.1209958414, "incomeTaxExpense": 26002000, "netIncome": 115401000, "netIncomeRatio": 0.0987464275, "eps": 2.27, "epsdiluted": 2.24, "weightedAverageShsOut": 50783000, "weightedAverageShsOutDil": 51420000, "link": "https://www.sec.gov/Archives/edgar/data/313143/000031314323000014/0000313143-23-000014-index.htm", "finalLink": "https://www.sec.gov/Archives/edgar/data/313143/000031314323000014/hae-20230401.htm", "calculatedOtherExpenses": 32258000, "calculatedOperatingExpenses": 459064000, "calculatedNetInterest": -1630000, "calculatedOtherIncome": -13000000, "calculatedIncomeNonControlling": 0, "calculatedEbitda": 249340000}, {"date": "2022-04-02", "symbol": "HAE", "reportedCurrency": "USD", "cik": "0000313143", "fillingDate": "2022-05-25", "acceptedDate": "2022-05-25 06:12:38", "calendarYear": "2022", "period": "FY", "revenue": 993196000, "costOfRevenue": 487694000, "grossProfit": 505502000, "grossProfitRatio": 0.5089649978, "researchAndDevelopmentExpenses": 46801000, "generalAndAdministrativeExpenses": 335163000, "sellingAndMarketingExpenses": 4400000, "sellingGeneralAndAdministrativeExpenses": 339563000, "otherExpenses": 47414000, "operatingExpenses": 433778000, "costAndExpenses": 921472000, "interestIncome": 5800000, "interestExpense": 17121000, "depreciationAndAmortization": 88721000, "ebitda": 169471000, "ebitdaratio": 0.17063198, "operatingIncome": 80750000, "operatingIncomeRatio": 0.0813031869, "totalOtherIncomeExpensesNet": -17121000, "incomeBeforeTax": 63629000, "incomeBeforeTaxRatio": 0.0640648976, "incomeTaxExpense": 20254000, "netIncome": 43375000, "netIncomeRatio": 0.0436721453, "eps": 0.85, "epsdiluted": 0.84, "weightedAverageShsOut": 51047000, "weightedAverageShsOutDil": 51353000, "link": "https://www.sec.gov/Archives/edgar/data/313143/000031314322000024/0000313143-22-000024-index.htm", "finalLink": "https://www.sec.gov/Archives/edgar/data/313143/000031314322000024/hae-20220402.htm", "calculatedOtherExpenses": 38388000, "calculatedOperatingExpenses": 424752000, "calculatedNetInterest": -11321000, "calculatedOtherIncome": -5800000, "calculatedIncomeNonControlling": 0, "calculatedEbitda": 169471000}, {"date": "2021-04-03", "symbol": "HAE", "reportedCurrency": "USD", "cik": "0000313143", "fillingDate": "2021-05-26", "acceptedDate": "2021-05-26 16:07:26", "calendarYear": "2021", "period": "FY", "revenue": 870463000, "costOfRevenue": 472625000, "grossProfit": 397838000, "grossProfitRatio": 0.4570418272, "researchAndDevelopmentExpenses": 32857000, "generalAndAdministrativeExpenses": 271488000, "sellingAndMarketingExpenses": 2700000, "sellingGeneralAndAdministrativeExpenses": 274188000, "otherExpenses": 32830000, "operatingExpenses": 339875000, "costAndExpenses": 812500000, "interestIncome": 9400000, "interestExpense": 16834000, "depreciationAndAmortization": 84287000, "ebitda": 142250000, "ebitdaratio": 0.1634187783, "operatingIncome": 57963000, "operatingIncomeRatio": 0.0665887005, "totalOtherIncomeExpensesNet": 14950000, "incomeBeforeTax": 72913000, "incomeBeforeTaxRatio": 0.0837634684, "incomeTaxExpense": -6556000, "netIncome": 79469000, "netIncomeRatio": 0.0912950924, "eps": 1.57, "epsdiluted": 1.55, "weightedAverageShsOut": 50688000, "weightedAverageShsOutDil": 51292000, "link": "https://www.sec.gov/Archives/edgar/data/313143/000031314321000023/0000313143-21-000023-index.htm", "finalLink": "https://www.sec.gov/Archives/edgar/data/313143/000031314321000023/hae-20210403.htm", "calculatedOtherExpenses": 32830000, "calculatedOperatingExpenses": 339875000, "calculatedNetInterest": -7434000, "calculatedOtherIncome": 22384000, "calculatedIncomeNonControlling": 0, "calculatedEbitda": 142250000}, {"date": "2020-03-28", "symbol": "HAE", "reportedCurrency": "USD", "cik": "0000313143", "fillingDate": "2020-05-20", "acceptedDate": "2020-05-20 16:30:48", "calendarYear": "2020", "period": "FY", "revenue": 988479000, "costOfRevenue": 503966000, "grossProfit": 484513000, "grossProfitRatio": 0.4901601349, "researchAndDevelopmentExpenses": 30883000, "generalAndAdministrativeExpenses": 295380000, "sellingAndMarketingExpenses": 4300000, "sellingGeneralAndAdministrativeExpenses": 299680000, "otherExpenses": 50599000, "operatingExpenses": 330563000, "costAndExpenses": 834529000, "interestIncome": 13500000, "interestExpense": 16199000, "depreciationAndAmortization": 110289000, "ebitda": 264239000, "ebitdaratio": 0.2673187797, "operatingIncome": 153950000, "operatingIncomeRatio": 0.1557443304, "totalOtherIncomeExpensesNet": -66798000, "incomeBeforeTax": 87152000, "incomeBeforeTaxRatio": 0.088167781, "incomeTaxExpense": 10626000, "netIncome": 76526000, "netIncomeRatio": 0.077417932, "eps": 1.51, "epsdiluted": 1.48, "weightedAverageShsOut": 50692000, "weightedAverageShsOutDil": 51815000, "link": "https://www.sec.gov/Archives/edgar/data/313143/000031314320000028/0000313143-20-000028-index.htm", "finalLink": "https://www.sec.gov/Archives/edgar/data/313143/000031314320000028/fy202010-kdocument.htm", "calculatedOtherExpenses": 0, "calculatedOperatingExpenses": 330563000, "calculatedNetInterest": -2699000, "calculatedOtherIncome": -64099000, "calculatedIncomeNonControlling": 0, "calculatedEbitda": 264239000}, {"date": "2019-03-30", "symbol": "HAE", "reportedCurrency": "USD", "cik": "0000313143", "fillingDate": "2019-05-22", "acceptedDate": "2019-05-22 16:41:58", "calendarYear": "2019", "period": "FY", "revenue": 967579000, "costOfRevenue": 550043000, "grossProfit": 417536000, "grossProfitRatio": 0.4315265213, "researchAndDevelopmentExpenses": 35714000, "generalAndAdministrativeExpenses": 293777000, "sellingAndMarketingExpenses": 4500000, "sellingGeneralAndAdministrativeExpenses": 298277000, "otherExpenses": 0, "operatingExpenses": 333991000, "costAndExpenses": 884034000, "interestIncome": 9912000, "interestExpense": 9912000, "depreciationAndAmortization": 109418000, "ebitda": 192963000, "ebitdaratio": 0.1994286771, "operatingIncome": 83545000, "operatingIncomeRatio": 0.0863443708, "totalOtherIncomeExpensesNet": -9912000, "incomeBeforeTax": 73633000, "incomeBeforeTaxRatio": 0.0761002461, "incomeTaxExpense": 18614000, "netIncome": 55019000, "netIncomeRatio": 0.0568625404, "eps": 1.07, "epsdiluted": 1.04, "weightedAverageShsOut": 51533000, "weightedAverageShsOutDil": 52942000, "link": "https://www.sec.gov/Archives/edgar/data/313143/000031314319000022/0000313143-19-000022-index.htm", "finalLink": "https://www.sec.gov/Archives/edgar/data/313143/000031314319000022/fy201910-kdocument.htm", "calculatedOtherExpenses": 0, "calculatedOperatingExpenses": 333991000, "calculatedNetInterest": 0, "calculatedOtherIncome": -9912000, "calculatedIncomeNonControlling": 0, "calculatedEbitda": 192963000}, {"date": "2018-03-31", "symbol": "HAE", "reportedCurrency": "USD", "cik": "0000313143", "fillingDate": "2018-05-23", "acceptedDate": "2018-05-23 16:03:44", "calendarYear": "2018", "period": "FY", "revenue": 903923000, "costOfRevenue": 492015000, "grossProfit": 411908000, "grossProfitRatio": 0.4556892567, "researchAndDevelopmentExpenses": 39228000, "generalAndAdministrativeExpenses": 313423000, "sellingAndMarketingExpenses": 3100000, "sellingGeneralAndAdministrativeExpenses": 316523000, "otherExpenses": 0, "operatingExpenses": 355751000, "costAndExpenses": 847766000, "interestIncome": 0, "interestExpense": 4525000, "depreciationAndAmortization": 89247000, "ebitda": 145404000, "ebitdaratio": 0.1608588342, "operatingIncome": 56157000, "operatingIncomeRatio": 0.0621258669, "totalOtherIncomeExpensesNet": 8000000, "incomeBeforeTax": 59632000, "incomeBeforeTaxRatio": 0.0659702209, "incomeTaxExpense": 14060000, "netIncome": 45572000, "netIncomeRatio": 0.0504157987, "eps": 0.86, "epsdiluted": 0.85, "weightedAverageShsOut": 52755000, "weightedAverageShsOutDil": 53501000, "link": "https://www.sec.gov/Archives/edgar/data/313143/000031314318000020/0000313143-18-000020-index.htm", "finalLink": "https://www.sec.gov/Archives/edgar/data/313143/000031314318000020/fy201810-kdocument.htm", "calculatedOtherExpenses": 0, "calculatedOperatingExpenses": 355751000, "calculatedNetInterest": -4525000, "calculatedOtherIncome": 8000000, "calculatedIncomeNonControlling": 0, "calculatedEbitda": 145404000}, {"date": "2017-04-01", "symbol": "HAE", "reportedCurrency": "USD", "cik": "0000313143", "fillingDate": "2017-05-24", "acceptedDate": "2017-05-24 16:02:58", "calendarYear": "2017", "period": "FY", "revenue": 886116000, "costOfRevenue": 507622000, "grossProfit": 378494000, "grossProfitRatio": 0.4271382076, "researchAndDevelopmentExpenses": 37556000, "generalAndAdministrativeExpenses": 299226000, "sellingAndMarketingExpenses": 2500000, "sellingGeneralAndAdministrativeExpenses": 301726000, "otherExpenses": -8095000, "operatingExpenses": 339282000, "costAndExpenses": 846904000, "interestIncome": 0, "interestExpense": 8095000, "depreciationAndAmortization": 89733000, "ebitda": 128945000, "ebitdaratio": 0.1455170655, "operatingIncome": -19381000, "operatingIncomeRatio": -0.0218718542, "totalOtherIncomeExpensesNet": -58593000, "incomeBeforeTax": -27476000, "incomeBeforeTaxRatio": -0.031007227, "incomeTaxExpense": -1208000, "netIncome": -26268000, "netIncomeRatio": -0.0296439744, "eps": -0.51, "epsdiluted": -0.51, "weightedAverageShsOut": 51505882, "weightedAverageShsOutDil": 51524000, "link": "https://www.sec.gov/Archives/edgar/data/313143/000031314317000017/0000313143-17-000017-index.htm", "finalLink": "https://www.sec.gov/Archives/edgar/data/313143/000031314317000017/fy201710-kdocument.htm", "calculatedOtherExpenses": 58593000, "calculatedOperatingExpenses": 397875000, "calculatedNetInterest": -8095000, "calculatedOtherIncome": 0, "calculatedIncomeNonControlling": 0, "calculatedEbitda": 70352000}, {"date": "2016-04-02", "symbol": "HAE", "reportedCurrency": "USD", "cik": "0000313143", "fillingDate": "2016-06-01", "acceptedDate": "2016-06-01 16:16:05", "calendarYear": "2016", "period": "FY", "revenue": 909675000, "costOfRevenue": 503802000, "grossProfit": 405873000, "grossProfitRatio": 0.4461736334, "researchAndDevelopmentExpenses": 45565000, "generalAndAdministrativeExpenses": 320070000, "sellingAndMarketingExpenses": 3900000, "sellingGeneralAndAdministrativeExpenses": 323970000, "otherExpenses": 87668000, "operatingExpenses": 369535000, "costAndExpenses": 873337000, "interestIncome": 0, "interestExpense": 9474000, "depreciationAndAmortization": 90033000, "ebitda": 126371000, "ebitdaratio": 0.1389188446, "operatingIncome": -43983000, "operatingIncomeRatio": -0.048350235, "totalOtherIncomeExpensesNet": -80321000, "incomeBeforeTax": -53457000, "incomeBeforeTaxRatio": -0.0587649435, "incomeTaxExpense": 2163000, "netIncome": -55620000, "netIncomeRatio": -0.0611427158, "eps": -1.09, "epsdiluted": -1.09, "weightedAverageShsOut": 50910000, "weightedAverageShsOutDil": 50910000, "link": "https://www.sec.gov/Archives/edgar/data/313143/000031314316000128/0000313143-16-000128-index.htm", "finalLink": "https://www.sec.gov/Archives/edgar/data/313143/000031314316000128/fy201610-kdocument.htm", "calculatedOtherExpenses": 80321000, "calculatedOperatingExpenses": 449856000, "calculatedNetInterest": -9474000, "calculatedOtherIncome": 0, "calculatedIncomeNonControlling": 0, "calculatedEbitda": 46050000}, {"date": "2015-03-28", "symbol": "HAE", "reportedCurrency": "USD", "cik": "0000313143", "fillingDate": "2015-05-22", "acceptedDate": "2015-05-22 11:33:32", "calendarYear": "2015", "period": "FY", "revenue": 910373000, "costOfRevenue": 475955000, "grossProfit": 434418000, "grossProfitRatio": 0.4771868234, "researchAndDevelopmentExpenses": 54187000, "generalAndAdministrativeExpenses": 335191000, "sellingAndMarketingExpenses": 4500000, "sellingGeneralAndAdministrativeExpenses": 339691000, "otherExpenses": 5441000, "operatingExpenses": 393878000, "costAndExpenses": 869833000, "interestIncome": 0, "interestExpense": 9375000, "depreciationAndAmortization": 86053000, "ebitda": 40540000, "ebitdaratio": 0.0445311977, "operatingIncome": 40540000, "operatingIncomeRatio": 0.0445311977, "totalOtherIncomeExpensesNet": -5441000, "incomeBeforeTax": 31165000, "incomeBeforeTaxRatio": 0.0342332209, "incomeTaxExpense": 14268000, "netIncome": 16897000, "netIncomeRatio": 0.0185605241, "eps": 0.33, "epsdiluted": 0.32, "weightedAverageShsOut": 51533000, "weightedAverageShsOutDil": 52089000, "link": "https://www.sec.gov/Archives/edgar/data/313143/000031314315000033/0000313143-15-000033-index.htm", "finalLink": "https://www.sec.gov/Archives/edgar/data/313143/000031314315000033/hae201532810kdocument.htm", "calculatedOtherExpenses": 0, "calculatedOperatingExpenses": 393878000, "calculatedNetInterest": -9375000, "calculatedOtherIncome": 0, "calculatedIncomeNonControlling": 0, "calculatedEbitda": 126593000}, {"date": "2014-03-29", "symbol": "HAE", "reportedCurrency": "USD", "cik": "0000313143", "fillingDate": "2014-05-22", "acceptedDate": "2014-05-22 16:50:03", "calendarYear": "2014", "period": "FY", "revenue": 938509000, "costOfRevenue": 470144000, "grossProfit": 468365000, "grossProfitRatio": 0.4990522201, "researchAndDevelopmentExpenses": 54200000, "generalAndAdministrativeExpenses": 363238000, "sellingAndMarketingExpenses": 3600000, "sellingGeneralAndAdministrativeExpenses": 366838000, "otherExpenses": 1711000, "operatingExpenses": 421038000, "costAndExpenses": 891182000, "interestIncome": 0, "interestExpense": 10926000, "depreciationAndAmortization": 81740000, "ebitda": 47327000, "ebitdaratio": 0.0504278595, "operatingIncome": 47327000, "operatingIncomeRatio": 0.0504278595, "totalOtherIncomeExpensesNet": -1711000, "incomeBeforeTax": 36401000, "incomeBeforeTaxRatio": 0.0387859893, "incomeTaxExpense": 1253000, "netIncome": 35148000, "netIncomeRatio": 0.0374508929, "eps": 0.68, "epsdiluted": 0.67, "weightedAverageShsOut": 51611000, "weightedAverageShsOutDil": 52377000, "link": "https://www.sec.gov/Archives/edgar/data/313143/000031314314000055/0000313143-14-000055-index.htm", "finalLink": "https://www.sec.gov/Archives/edgar/data/313143/000031314314000055/hae201432910kdocument.htm", "calculatedOtherExpenses": 0, "calculatedOperatingExpenses": 421038000, "calculatedNetInterest": -10926000, "calculatedOtherIncome": 0, "calculatedIncomeNonControlling": 0, "calculatedEbitda": 129067000}, {"date": "2013-03-30", "symbol": "HAE", "reportedCurrency": "USD", "cik": "0000313143", "fillingDate": "2013-05-20", "acceptedDate": "2013-05-20 17:32:07", "calendarYear": "2013", "period": "FY", "revenue": 891990000, "costOfRevenue": 463859000, "grossProfit": 428131000, "grossProfitRatio": 0.4799728697, "researchAndDevelopmentExpenses": 48641000, "generalAndAdministrativeExpenses": 314206000, "sellingAndMarketingExpenses": 4600000, "sellingGeneralAndAdministrativeExpenses": 318806000, "otherExpenses": -6540000, "operatingExpenses": 367447000, "costAndExpenses": 831306000, "interestIncome": 0, "interestExpense": -54694000, "depreciationAndAmortization": 65481000, "ebitda": 60684000, "ebitdaratio": 0.0680321528, "operatingIncome": 56437000, "operatingIncomeRatio": 0.0632708887, "totalOtherIncomeExpensesNet": -6540000, "incomeBeforeTax": 49897000, "incomeBeforeTaxRatio": 0.0559389679, "incomeTaxExpense": 11097000, "netIncome": 38800000, "netIncomeRatio": 0.0434982455, "eps": 0.76, "epsdiluted": 0.74, "weightedAverageShsOut": 51349000, "weightedAverageShsOutDil": 52259000, "link": "https://www.sec.gov/Archives/edgar/data/313143/000031314313000085/0000313143-13-000085-index.htm", "finalLink": "https://www.sec.gov/Archives/edgar/data/313143/000031314313000085/hae201333010kdocument.htm", "calculatedOtherExpenses": 4247000, "calculatedOperatingExpenses": 371694000, "calculatedNetInterest": 54694000, "calculatedOtherIncome": -61234000, "calculatedIncomeNonControlling": 0, "calculatedEbitda": 121918000}, {"date": "2012-03-31", "symbol": "HAE", "reportedCurrency": "USD", "cik": "0000313143", "fillingDate": "2012-05-22", "acceptedDate": "2012-05-22 17:03:53", "calendarYear": "2012", "period": "FY", "revenue": 727844000, "costOfRevenue": 358604000, "grossProfit": 369240000, "grossProfitRatio": 0.5073065107, "researchAndDevelopmentExpenses": 36801000, "generalAndAdministrativeExpenses": 0, "sellingAndMarketingExpenses": 0, "sellingGeneralAndAdministrativeExpenses": 245261000, "otherExpenses": 0, "operatingExpenses": 282062000, "costAndExpenses": 640666000, "interestIncome": 0, "interestExpense": -54606000, "depreciationAndAmortization": 49966000, "ebitda": 84858000, "ebitdaratio": 0.11658817, "operatingIncome": 88758000, "operatingIncomeRatio": 0.1219464611, "totalOtherIncomeExpensesNet": 2320000, "incomeBeforeTax": 89498000, "incomeBeforeTaxRatio": 0.1229631624, "incomeTaxExpense": 22612000, "netIncome": 66886000, "netIncomeRatio": 0.0918960656, "eps": 1.3, "epsdiluted": 1.3, "weightedAverageShsOut": 50728000, "weightedAverageShsOutDil": 51590000, "link": "https://www.sec.gov/Archives/edgar/data/313143/000031314312000071/0000313143-12-000071-index.htm", "finalLink": "https://www.sec.gov/Archives/edgar/data/313143/000031314312000071/hae201233110k.htm", "calculatedOtherExpenses": -1580000, "calculatedOperatingExpenses": 280482000, "calculatedNetInterest": 54606000, "calculatedOtherIncome": -53866000, "calculatedIncomeNonControlling": 0, "calculatedEbitda": 138724000}, {"date": "2011-04-02", "symbol": "HAE", "reportedCurrency": "USD", "cik": "0000313143", "fillingDate": "2011-05-26", "acceptedDate": "2011-05-26 16:44:28", "calendarYear": "2011", "period": "FY", "revenue": 676694000, "costOfRevenue": 321485000, "grossProfit": 355209000, "grossProfitRatio": 0.5249182053, "researchAndDevelopmentExpenses": 32656000, "generalAndAdministrativeExpenses": 0, "sellingAndMarketingExpenses": 0, "sellingGeneralAndAdministrativeExpenses": 213899000, "otherExpenses": -1894000, "operatingExpenses": 244661000, "costAndExpenses": 566146000, "interestIncome": 384000, "interestExpense": 6000, "depreciationAndAmortization": 48145000, "ebitda": 159077000, "ebitdaratio": 0.2350796667, "operatingIncome": 110548000, "operatingIncomeRatio": 0.1633648296, "totalOtherIncomeExpensesNet": -845000, "incomeBeforeTax": 110081000, "incomeBeforeTaxRatio": 0.1626747097, "incomeTaxExpense": 30101000, "netIncome": 79980000, "netIncomeRatio": 0.1181922701, "eps": 1.59, "epsdiluted": 1.56, "weightedAverageShsOut": 50154000, "weightedAverageShsOutDil": 51192000, "link": "https://www.sec.gov/Archives/edgar/data/313143/000095012311054481/0000950123-11-054481-index.htm", "finalLink": "https://www.sec.gov/Archives/edgar/data/313143/000095012311054481/b85134e10vk.htm", "calculatedOtherExpenses": -1894000, "calculatedOperatingExpenses": 244661000, "calculatedNetInterest": 378000, "calculatedOtherIncome": -845000, "calculatedIncomeNonControlling": 0, "calculatedEbitda": 158693000}, {"date": "2010-04-03", "symbol": "HAE", "reportedCurrency": "USD", "cik": "0000313143", "fillingDate": "2010-06-01", "acceptedDate": "2010-06-01 15:03:43", "calendarYear": "2010", "period": "FY", "revenue": 645430000, "costOfRevenue": 307949000, "grossProfit": 337481000, "grossProfitRatio": 0.5228777714, "researchAndDevelopmentExpenses": 26376000, "generalAndAdministrativeExpenses": 0, "sellingAndMarketingExpenses": 0, "sellingGeneralAndAdministrativeExpenses": 214483000, "otherExpenses": 13341000, "operatingExpenses": 240859000, "costAndExpenses": 548808000, "interestIncome": 399000, "interestExpense": 742000, "depreciationAndAmortization": 43236000, "ebitda": 97021000, "ebitdaratio": 0.1503199417, "operatingIncome": 83281000, "operatingIncomeRatio": 0.1290318083, "totalOtherIncomeExpensesNet": -15009000, "incomeBeforeTax": 81270000, "incomeBeforeTaxRatio": 0.125916056, "incomeTaxExpense": 22895000, "netIncome": 58375000, "netIncomeRatio": 0.0904435802, "eps": 1.15, "epsdiluted": 1.12, "weightedAverageShsOut": 50902000, "weightedAverageShsOutDil": 52126000, "link": "https://www.sec.gov/Archives/edgar/data/313143/000095012310054652/0000950123-10-054652-index.htm", "finalLink": "https://www.sec.gov/Archives/edgar/data/313143/000095012310054652/b80592e10vk.htm", "calculatedOtherExpenses": 13341000, "calculatedOperatingExpenses": 254200000, "calculatedNetInterest": -343000, "calculatedOtherIncome": -1668000, "calculatedIncomeNonControlling": 0, "calculatedEbitda": 126517000}, {"date": "2009-03-28", "symbol": "HAE", "reportedCurrency": "USD", "cik": "0000313143", "fillingDate": "2009-05-22", "acceptedDate": "2009-05-22 13:39:03", "calendarYear": "2009", "period": "FY", "revenue": 597879000, "costOfRevenue": 289709000, "grossProfit": 308170000, "grossProfitRatio": 0.5154387426, "researchAndDevelopmentExpenses": 23859000, "generalAndAdministrativeExpenses": 0, "sellingAndMarketingExpenses": 0, "sellingGeneralAndAdministrativeExpenses": 198744000, "otherExpenses": 0, "operatingExpenses": 222603000, "costAndExpenses": 512312000, "interestIncome": 1968000, "interestExpense": 64000, "depreciationAndAmortization": 36462000, "ebitda": 123997000, "ebitdaratio": 0.2073948073, "operatingIncome": 85567000, "operatingIncomeRatio": 0.1431175873, "totalOtherIncomeExpensesNet": -2469000, "incomeBeforeTax": 85002000, "incomeBeforeTaxRatio": 0.1421725801, "incomeTaxExpense": 25698000, "netIncome": 59304000, "netIncomeRatio": 0.0991906389, "eps": 1.17, "epsdiluted": 1.14, "weightedAverageShsOut": 50778000, "weightedAverageShsOutDil": 52346000, "link": "https://www.sec.gov/Archives/edgar/data/313143/000095013509004179/0000950135-09-004179-index.htm", "finalLink": "https://www.sec.gov/Archives/edgar/data/313143/000095013509004179/b74556hce10vk.htm", "calculatedOtherExpenses": 0, "calculatedOperatingExpenses": 222603000, "calculatedNetInterest": 1904000, "calculatedOtherIncome": -2469000, "calculatedIncomeNonControlling": 0, "calculatedEbitda": 122029000}, {"date": "2008-03-29", "symbol": "HAE", "reportedCurrency": "USD", "cik": "0000313143", "fillingDate": "2008-05-27", "acceptedDate": "2008-05-27 12:36:38", "calendarYear": "2008", "period": "FY", "revenue": 516440000, "costOfRevenue": 258715000, "grossProfit": 257725000, "grossProfitRatio": 0.499041515, "researchAndDevelopmentExpenses": 24322000, "generalAndAdministrativeExpenses": 0, "sellingAndMarketingExpenses": 0, "sellingGeneralAndAdministrativeExpenses": 163116000, "otherExpenses": 0, "operatingExpenses": 187438000, "costAndExpenses": 446153000, "interestIncome": 5418000, "interestExpense": -8989000, "depreciationAndAmortization": 31197000, "ebitda": 99510000, "ebitdaratio": 0.1926845326, "operatingIncome": 70287000, "operatingIncomeRatio": 0.1360990628, "totalOtherIncomeExpensesNet": 1974000, "incomeBeforeTax": 77302000, "incomeBeforeTaxRatio": 0.1496824413, "incomeTaxExpense": 25322000, "netIncome": 51980000, "netIncomeRatio": 0.100650608, "eps": 1, "epsdiluted": 0.97, "weightedAverageShsOut": 51648000, "weightedAverageShsOutDil": 53492000, "link": "https://www.sec.gov/Archives/edgar/data/313143/000104746908006945/0001047469-08-006945-index.htm", "finalLink": "https://www.sec.gov/Archives/edgar/data/313143/000104746908006945/a2185941z10-k.htm", "calculatedOtherExpenses": 0, "calculatedOperatingExpenses": 187438000, "calculatedNetInterest": 14407000, "calculatedOtherIncome": -7392000, "calculatedIncomeNonControlling": 0, "calculatedEbitda": 101484000}, {"date": "2007-03-31", "symbol": "HAE", "reportedCurrency": "USD", "cik": "0000313143", "fillingDate": "2007-05-25", "acceptedDate": "2007-05-25 17:17:59", "calendarYear": "2007", "period": "FY", "revenue": 449607000, "costOfRevenue": 222307000, "grossProfit": 227300000, "grossProfitRatio": 0.5055526271, "researchAndDevelopmentExpenses": 23884000, "generalAndAdministrativeExpenses": 0, "sellingAndMarketingExpenses": 0, "sellingGeneralAndAdministrativeExpenses": 137073000, "otherExpenses": -5475000, "operatingExpenses": 155482000, "costAndExpenses": 377789000, "interestIncome": 7864000, "interestExpense": 97000, "depreciationAndAmortization": 27504000, "ebitda": 99937000, "ebitdaratio": 0.2222763436, "operatingIncome": 62745000, "operatingIncomeRatio": 0.1395552116, "totalOtherIncomeExpensesNet": -615000, "incomeBeforeTax": 72336000, "incomeBeforeTaxRatio": 0.1608871748, "incomeTaxExpense": 23227000, "netIncome": 49109000, "netIncomeRatio": 0.1092265023, "eps": 0.92, "epsdiluted": 0.89, "weightedAverageShsOut": 53492000, "weightedAverageShsOutDil": 55298000, "link": "https://www.sec.gov/Archives/edgar/data/313143/000110465907043148/0001104659-07-043148-index.htm", "finalLink": "https://www.sec.gov/Archives/edgar/data/313143/000110465907043148/a07-14964_110k.htm", "calculatedOtherExpenses": 3598000, "calculatedOperatingExpenses": 164555000, "calculatedNetInterest": 7767000, "calculatedOtherIncome": 1824000, "calculatedIncomeNonControlling": 0, "calculatedEbitda": 90249000}, {"date": "2006-04-01", "symbol": "HAE", "reportedCurrency": "USD", "cik": "0000313143", "fillingDate": "2006-06-09", "acceptedDate": "2006-06-09 06:51:41", "calendarYear": "2006", "period": "FY", "revenue": 419733000, "costOfRevenue": 199198000, "grossProfit": 220535000, "grossProfitRatio": 0.5254173486, "researchAndDevelopmentExpenses": 26516000, "generalAndAdministrativeExpenses": 0, "sellingAndMarketingExpenses": 0, "sellingGeneralAndAdministrativeExpenses": 121351000, "otherExpenses": -26350000, "operatingExpenses": 121517000, "costAndExpenses": 320715000, "interestIncome": 6963000, "interestExpense": -37032000, "depreciationAndAmortization": 25150000, "ebitda": 95000000, "ebitdaratio": 0.2263343602, "operatingIncome": 99018000, "operatingIncomeRatio": 0.2359071124, "totalOtherIncomeExpensesNet": 29168000, "incomeBeforeTax": 106882000, "incomeBeforeTaxRatio": 0.2546428325, "incomeTaxExpense": 37806000, "netIncome": 69076000, "netIncomeRatio": 0.164571287, "eps": 1.29, "epsdiluted": 1.25, "weightedAverageShsOut": 52956000, "weightedAverageShsOutDil": 54948000, "link": "https://www.sec.gov/Archives/edgar/data/313143/000110465906040688/0001104659-06-040688-index.htm", "finalLink": "https://www.sec.gov/Archives/edgar/data/313143/000110465906040688/a06-13357_110k.htm", "calculatedOtherExpenses": -26350000, "calculatedOperatingExpenses": 121517000, "calculatedNetInterest": 43995000, "calculatedOtherIncome": -36131000, "calculatedIncomeNonControlling": 0, "calculatedEbitda": 124168000}, {"date": "2005-04-02", "symbol": "HAE", "reportedCurrency": "USD", "cik": "0000313143", "fillingDate": "2005-06-09", "acceptedDate": "2005-06-09 10:16:46", "calendarYear": "2005", "period": "FY", "revenue": 383598000, "costOfRevenue": 185722000, "grossProfit": 197876000, "grossProfitRatio": 0.5158421055, "researchAndDevelopmentExpenses": 19994000, "generalAndAdministrativeExpenses": 0, "sellingAndMarketingExpenses": 0, "sellingGeneralAndAdministrativeExpenses": 118039000, "otherExpenses": -100000, "operatingExpenses": 137933000, "costAndExpenses": 323655000, "interestIncome": 0, "interestExpense": -24000, "depreciationAndAmortization": 27576000, "ebitda": 87393000, "ebitdaratio": 0.2278244412, "operatingIncome": 59943000, "operatingIncomeRatio": 0.1562651526, "totalOtherIncomeExpensesNet": 126000, "incomeBeforeTax": 59841000, "incomeBeforeTaxRatio": 0.1559992492, "incomeTaxExpense": 20202000, "netIncome": 39639000, "netIncomeRatio": 0.1033347411, "eps": 0.77, "epsdiluted": 0.75, "weightedAverageShsOut": 51046000, "weightedAverageShsOutDil": 52852000, "link": "https://www.sec.gov/Archives/edgar/data/313143/000116923205003081/0001169232-05-003081-index.htm", "finalLink": "https://www.sec.gov/Archives/edgar/data/313143/000116923205003081/d64158_10-k.txt", "calculatedOtherExpenses": -100000, "calculatedOperatingExpenses": 137933000, "calculatedNetInterest": 24000, "calculatedOtherIncome": -126000, "calculatedIncomeNonControlling": 0, "calculatedEbitda": 87519000}, {"date": "2004-04-03", "symbol": "HAE", "reportedCurrency": "USD", "cik": "0000313143", "fillingDate": "2004-06-10", "acceptedDate": "2004-06-10 16:18:25", "calendarYear": "2004", "period": "FY", "revenue": 364229000, "costOfRevenue": 192109000, "grossProfit": 172120000, "grossProfitRatio": 0.4725598456, "researchAndDevelopmentExpenses": 17793000, "generalAndAdministrativeExpenses": 0, "sellingAndMarketingExpenses": 0, "sellingGeneralAndAdministrativeExpenses": 108450000, "otherExpenses": 0, "operatingExpenses": 126243000, "costAndExpenses": 318352000, "interestIncome": 0, "interestExpense": -925000, "depreciationAndAmortization": 30149000, "ebitda": 75036000, "ebitdaratio": 0.2060132499, "operatingIncome": 45877000, "operatingIncomeRatio": 0.1259564724, "totalOtherIncomeExpensesNet": 990000, "incomeBeforeTax": 45812000, "incomeBeforeTaxRatio": 0.1257780133, "incomeTaxExpense": 16492000, "netIncome": 29320000, "netIncomeRatio": 0.0804988071, "eps": 0.6, "epsdiluted": 0.6, "weightedAverageShsOut": 48870000, "weightedAverageShsOutDil": 49277311, "link": "https://www.sec.gov/Archives/edgar/data/313143/000116923204003293/0001169232-04-003293-index.htm", "finalLink": "https://www.sec.gov/Archives/edgar/data/313143/000116923204003293/d59864_10-k.txt", "calculatedOtherExpenses": 0, "calculatedOperatingExpenses": 126243000, "calculatedNetInterest": 925000, "calculatedOtherIncome": -990000, "calculatedIncomeNonControlling": 0, "calculatedEbitda": 76026000}, {"date": "2003-03-29", "symbol": "HAE", "reportedCurrency": "USD", "cik": "0000313143", "fillingDate": "2003-06-09", "acceptedDate": "2003-06-09 14:18:44", "calendarYear": "2003", "period": "FY", "revenue": 336956000, "costOfRevenue": 182260000, "grossProfit": 154696000, "grossProfitRatio": 0.4590985173, "researchAndDevelopmentExpenses": 19512000, "generalAndAdministrativeExpenses": 0, "sellingAndMarketingExpenses": 0, "sellingGeneralAndAdministrativeExpenses": 97705000, "otherExpenses": 0, "operatingExpenses": 117217000, "costAndExpenses": 299477000, "interestIncome": 0, "interestExpense": -3537000, "depreciationAndAmortization": 28431000, "ebitda": 63501000, "ebitdaratio": 0.1884548724, "operatingIncome": 37479000, "operatingIncomeRatio": 0.1112281722, "totalOtherIncomeExpensesNet": 2409000, "incomeBeforeTax": 38607000, "incomeBeforeTaxRatio": 0.1145757903, "incomeTaxExpense": 10228000, "netIncome": 28379000, "netIncomeRatio": 0.0842216788, "eps": 0.57, "epsdiluted": 0.56, "weightedAverageShsOut": 49182000, "weightedAverageShsOutDil": 50096000, "link": "https://www.sec.gov/Archives/edgar/data/313143/000091064703000228/0000910647-03-000228-index.htm", "finalLink": "https://www.sec.gov/Archives/edgar/data/313143/000091064703000228/haem-10k.txt", "calculatedOtherExpenses": 0, "calculatedOperatingExpenses": 117217000, "calculatedNetInterest": 3537000, "calculatedOtherIncome": -2409000, "calculatedIncomeNonControlling": 0, "calculatedEbitda": 65910000}, {"date": "2002-03-30", "symbol": "HAE", "reportedCurrency": "USD", "cik": "0000313143", "fillingDate": "2002-05-07", "acceptedDate": "2002-05-06 18:06:15", "calendarYear": "2002", "period": "FY", "revenue": 319969000, "costOfRevenue": 165135000, "grossProfit": 154834000, "grossProfitRatio": 0.4839031281, "researchAndDevelopmentExpenses": 19512000, "generalAndAdministrativeExpenses": 0, "sellingAndMarketingExpenses": 0, "sellingGeneralAndAdministrativeExpenses": 88874000, "otherExpenses": 0, "operatingExpenses": 108386000, "costAndExpenses": 273521000, "interestIncome": 0, "interestExpense": 13579000, "depreciationAndAmortization": 25616000, "ebitda": 80004000, "ebitdaratio": 0.2500367223, "operatingIncome": 36448000, "operatingIncomeRatio": 0.1139110351, "totalOtherIncomeExpensesNet": -7940000, "incomeBeforeTax": 38505000, "incomeBeforeTaxRatio": 0.1203397829, "incomeTaxExpense": 10782000, "netIncome": 30027000, "netIncomeRatio": 0.0938434661, "eps": 0.57, "epsdiluted": 0.56, "weightedAverageShsOut": 52428000, "weightedAverageShsOutDil": 54310000, "link": "https://www.sec.gov/Archives/edgar/data/313143/000091064702000106/0000910647-02-000106-index.htm", "finalLink": "https://www.sec.gov/Archives/edgar/data/313143/000091064702000106/hae-10k.txt", "calculatedOtherExpenses": 10000000, "calculatedOperatingExpenses": 118386000, "calculatedNetInterest": -13579000, "calculatedOtherIncome": 15636000, "calculatedIncomeNonControlling": -2304000, "calculatedEbitda": 62064000}, {"date": "2001-03-31", "symbol": "HAE", "reportedCurrency": "USD", "cik": "0000313143", "fillingDate": "2001-06-25", "acceptedDate": "2001-06-25 00:00:00", "calendarYear": "2001", "period": "FY", "revenue": 293860000, "costOfRevenue": 126948000, "grossProfit": 166912000, "grossProfitRatio": 0.5679983666, "researchAndDevelopmentExpenses": 19039000, "generalAndAdministrativeExpenses": 0, "sellingAndMarketingExpenses": 0, "sellingGeneralAndAdministrativeExpenses": 86734000, "otherExpenses": 4614000, "operatingExpenses": 110387000, "costAndExpenses": 237335000, "interestIncome": 0, "interestExpense": 59387000, "depreciationAndAmortization": 24499000, "ebitda": 101212000, "ebitdaratio": 0.3444225141, "operatingIncome": 13420000, "operatingIncomeRatio": 0.0456680052, "totalOtherIncomeExpensesNet": -20188000, "incomeBeforeTax": 17326000, "incomeBeforeTaxRatio": 0.058960049, "incomeTaxExpense": 10090000, "netIncome": 7236000, "netIncomeRatio": 0.0246239706, "eps": 0.14, "epsdiluted": 0.14, "weightedAverageShsOut": 50598000, "weightedAverageShsOutDil": 52010000, "link": "https://www.sec.gov/Archives/edgar/data/313143/000091064701500151/0000910647-01-500151-index.htm", "finalLink": "https://www.sec.gov/Archives/edgar/data/313143/000091064701500151/hae-10k.txt", "calculatedOtherExpenses": 47719000, "calculatedOperatingExpenses": 153492000, "calculatedNetInterest": -59387000, "calculatedOtherIncome": 63293000, "calculatedIncomeNonControlling": 0, "calculatedEbitda": 37919000}, {"date": "2000-04-01", "symbol": "HAE", "reportedCurrency": "USD", "cik": "0000313143", "fillingDate": "2000-06-16", "acceptedDate": "2000-06-16 00:00:00", "calendarYear": "2000", "period": "FY", "revenue": 277924000, "costOfRevenue": 121700000, "grossProfit": 156224000, "grossProfitRatio": 0.562110505, "researchAndDevelopmentExpenses": 14927000, "generalAndAdministrativeExpenses": 0, "sellingAndMarketingExpenses": 0, "sellingGeneralAndAdministrativeExpenses": 82758000, "otherExpenses": 24906000, "operatingExpenses": 122591000, "costAndExpenses": 244291000, "interestIncome": 0, "interestExpense": 13100000, "depreciationAndAmortization": 24906000, "ebitda": 65475000, "ebitdaratio": 0.2355859875, "operatingIncome": 33633000, "operatingIncomeRatio": 0.1210150977, "totalOtherIncomeExpensesNet": -6936000, "incomeBeforeTax": 27325000, "incomeBeforeTaxRatio": 0.0983182453, "incomeTaxExpense": 8471000, "netIncome": 18998000, "netIncomeRatio": 0.068356817, "eps": 0.3, "epsdiluted": 0.29, "weightedAverageShsOut": 52174000, "weightedAverageShsOutDil": 53002000, "link": "https://www.sec.gov/Archives/edgar/data/313143/000091064700000161/0000910647-00-000161-index.htm", "finalLink": "https://www.sec.gov/Archives/edgar/data/313143/000091064700000161/0000910647-00-000161-0001.txt", "calculatedOtherExpenses": 24906000, "calculatedOperatingExpenses": 122591000, "calculatedNetInterest": -13100000, "calculatedOtherIncome": 6792000, "calculatedIncomeNonControlling": -144000, "calculatedEbitda": 58539000}, {"date": "1999-04-03", "symbol": "HAE", "reportedCurrency": "USD", "cik": "0000313143", "fillingDate": "1999-06-21", "acceptedDate": "1999-06-21 00:00:00", "calendarYear": "1999", "period": "FY", "revenue": 282100000, "costOfRevenue": 124000000, "grossProfit": 158100000, "grossProfitRatio": 0.5604395604, "researchAndDevelopmentExpenses": 15100000, "generalAndAdministrativeExpenses": 0, "sellingAndMarketingExpenses": 0, "sellingGeneralAndAdministrativeExpenses": 86700000, "otherExpenses": 24600000, "operatingExpenses": 126400000, "costAndExpenses": 250400000, "interestIncome": 0, "interestExpense": -5900000, "depreciationAndAmortization": 24600000, "ebitda": 51200000, "ebitdaratio": 0.1814959234, "operatingIncome": 31700000, "operatingIncomeRatio": 0.1123714995, "totalOtherIncomeExpensesNet": 5100000, "incomeBeforeTax": 32600000, "incomeBeforeTaxRatio": 0.1155618575, "incomeTaxExpense": 11400000, "netIncome": 21100000, "netIncomeRatio": 0.0747961716, "eps": 0.39, "epsdiluted": 0.39, "weightedAverageShsOut": 53494924, "weightedAverageShsOutDil": 53767857, "link": "https://www.sec.gov/Archives/edgar/data/313143/000091064799000173/0000910647-99-000173-index.html", "finalLink": "https://www.sec.gov/Archives/edgar/data/313143/000091064799000173/", "calculatedOtherExpenses": 24600000, "calculatedOperatingExpenses": 126400000, "calculatedNetInterest": 5900000, "calculatedOtherIncome": -5000000, "calculatedIncomeNonControlling": 100000, "calculatedEbitda": 56300000}, {"date": "1998-03-28", "symbol": "HAE", "reportedCurrency": "USD", "cik": "0000313143", "fillingDate": "1998-06-22", "acceptedDate": "1998-06-22 00:00:00", "calendarYear": "1998", "period": "FY", "revenue": 285800000, "costOfRevenue": 127100000, "grossProfit": 158700000, "grossProfitRatio": 0.555283415, "researchAndDevelopmentExpenses": 17900000, "generalAndAdministrativeExpenses": 0, "sellingAndMarketingExpenses": 0, "sellingGeneralAndAdministrativeExpenses": 86900000, "otherExpenses": 22900000, "operatingExpenses": 127700000, "costAndExpenses": 254800000, "interestIncome": 0, "interestExpense": 74900000, "depreciationAndAmortization": 22900000, "ebitda": 76900000, "ebitdaratio": 0.2690692792, "operatingIncome": 31000000, "operatingIncomeRatio": 0.1084674598, "totalOtherIncomeExpensesNet": -23000000, "incomeBeforeTax": 4500000, "incomeBeforeTaxRatio": 0.0157452764, "incomeTaxExpense": 3900000, "netIncome": -24800000, "netIncomeRatio": -0.0867739678, "eps": -0.47, "epsdiluted": -0.47, "weightedAverageShsOut": 52765957, "weightedAverageShsOutDil": 53333333, "link": "https://www.sec.gov/Archives/edgar/data/313143/000091064798000186/0000910647-98-000186-index.html", "finalLink": "https://www.sec.gov/Archives/edgar/data/313143/", "calculatedOtherExpenses": 22900000, "calculatedOperatingExpenses": 127700000, "calculatedNetInterest": -74900000, "calculatedOtherIncome": 48400000, "calculatedIncomeNonControlling": 25400000, "calculatedEbitda": 53900000}, {"date": "1997-03-29", "symbol": "HAE", "reportedCurrency": "USD", "cik": "0000313143", "fillingDate": "1997-06-06", "acceptedDate": "1997-06-06 00:00:00", "calendarYear": "1997", "period": "FY", "revenue": 309800000, "costOfRevenue": 137800000, "grossProfit": 172000000, "grossProfitRatio": 0.5551969012, "researchAndDevelopmentExpenses": 19000000, "generalAndAdministrativeExpenses": 0, "sellingAndMarketingExpenses": 0, "sellingGeneralAndAdministrativeExpenses": 92300000, "otherExpenses": 12300000, "operatingExpenses": 123600000, "costAndExpenses": 261400000, "interestIncome": 0, "interestExpense": -6300000, "depreciationAndAmortization": 12300000, "ebitda": 56700000, "ebitdaratio": 0.1830213041, "operatingIncome": 48400000, "operatingIncomeRatio": 0.1562298257, "totalOtherIncomeExpensesNet": 4000000, "incomeBeforeTax": 50700000, "incomeBeforeTaxRatio": 0.1636539703, "incomeTaxExpense": 17700000, "netIncome": 33000000, "netIncomeRatio": 0.1065203357, "eps": 0.61, "epsdiluted": 0.6, "weightedAverageShsOut": 54380165, "weightedAverageShsOutDil": 54833333, "link": "https://www.sec.gov/Archives/edgar/data/313143/000091064797000149/0000910647-97-000149-index.html", "finalLink": "https://www.sec.gov/Archives/edgar/data/313143/", "calculatedOtherExpenses": 12300000, "calculatedOperatingExpenses": 123600000, "calculatedNetInterest": 6300000, "calculatedOtherIncome": -4000000, "calculatedIncomeNonControlling": 0, "calculatedEbitda": 60700000}, {"date": "1996-03-30", "symbol": "HAE", "reportedCurrency": "USD", "cik": "0000313143", "fillingDate": "1996-06-07", "acceptedDate": "1996-06-07 00:00:00", "calendarYear": "1996", "period": "FY", "revenue": 278200000, "costOfRevenue": 110500000, "grossProfit": 167700000, "grossProfitRatio": 0.6028037383, "researchAndDevelopmentExpenses": 18500000, "generalAndAdministrativeExpenses": 0, "sellingAndMarketingExpenses": 0, "sellingGeneralAndAdministrativeExpenses": 81800000, "otherExpenses": 13100000, "operatingExpenses": 113400000, "costAndExpenses": 223900000, "interestIncome": 0, "interestExpense": -4100000, "depreciationAndAmortization": 13100000, "ebitda": 64200000, "ebitdaratio": 0.2307692308, "operatingIncome": 54300000, "operatingIncomeRatio": 0.1951833214, "totalOtherIncomeExpensesNet": 3200000, "incomeBeforeTax": 55200000, "incomeBeforeTaxRatio": 0.198418404, "incomeTaxExpense": 19300000, "netIncome": 35900000, "netIncomeRatio": 0.1290438533, "eps": 0.66, "epsdiluted": 0.65, "weightedAverageShsOut": 54393939, "weightedAverageShsOutDil": 55230769, "link": "https://www.sec.gov/Archives/edgar/data/313143/000092701696000377/0000927016-96-000377-index.html", "finalLink": "https://www.sec.gov/Archives/edgar/data/313143/", "calculatedOtherExpenses": 13100000, "calculatedOperatingExpenses": 113400000, "calculatedNetInterest": 4100000, "calculatedOtherIncome": -3200000, "calculatedIncomeNonControlling": 0, "calculatedEbitda": 67400000}, {"date": "1995-03-31", "symbol": "HAE", "reportedCurrency": "USD", "cik": "0000313143", "fillingDate": "1995-03-31", "acceptedDate": "1995-03-31 00:00:00", "calendarYear": "1995", "period": "FY", "revenue": 262400000, "costOfRevenue": 103900000, "grossProfit": 158500000, "grossProfitRatio": 0.6040396341, "researchAndDevelopmentExpenses": 16700000, "generalAndAdministrativeExpenses": 0, "sellingAndMarketingExpenses": 0, "sellingGeneralAndAdministrativeExpenses": 75700000, "otherExpenses": 13700000, "operatingExpenses": 106100000, "costAndExpenses": 210000000, "interestIncome": 0, "interestExpense": -2100000, "depreciationAndAmortization": 13700000, "ebitda": 64100000, "ebitdaratio": 0.2442835366, "operatingIncome": 52400000, "operatingIncomeRatio": 0.199695122, "totalOtherIncomeExpensesNet": 2000000, "incomeBeforeTax": 52500000, "incomeBeforeTaxRatio": 0.2000762195, "incomeTaxExpense": 18900000, "netIncome": 33600000, "netIncomeRatio": 0.1280487805, "eps": 0.61, "epsdiluted": 0.59, "weightedAverageShsOut": 55537190, "weightedAverageShsOutDil": 56949153, "link": null, "finalLink": null, "calculatedOtherExpenses": 13700000, "calculatedOperatingExpenses": 106100000, "calculatedNetInterest": 2100000, "calculatedOtherIncome": -2000000, "calculatedIncomeNonControlling": 0, "calculatedEbitda": 66100000}, {"date": "1994-03-31", "symbol": "HAE", "reportedCurrency": "USD", "cik": "0000313143", "fillingDate": "1994-03-31", "acceptedDate": "1994-03-31 00:00:00", "calendarYear": "1994", "period": "FY", "revenue": 248400000, "costOfRevenue": 94200000, "grossProfit": 154200000, "grossProfitRatio": 0.6207729469, "researchAndDevelopmentExpenses": 15800000, "generalAndAdministrativeExpenses": 0, "sellingAndMarketingExpenses": 0, "sellingGeneralAndAdministrativeExpenses": 75900000, "otherExpenses": 10700000, "operatingExpenses": 102400000, "costAndExpenses": 196600000, "interestIncome": 0, "interestExpense": -1700000, "depreciationAndAmortization": 10700000, "ebitda": 59800000, "ebitdaratio": 0.2407407407, "operatingIncome": 51800000, "operatingIncomeRatio": 0.2085346216, "totalOtherIncomeExpensesNet": 2700000, "incomeBeforeTax": 50800000, "incomeBeforeTaxRatio": 0.2045088567, "incomeTaxExpense": 19300000, "netIncome": 31500000, "netIncomeRatio": 0.1268115942, "eps": 0.56, "epsdiluted": 0.55, "weightedAverageShsOut": 55752212, "weightedAverageShsOutDil": 57798165, "link": null, "finalLink": null, "calculatedOtherExpenses": 10700000, "calculatedOperatingExpenses": 102400000, "calculatedNetInterest": 1700000, "calculatedOtherIncome": -2700000, "calculatedIncomeNonControlling": 0, "calculatedEbitda": 62500000}, {"date": "1993-03-31", "symbol": "HAE", "reportedCurrency": "USD", "cik": "0000313143", "fillingDate": "1993-03-31", "acceptedDate": "1993-03-31 00:00:00", "calendarYear": "1993", "period": "FY", "revenue": 216300000, "costOfRevenue": 88800000, "grossProfit": 127500000, "grossProfitRatio": 0.5894590846, "researchAndDevelopmentExpenses": 0, "generalAndAdministrativeExpenses": 0, "sellingAndMarketingExpenses": 0, "sellingGeneralAndAdministrativeExpenses": 77200000, "otherExpenses": 8500000, "operatingExpenses": 85700000, "costAndExpenses": 174500000, "interestIncome": 0, "interestExpense": 1600000, "depreciationAndAmortization": 8500000, "ebitda": 50100000, "ebitdaratio": 0.2316227462, "operatingIncome": 41800000, "operatingIncomeRatio": 0.1932501156, "totalOtherIncomeExpensesNet": 200000, "incomeBeforeTax": 40000000, "incomeBeforeTaxRatio": 0.1849283403, "incomeTaxExpense": 15200000, "netIncome": 24800000, "netIncomeRatio": 0.114655571, "eps": 0.45, "epsdiluted": 0.44, "weightedAverageShsOut": 55730337, "weightedAverageShsOutDil": 57011494, "link": null, "finalLink": null, "calculatedOtherExpenses": 8500000, "calculatedOperatingExpenses": 85700000, "calculatedNetInterest": -1600000, "calculatedOtherIncome": -200000, "calculatedIncomeNonControlling": 0, "calculatedEbitda": 50300000}, {"date": "1992-03-31", "symbol": "HAE", "reportedCurrency": "USD", "cik": "0000313143", "fillingDate": "1992-03-31", "acceptedDate": "1992-03-31 00:00:00", "calendarYear": "1992", "period": "FY", "revenue": 176400000, "costOfRevenue": 78500000, "grossProfit": 97900000, "grossProfitRatio": 0.5549886621, "researchAndDevelopmentExpenses": 0, "generalAndAdministrativeExpenses": 0, "sellingAndMarketingExpenses": 0, "sellingGeneralAndAdministrativeExpenses": 61000000, "otherExpenses": 7000000, "operatingExpenses": 68000000, "costAndExpenses": 146500000, "interestIncome": 0, "interestExpense": 1600000, "depreciationAndAmortization": 7000000, "ebitda": 36300000, "ebitdaratio": 0.2057823129, "operatingIncome": 29900000, "operatingIncomeRatio": 0.1695011338, "totalOtherIncomeExpensesNet": 600000, "incomeBeforeTax": 27700000, "incomeBeforeTaxRatio": 0.1570294785, "incomeTaxExpense": 9700000, "netIncome": 18000000, "netIncomeRatio": 0.1020408163, "eps": 0.33, "epsdiluted": 0.32, "weightedAverageShsOut": 55384615, "weightedAverageShsOutDil": 57142857, "link": null, "finalLink": null, "calculatedOtherExpenses": 7000000, "calculatedOperatingExpenses": 68000000, "calculatedNetInterest": -1600000, "calculatedOtherIncome": -600000, "calculatedIncomeNonControlling": 0, "calculatedEbitda": 36900000}, {"date": "1991-03-31", "symbol": "HAE", "reportedCurrency": "USD", "cik": "0000313143", "fillingDate": "1991-03-31", "acceptedDate": "1991-03-31 00:00:00", "calendarYear": "1991", "period": "FY", "revenue": 157300000, "costOfRevenue": 0, "grossProfit": 157300000, "grossProfitRatio": 1, "researchAndDevelopmentExpenses": 0, "generalAndAdministrativeExpenses": 0, "sellingAndMarketingExpenses": 0, "sellingGeneralAndAdministrativeExpenses": 0, "otherExpenses": 0, "operatingExpenses": 0, "costAndExpenses": 0, "interestIncome": 0, "interestExpense": 0, "depreciationAndAmortization": 0, "ebitda": 157300000, "ebitdaratio": 1, "operatingIncome": 157300000, "operatingIncomeRatio": 1, "totalOtherIncomeExpensesNet": 0, "incomeBeforeTax": 0, "incomeBeforeTaxRatio": 0, "incomeTaxExpense": 0, "netIncome": 0, "netIncomeRatio": 0, "eps": 0.26, "epsdiluted": 0.25, "weightedAverageShsOut": 55600000, "weightedAverageShsOutDil": 55600000, "link": null, "finalLink": null, "calculatedOtherExpenses": 0, "calculatedOperatingExpenses": 0, "calculatedNetInterest": 0, "calculatedOtherIncome": -157300000, "calculatedIncomeNonControlling": 0, "calculatedEbitda": 157300000}]}