{"originalCurrency": "USD", "convertedCurrency": "USD", "report": [{"date": "2023-12-31", "symbol": "HALO", "reportedCurrency": "USD", "cik": "0001159036", "fillingDate": "2024-02-20", "acceptedDate": "2024-02-20 16:07:29", "calendarYear": "2023", "period": "FY", "revenue": 829253000, "costOfRevenue": 192361000, "grossProfit": 636892000, "grossProfitRatio": 0.7680309869, "researchAndDevelopmentExpenses": 76363000, "generalAndAdministrativeExpenses": 0, "sellingAndMarketingExpenses": 0, "sellingGeneralAndAdministrativeExpenses": 149182000, "otherExpenses": 73773000, "operatingExpenses": 299318000, "costAndExpenses": 491679000, "interestIncome": 0, "interestExpense": 18762000, "depreciationAndAmortization": 84856000, "ebitda": 422430000, "ebitdaratio": 0.5094102765, "operatingIncome": 337574000, "operatingIncomeRatio": 0.4070820365, "totalOtherIncomeExpensesNet": 29517000, "incomeBeforeTax": 348329000, "incomeBeforeTaxRatio": 0.4200515404, "incomeTaxExpense": 66735000, "netIncome": 281594000, "netIncomeRatio": 0.3395754975, "eps": 2.13, "epsdiluted": 2.1, "weightedAverageShsOut": 131926999, "weightedAverageShsOutDil": 134197000, "link": "https://www.sec.gov/Archives/edgar/data/1159036/000115903624000008/0001159036-24-000008-index.htm", "finalLink": "https://www.sec.gov/Archives/edgar/data/1159036/000115903624000008/halo-20231231.htm", "calculatedOtherExpenses": 73773000, "calculatedOperatingExpenses": 299318000, "calculatedNetInterest": -18762000, "calculatedOtherIncome": 29517000, "calculatedIncomeNonControlling": 0, "calculatedEbitda": 422430000}, {"date": "2022-12-31", "symbol": "HALO", "reportedCurrency": "USD", "cik": "0001159036", "fillingDate": "2023-02-21", "acceptedDate": "2023-02-21 16:27:38", "calendarYear": "2022", "period": "FY", "revenue": 660116000, "costOfRevenue": 139304000, "grossProfit": 520812000, "grossProfitRatio": 0.7889704234, "researchAndDevelopmentExpenses": 66607000, "generalAndAdministrativeExpenses": 0, "sellingAndMarketingExpenses": 0, "sellingGeneralAndAdministrativeExpenses": 143526000, "otherExpenses": 43148000, "operatingExpenses": 253281000, "costAndExpenses": 392585000, "interestIncome": 15901000, "interestExpense": 16947000, "depreciationAndAmortization": 43148000, "ebitda": 310679000, "ebitdaratio": 0.4706430385, "operatingIncome": 267531000, "operatingIncomeRatio": 0.4052787692, "totalOtherIncomeExpensesNet": -18613000, "incomeBeforeTax": 248918000, "incomeBeforeTaxRatio": 0.3770822098, "incomeTaxExpense": 46789000, "netIncome": 202129000, "netIncomeRatio": 0.3062022432, "eps": 1.48, "epsdiluted": 1.44, "weightedAverageShsOut": 136844000, "weightedAverageShsOutDil": 140608000, "link": "https://www.sec.gov/Archives/edgar/data/1159036/000115903623000012/0001159036-23-000012-index.htm", "finalLink": "https://www.sec.gov/Archives/edgar/data/1159036/000115903623000012/halo-20221231.htm", "calculatedOtherExpenses": 43148000, "calculatedOperatingExpenses": 253281000, "calculatedNetInterest": -1046000, "calculatedOtherIncome": -17567000, "calculatedIncomeNonControlling": 0, "calculatedEbitda": 310679000}, {"date": "2021-12-31", "symbol": "HALO", "reportedCurrency": "USD", "cik": "0001159036", "fillingDate": "2022-02-22", "acceptedDate": "2022-02-22 16:21:55", "calendarYear": "2021", "period": "FY", "revenue": 443310000, "costOfRevenue": 81413000, "grossProfit": 361897000, "grossProfitRatio": 0.8163519885, "researchAndDevelopmentExpenses": 35672000, "generalAndAdministrativeExpenses": 0, "sellingAndMarketingExpenses": 0, "sellingGeneralAndAdministrativeExpenses": 50323000, "otherExpenses": 0, "operatingExpenses": 85995000, "costAndExpenses": 167408000, "interestIncome": 6424000, "interestExpense": 7526000, "depreciationAndAmortization": 2997000, "ebitda": 275902000, "ebitdaratio": 0.6223680946, "operatingIncome": 275902000, "operatingIncomeRatio": 0.6223680946, "totalOtherIncomeExpensesNet": -27384000, "incomeBeforeTax": 248518000, "incomeBeforeTaxRatio": 0.5605964224, "incomeTaxExpense": -154192000, "netIncome": 402710000, "netIncomeRatio": 0.9084162324, "eps": 2.86, "epsdiluted": 2.74, "weightedAverageShsOut": 140646000, "weightedAverageShsOutDil": 146796000, "link": "https://www.sec.gov/Archives/edgar/data/1159036/000115903622000014/0001159036-22-000014-index.htm", "finalLink": "https://www.sec.gov/Archives/edgar/data/1159036/000115903622000014/halo-20211231.htm", "calculatedOtherExpenses": 0, "calculatedOperatingExpenses": 85995000, "calculatedNetInterest": -1102000, "calculatedOtherIncome": -26282000, "calculatedIncomeNonControlling": 0, "calculatedEbitda": 278899000}, {"date": "2020-12-31", "symbol": "HALO", "reportedCurrency": "USD", "cik": "0001159036", "fillingDate": "2021-02-23", "acceptedDate": "2021-02-23 16:12:32", "calendarYear": "2020", "period": "FY", "revenue": 267594000, "costOfRevenue": 43367000, "grossProfit": 224227000, "grossProfitRatio": 0.837937323, "researchAndDevelopmentExpenses": 34236000, "generalAndAdministrativeExpenses": 0, "sellingAndMarketingExpenses": 0, "sellingGeneralAndAdministrativeExpenses": 45736000, "otherExpenses": 0, "operatingExpenses": 79972000, "costAndExpenses": 123339000, "interestIncome": 14953000, "interestExpense": 20378000, "depreciationAndAmortization": 3284000, "ebitda": 144255000, "ebitdaratio": 0.5390815938, "operatingIncome": 144255000, "operatingIncomeRatio": 0.5390815938, "totalOtherIncomeExpensesNet": -14953000, "incomeBeforeTax": 129302000, "incomeBeforeTaxRatio": 0.4832021645, "incomeTaxExpense": 217000, "netIncome": 129085000, "netIncomeRatio": 0.4823912345, "eps": 0.95, "epsdiluted": 0.91, "weightedAverageShsOut": 136206000, "weightedAverageShsOutDil": 141463000, "link": "https://www.sec.gov/Archives/edgar/data/1159036/000115903621000014/0001159036-21-000014-index.htm", "finalLink": "https://www.sec.gov/Archives/edgar/data/1159036/000115903621000014/halo-20201231.htm", "calculatedOtherExpenses": 0, "calculatedOperatingExpenses": 79972000, "calculatedNetInterest": -5425000, "calculatedOtherIncome": -9528000, "calculatedIncomeNonControlling": 0, "calculatedEbitda": 147539000}, {"date": "2019-12-31", "symbol": "HALO", "reportedCurrency": "USD", "cik": "0001159036", "fillingDate": "2020-02-24", "acceptedDate": "2020-02-24 16:16:38", "calendarYear": "2019", "period": "FY", "revenue": 195992000, "costOfRevenue": 45546000, "grossProfit": 150446000, "grossProfitRatio": 0.7676129638, "researchAndDevelopmentExpenses": 140804000, "generalAndAdministrativeExpenses": 0, "sellingAndMarketingExpenses": 0, "sellingGeneralAndAdministrativeExpenses": 77252000, "otherExpenses": 0, "operatingExpenses": 218056000, "costAndExpenses": 263602000, "interestIncome": 7110000, "interestExpense": 11627000, "depreciationAndAmortization": 4068000, "ebitda": -67610000, "ebitdaratio": -0.3449630597, "operatingIncome": -67610000, "operatingIncomeRatio": -0.3449630597, "totalOtherIncomeExpensesNet": -4641000, "incomeBeforeTax": -72251000, "incomeBeforeTaxRatio": -0.3686425977, "incomeTaxExpense": -11000, "netIncome": -72240000, "netIncomeRatio": -0.3685864729, "eps": -0.5, "epsdiluted": -0.5, "weightedAverageShsOut": 144329000, "weightedAverageShsOutDil": 144329000, "link": "https://www.sec.gov/Archives/edgar/data/1159036/000115903620000013/0001159036-20-000013-index.htm", "finalLink": "https://www.sec.gov/Archives/edgar/data/1159036/000115903620000013/halo2019-10k.htm", "calculatedOtherExpenses": 0, "calculatedOperatingExpenses": 218056000, "calculatedNetInterest": -4517000, "calculatedOtherIncome": -124000, "calculatedIncomeNonControlling": 0, "calculatedEbitda": -63542000}, {"date": "2018-12-31", "symbol": "HALO", "reportedCurrency": "USD", "cik": "0001159036", "fillingDate": "2019-02-21", "acceptedDate": "2019-02-21 16:16:40", "calendarYear": "2018", "period": "FY", "revenue": 151862000, "costOfRevenue": 10136000, "grossProfit": 141726000, "grossProfitRatio": 0.9332551922, "researchAndDevelopmentExpenses": 150252000, "generalAndAdministrativeExpenses": 60804000, "sellingAndMarketingExpenses": 0, "sellingGeneralAndAdministrativeExpenses": 60804000, "otherExpenses": 0, "operatingExpenses": 211056000, "costAndExpenses": 221192000, "interestIncome": 0, "interestExpense": 18041000, "depreciationAndAmortization": 2388000, "ebitda": -69330000, "ebitdaratio": -0.4565329049, "operatingIncome": -69330000, "operatingIncomeRatio": -0.4565329049, "totalOtherIncomeExpensesNet": 7578000, "incomeBeforeTax": -79793000, "incomeBeforeTaxRatio": -0.5254309834, "incomeTaxExpense": 537000, "netIncome": -80330000, "netIncomeRatio": -0.5289670885, "eps": -0.56, "epsdiluted": -0.56, "weightedAverageShsOut": 143446428, "weightedAverageShsOutDil": 143599000, "link": "https://www.sec.gov/Archives/edgar/data/1159036/000115903619000006/0001159036-19-000006-index.htm", "finalLink": "https://www.sec.gov/Archives/edgar/data/1159036/000115903619000006/halo2018-10k.htm", "calculatedOtherExpenses": 0, "calculatedOperatingExpenses": 211056000, "calculatedNetInterest": -18041000, "calculatedOtherIncome": 7578000, "calculatedIncomeNonControlling": 0, "calculatedEbitda": -66942000}, {"date": "2017-12-31", "symbol": "HALO", "reportedCurrency": "USD", "cik": "0001159036", "fillingDate": "2018-02-20", "acceptedDate": "2018-02-20 16:14:42", "calendarYear": "2017", "period": "FY", "revenue": 316613000, "costOfRevenue": 31152000, "grossProfit": 285461000, "grossProfitRatio": 0.9016085884, "researchAndDevelopmentExpenses": 150643000, "generalAndAdministrativeExpenses": 53816000, "sellingAndMarketingExpenses": 0, "sellingGeneralAndAdministrativeExpenses": 53816000, "otherExpenses": 0, "operatingExpenses": 204459000, "costAndExpenses": 235611000, "interestIncome": 0, "interestExpense": 21984000, "depreciationAndAmortization": 2161000, "ebitda": 81002000, "ebitdaratio": 0.2558391475, "operatingIncome": 81002000, "operatingIncomeRatio": 0.2558391475, "totalOtherIncomeExpensesNet": 2592000, "incomeBeforeTax": 61610000, "incomeBeforeTaxRatio": 0.1945908728, "incomeTaxExpense": -1361000, "netIncome": 62971000, "netIncomeRatio": 0.198889496, "eps": 0.46, "epsdiluted": 0.45, "weightedAverageShsOut": 136419000, "weightedAverageShsOutDil": 139068000, "link": "https://www.sec.gov/Archives/edgar/data/1159036/000115903618000011/0001159036-18-000011-index.htm", "finalLink": "https://www.sec.gov/Archives/edgar/data/1159036/000115903618000011/halo2017-10k.htm", "calculatedOtherExpenses": 0, "calculatedOperatingExpenses": 204459000, "calculatedNetInterest": -21984000, "calculatedOtherIncome": 2592000, "calculatedIncomeNonControlling": 0, "calculatedEbitda": 83163000}, {"date": "2016-12-31", "symbol": "HALO", "reportedCurrency": "USD", "cik": "0001159036", "fillingDate": "2017-02-28", "acceptedDate": "2017-02-28 16:10:48", "calendarYear": "2016", "period": "FY", "revenue": 146691000, "costOfRevenue": 33206000, "grossProfit": 113485000, "grossProfitRatio": 0.7736330109, "researchAndDevelopmentExpenses": 150842000, "generalAndAdministrativeExpenses": 45853000, "sellingAndMarketingExpenses": 0, "sellingGeneralAndAdministrativeExpenses": 45853000, "otherExpenses": 0, "operatingExpenses": 196695000, "costAndExpenses": 229901000, "interestIncome": 0, "interestExpense": 19977000, "depreciationAndAmortization": 2410000, "ebitda": -83210000, "ebitdaratio": -0.5672467977, "operatingIncome": -83210000, "operatingIncomeRatio": -0.5672467977, "totalOtherIncomeExpensesNet": 1326000, "incomeBeforeTax": -101861000, "incomeBeforeTaxRatio": -0.6943916123, "incomeTaxExpense": 1162000, "netIncome": -103023000, "netIncomeRatio": -0.7023130253, "eps": -0.81, "epsdiluted": -0.81, "weightedAverageShsOut": 127188888, "weightedAverageShsOutDil": 127964000, "link": "https://www.sec.gov/Archives/edgar/data/1159036/000115903617000014/0001159036-17-000014-index.htm", "finalLink": "https://www.sec.gov/Archives/edgar/data/1159036/000115903617000014/halo-12312016x10k.htm", "calculatedOtherExpenses": 0, "calculatedOperatingExpenses": 196695000, "calculatedNetInterest": -19977000, "calculatedOtherIncome": 1326000, "calculatedIncomeNonControlling": 0, "calculatedEbitda": -80800000}, {"date": "2015-12-31", "symbol": "HALO", "reportedCurrency": "USD", "cik": "0001159036", "fillingDate": "2016-02-29", "acceptedDate": "2016-02-29 16:05:25", "calendarYear": "2015", "period": "FY", "revenue": 135057000, "costOfRevenue": 29245000, "grossProfit": 105812000, "grossProfitRatio": 0.7834617976, "researchAndDevelopmentExpenses": 93236000, "generalAndAdministrativeExpenses": 40028000, "sellingAndMarketingExpenses": 0, "sellingGeneralAndAdministrativeExpenses": 40028000, "otherExpenses": 0, "operatingExpenses": 133264000, "costAndExpenses": 162509000, "interestIncome": 0, "interestExpense": 5201000, "depreciationAndAmortization": 1677000, "ebitda": -27452000, "ebitdaratio": -0.2032623263, "operatingIncome": -27452000, "operatingIncomeRatio": -0.2032623263, "totalOtherIncomeExpensesNet": 422000, "incomeBeforeTax": -32231000, "incomeBeforeTaxRatio": -0.2386473859, "incomeTaxExpense": 3524000, "netIncome": -32231000, "netIncomeRatio": -0.2386473859, "eps": -0.25, "epsdiluted": -0.25, "weightedAverageShsOut": 126704000, "weightedAverageShsOutDil": 126704000, "link": "https://www.sec.gov/Archives/edgar/data/1159036/000115903616000100/0001159036-16-000100-index.htm", "finalLink": "https://www.sec.gov/Archives/edgar/data/1159036/000115903616000100/halo-12312015x10k.htm", "calculatedOtherExpenses": 0, "calculatedOperatingExpenses": 133264000, "calculatedNetInterest": -5201000, "calculatedOtherIncome": 422000, "calculatedIncomeNonControlling": -3524000, "calculatedEbitda": -25775000}, {"date": "2014-12-31", "symbol": "HALO", "reportedCurrency": "USD", "cik": "0001159036", "fillingDate": "2015-03-02", "acceptedDate": "2015-03-02 16:17:23", "calendarYear": "2014", "period": "FY", "revenue": 75334000, "costOfRevenue": 22732000, "grossProfit": 52602000, "grossProfitRatio": 0.698250458, "researchAndDevelopmentExpenses": 79696000, "generalAndAdministrativeExpenses": 35942000, "sellingAndMarketingExpenses": 0, "sellingGeneralAndAdministrativeExpenses": 35942000, "otherExpenses": 0, "operatingExpenses": 115638000, "costAndExpenses": 138370000, "interestIncome": 0, "interestExpense": 5581000, "depreciationAndAmortization": 1762000, "ebitda": -63036000, "ebitdaratio": -0.836753657, "operatingIncome": -63036000, "operatingIncomeRatio": -0.836753657, "totalOtherIncomeExpensesNet": 242000, "incomeBeforeTax": -68375000, "incomeBeforeTaxRatio": -0.9076247113, "incomeTaxExpense": 3819000, "netIncome": -68375000, "netIncomeRatio": -0.9076247113, "eps": -0.56, "epsdiluted": -0.56, "weightedAverageShsOut": 122690000, "weightedAverageShsOutDil": 122690000, "link": "https://www.sec.gov/Archives/edgar/data/1159036/000115903615000041/0001159036-15-000041-index.htm", "finalLink": "https://www.sec.gov/Archives/edgar/data/1159036/000115903615000041/halo-12312014x10k.htm", "calculatedOtherExpenses": 0, "calculatedOperatingExpenses": 115638000, "calculatedNetInterest": -5581000, "calculatedOtherIncome": 242000, "calculatedIncomeNonControlling": -3819000, "calculatedEbitda": -61274000}, {"date": "2013-12-31", "symbol": "HALO", "reportedCurrency": "USD", "cik": "0001159036", "fillingDate": "2014-02-28", "acceptedDate": "2014-02-28 16:17:09", "calendarYear": "2013", "period": "FY", "revenue": 54799447, "costOfRevenue": 6245761, "grossProfit": 48553686, "grossProfitRatio": 0.886025109, "researchAndDevelopmentExpenses": 96639575, "generalAndAdministrativeExpenses": 32347748, "sellingAndMarketingExpenses": 0, "sellingGeneralAndAdministrativeExpenses": 32347748, "otherExpenses": 0, "operatingExpenses": 128987323, "costAndExpenses": 135233084, "interestIncome": 0, "interestExpense": 3274143, "depreciationAndAmortization": 1226927, "ebitda": -80433637, "ebitdaratio": -1.4677819103, "operatingIncome": -80433637, "operatingIncomeRatio": -1.4677819103, "totalOtherIncomeExpensesNet": 229229, "incomeBeforeTax": -83478551, "incomeBeforeTaxRatio": -1.5233465951, "incomeTaxExpense": 2047216, "netIncome": -83478551, "netIncomeRatio": -1.5233465951, "eps": -0.74, "epsdiluted": -0.74, "weightedAverageShsOut": 112805038, "weightedAverageShsOutDil": 112805439, "link": "https://www.sec.gov/Archives/edgar/data/1159036/000115903614000033/0001159036-14-000033-index.htm", "finalLink": "https://www.sec.gov/Archives/edgar/data/1159036/000115903614000033/halo-12312013x10k.htm", "calculatedOtherExpenses": 0, "calculatedOperatingExpenses": 128987323, "calculatedNetInterest": -3274143, "calculatedOtherIncome": 229229, "calculatedIncomeNonControlling": -2047216, "calculatedEbitda": -79206710}, {"date": "2012-12-31", "symbol": "HALO", "reportedCurrency": "USD", "cik": "0001159036", "fillingDate": "2013-03-01", "acceptedDate": "2013-02-28 19:34:10", "calendarYear": "2012", "period": "FY", "revenue": 42325226, "costOfRevenue": 1094400, "grossProfit": 41230826, "grossProfitRatio": 0.9741430796, "researchAndDevelopmentExpenses": 70044073, "generalAndAdministrativeExpenses": 24812199, "sellingAndMarketingExpenses": 0, "sellingGeneralAndAdministrativeExpenses": 24812199, "otherExpenses": 14416, "operatingExpenses": 94856272, "costAndExpenses": 95950672, "interestIncome": 73444, "interestExpense": 0, "depreciationAndAmortization": 1079424, "ebitda": -53625446, "ebitdaratio": -1.2669854616, "operatingIncome": -53625446, "operatingIncomeRatio": -1.2669854616, "totalOtherIncomeExpensesNet": 14416, "incomeBeforeTax": -53552002, "incomeBeforeTaxRatio": -1.2652502316, "incomeTaxExpense": -1138452, "netIncome": -53552002, "netIncomeRatio": -1.2652502316, "eps": -0.48, "epsdiluted": -0.48, "weightedAverageShsOut": 111077002, "weightedAverageShsOutDil": 111077105, "link": "https://www.sec.gov/Archives/edgar/data/1159036/000148381313000033/0001483813-13-000033-index.htm", "finalLink": "https://www.sec.gov/Archives/edgar/data/1159036/000148381313000033/halo-12312012x10k.htm", "calculatedOtherExpenses": 0, "calculatedOperatingExpenses": 94856272, "calculatedNetInterest": 73444, "calculatedOtherIncome": 0, "calculatedIncomeNonControlling": 1138452, "calculatedEbitda": -52546022}, {"date": "2011-12-31", "symbol": "HALO", "reportedCurrency": "USD", "cik": "0001159036", "fillingDate": "2012-03-12", "acceptedDate": "2012-03-09 20:58:20", "calendarYear": "2011", "period": "FY", "revenue": 56086436, "costOfRevenue": 257834, "grossProfit": 55828602, "grossProfitRatio": 0.995402917, "researchAndDevelopmentExpenses": 57563470, "generalAndAdministrativeExpenses": 18104073, "sellingAndMarketingExpenses": 0, "sellingGeneralAndAdministrativeExpenses": 18104073, "otherExpenses": 257834000, "operatingExpenses": 75667543, "costAndExpenses": 75925377, "interestIncome": 0, "interestExpense": 0, "depreciationAndAmortization": 1095823, "ebitda": -19844501, "ebitdaratio": -0.3538199682, "operatingIncome": -19838941, "operatingIncomeRatio": -0.3537208355, "totalOtherIncomeExpensesNet": 5560, "incomeBeforeTax": -19769851000, "incomeBeforeTaxRatio": -352.4889868203, "incomeTaxExpense": -1164913, "netIncome": -19769851, "netIncomeRatio": -0.3524889868, "eps": -0.19, "epsdiluted": -0.19, "weightedAverageShsOut": 102566089, "weightedAverageShsOutDil": 102566089, "link": "https://www.sec.gov/Archives/edgar/data/1159036/000119312512107555/0001193125-12-107555-index.htm", "finalLink": "https://www.sec.gov/Archives/edgar/data/1159036/000119312512107555/d295326d10k.htm", "calculatedOtherExpenses": 0, "calculatedOperatingExpenses": 75667543, "calculatedNetInterest": 0, "calculatedOtherIncome": -19750012059, "calculatedIncomeNonControlling": -19748916236, "calculatedEbitda": -18743118}, {"date": "2010-12-31", "symbol": "HALO", "reportedCurrency": "USD", "cik": "0001159036", "fillingDate": "2011-03-11", "acceptedDate": "2011-03-11 07:32:31", "calendarYear": "2010", "period": "FY", "revenue": 13624115, "costOfRevenue": 985283, "grossProfit": 12638832, "grossProfitRatio": 0.927680954, "researchAndDevelopmentExpenses": 51773504, "generalAndAdministrativeExpenses": 15122960, "sellingAndMarketingExpenses": 0, "sellingGeneralAndAdministrativeExpenses": 15122960, "otherExpenses": 0, "operatingExpenses": 66896464, "costAndExpenses": 67881747, "interestIncome": 0, "interestExpense": 0, "depreciationAndAmortization": 1507925, "ebitda": -53716674, "ebitdaratio": -3.9427642823, "operatingIncome": -54257632, "operatingIncomeRatio": -3.9824702008, "totalOtherIncomeExpensesNet": 966967, "incomeBeforeTax": -53241650, "incomeBeforeTaxRatio": -3.9078978708, "incomeTaxExpense": -1015982, "netIncome": -53241650, "netIncomeRatio": -3.9078978708, "eps": -0.56, "epsdiluted": -0.56, "weightedAverageShsOut": 94357695, "weightedAverageShsOutDil": 94357695, "link": "https://www.sec.gov/Archives/edgar/data/1159036/000095012311024465/0000950123-11-024465-index.htm", "finalLink": "https://www.sec.gov/Archives/edgar/data/1159036/000095012311024465/a58909e10vk.htm", "calculatedOtherExpenses": 0, "calculatedOperatingExpenses": 66896464, "calculatedNetInterest": 0, "calculatedOtherIncome": 1015982, "calculatedIncomeNonControlling": 1015982, "calculatedEbitda": -52749707}, {"date": "2009-12-31", "symbol": "HALO", "reportedCurrency": "USD", "cik": "0001159036", "fillingDate": "2010-03-12", "acceptedDate": "2010-03-12 07:35:19", "calendarYear": "2009", "period": "FY", "revenue": 13671305, "costOfRevenue": 311891, "grossProfit": 13359414, "grossProfitRatio": 0.97718645, "researchAndDevelopmentExpenses": 56614266, "generalAndAdministrativeExpenses": 15203408, "sellingAndMarketingExpenses": 0, "sellingGeneralAndAdministrativeExpenses": 15203408, "otherExpenses": 0, "operatingExpenses": 71817674, "costAndExpenses": 72129565, "interestIncome": 97737, "interestExpense": 0, "depreciationAndAmortization": 1443738, "ebitda": -57014522, "ebitdaratio": -4.1703789068, "operatingIncome": -58458260, "operatingIncomeRatio": -4.2759824318, "totalOtherIncomeExpensesNet": 97737, "incomeBeforeTax": -58360523, "incomeBeforeTaxRatio": -4.2688333703, "incomeTaxExpense": 0, "netIncome": -58360523, "netIncomeRatio": -4.2688333703, "eps": -0.67, "epsdiluted": -0.67, "weightedAverageShsOut": 86700094, "weightedAverageShsOutDil": 86700094, "link": "https://www.sec.gov/Archives/edgar/data/1159036/000095012310023869/0000950123-10-023869-index.htm", "finalLink": "https://www.sec.gov/Archives/edgar/data/1159036/000095012310023869/a55452e10vk.htm", "calculatedOtherExpenses": 0, "calculatedOperatingExpenses": 71817674, "calculatedNetInterest": 97737, "calculatedOtherIncome": 0, "calculatedIncomeNonControlling": 0, "calculatedEbitda": -57014522}, {"date": "2008-12-31", "symbol": "HALO", "reportedCurrency": "USD", "cik": "0001159036", "fillingDate": "2009-03-13", "acceptedDate": "2009-03-13 07:30:43", "calendarYear": "2008", "period": "FY", "revenue": 8764139, "costOfRevenue": 332324, "grossProfit": 8431815, "grossProfitRatio": 0.9620813864, "researchAndDevelopmentExpenses": 44232936, "generalAndAdministrativeExpenses": 14633581, "sellingAndMarketingExpenses": 0, "sellingGeneralAndAdministrativeExpenses": 14633581, "otherExpenses": 0, "operatingExpenses": 58866517, "costAndExpenses": 59198841, "interestIncome": 1717503, "interestExpense": 0, "depreciationAndAmortization": 1047878, "ebitda": -49386824, "ebitdaratio": -5.6351027751, "operatingIncome": -50434702, "operatingIncomeRatio": -5.7546670586, "totalOtherIncomeExpensesNet": 1717503, "incomeBeforeTax": -48717199, "incomeBeforeTaxRatio": -5.5586976656, "incomeTaxExpense": -63000, "netIncome": -48654199, "netIncomeRatio": -5.5515092812, "eps": -0.61, "epsdiluted": -0.61, "weightedAverageShsOut": 79843707, "weightedAverageShsOutDil": 79843707, "link": "https://www.sec.gov/Archives/edgar/data/1159036/000095013409005273/0000950134-09-005273-index.htm", "finalLink": "https://www.sec.gov/Archives/edgar/data/1159036/000095013409005273/a51770e10vk.htm", "calculatedOtherExpenses": 0, "calculatedOperatingExpenses": 58866517, "calculatedNetInterest": 1717503, "calculatedOtherIncome": 0, "calculatedIncomeNonControlling": 0, "calculatedEbitda": -49386824}, {"date": "2007-12-31", "symbol": "HALO", "reportedCurrency": "USD", "cik": "0001159036", "fillingDate": "2008-03-14", "acceptedDate": "2008-03-13 21:33:55", "calendarYear": "2007", "period": "FY", "revenue": 3799521, "costOfRevenue": 240429, "grossProfit": 3559092, "grossProfitRatio": 0.9367212341, "researchAndDevelopmentExpenses": 20554105, "generalAndAdministrativeExpenses": 11155194, "sellingAndMarketingExpenses": 0, "sellingGeneralAndAdministrativeExpenses": 11155194, "otherExpenses": 0, "operatingExpenses": 31709299, "costAndExpenses": 31949728, "interestIncome": 0, "interestExpense": 0, "depreciationAndAmortization": 576491, "ebitda": -27573716, "ebitdaratio": -7.2571558362, "operatingIncome": -28150207, "operatingIncomeRatio": -7.4088831197, "totalOtherIncomeExpensesNet": 0, "incomeBeforeTax": 0, "incomeBeforeTaxRatio": 0, "incomeTaxExpense": -4254024, "netIncome": -23896183, "netIncomeRatio": -6.2892619886, "eps": -0.32, "epsdiluted": -0.32, "weightedAverageShsOut": 74317930, "weightedAverageShsOutDil": 74317930, "link": "https://www.sec.gov/Archives/edgar/data/1159036/000093639208000196/0000936392-08-000196-index.htm", "finalLink": "https://www.sec.gov/Archives/edgar/data/1159036/000093639208000196/a38500e10vk.htm", "calculatedOtherExpenses": 0, "calculatedOperatingExpenses": 31709299, "calculatedNetInterest": 0, "calculatedOtherIncome": 28150207, "calculatedIncomeNonControlling": 28150207, "calculatedEbitda": -27573716}, {"date": "2006-12-31", "symbol": "HALO", "reportedCurrency": "USD", "cik": "0001159036", "fillingDate": "2007-03-09", "acceptedDate": "2007-03-09 16:38:02", "calendarYear": "2006", "period": "FY", "revenue": 981746, "costOfRevenue": 436990, "grossProfit": 544756, "grossProfitRatio": 0.5548848684, "researchAndDevelopmentExpenses": 9214759, "generalAndAdministrativeExpenses": 6912853, "sellingAndMarketingExpenses": 0, "sellingGeneralAndAdministrativeExpenses": 6912853, "otherExpenses": 0, "operatingExpenses": 16127612, "costAndExpenses": 16564602, "interestIncome": 0, "interestExpense": 0, "depreciationAndAmortization": 243999, "ebitda": -15338857, "ebitdaratio": -15.624058565, "operatingIncome": -15582856, "operatingIncomeRatio": -15.872594337, "totalOtherIncomeExpensesNet": 0, "incomeBeforeTax": 0, "incomeBeforeTaxRatio": 0, "incomeTaxExpense": -830870, "netIncome": -14751986, "netIncomeRatio": -15.0262756354, "eps": -0.24, "epsdiluted": -0.24, "weightedAverageShsOut": 62610265, "weightedAverageShsOutDil": 62610265, "link": "https://www.sec.gov/Archives/edgar/data/1159036/000093639207000182/0000936392-07-000182-index.htm", "finalLink": "https://www.sec.gov/Archives/edgar/data/1159036/000093639207000182/a28112e10vk.htm", "calculatedOtherExpenses": 0, "calculatedOperatingExpenses": 16127612, "calculatedNetInterest": 0, "calculatedOtherIncome": 15582856, "calculatedIncomeNonControlling": 15582856, "calculatedEbitda": -15338857}, {"date": "2005-12-31", "symbol": "HALO", "reportedCurrency": "USD", "cik": "0001159036", "fillingDate": "2006-03-24", "acceptedDate": "2006-03-23 18:19:30", "calendarYear": "2005", "period": "FY", "revenue": 127209, "costOfRevenue": 51968, "grossProfit": 75241, "grossProfitRatio": 0.5914754459, "researchAndDevelopmentExpenses": 10220079, "generalAndAdministrativeExpenses": 3416579, "sellingAndMarketingExpenses": 0, "sellingGeneralAndAdministrativeExpenses": 3416579, "otherExpenses": 0, "operatingExpenses": 13636658, "costAndExpenses": 13688626, "interestIncome": 0, "interestExpense": 0, "depreciationAndAmortization": 206348, "ebitda": -13641113, "ebitdaratio": -107.2338671006, "operatingIncome": -13561417, "operatingIncomeRatio": -106.6073705477, "totalOtherIncomeExpensesNet": 286044, "incomeBeforeTax": -13275373, "incomeBeforeTaxRatio": -104.3587560629, "incomeTaxExpense": -286044, "netIncome": -13275373, "netIncomeRatio": -104.3587560629, "eps": -0.26, "epsdiluted": -0.26, "weightedAverageShsOut": 50317021, "weightedAverageShsOutDil": 50317021, "link": "https://www.sec.gov/Archives/edgar/data/1159036/000093639206000262/0000936392-06-000262-index.htm", "finalLink": "https://www.sec.gov/Archives/edgar/data/1159036/000093639206000262/a18648e10ksb.htm", "calculatedOtherExpenses": 0, "calculatedOperatingExpenses": 13636658, "calculatedNetInterest": 0, "calculatedOtherIncome": 286044, "calculatedIncomeNonControlling": 286044, "calculatedEbitda": -13355069}, {"date": "2004-12-31", "symbol": "HALO", "reportedCurrency": "USD", "cik": "0001159036", "fillingDate": "2005-03-11", "acceptedDate": "2005-03-11 12:01:50", "calendarYear": "2004", "period": "FY", "revenue": 0, "costOfRevenue": 0, "grossProfit": 0, "grossProfitRatio": 0, "researchAndDevelopmentExpenses": 6517254, "generalAndAdministrativeExpenses": 2570595, "sellingAndMarketingExpenses": 0, "sellingGeneralAndAdministrativeExpenses": 2570595, "otherExpenses": 0, "operatingExpenses": 9087849, "costAndExpenses": 9087849, "interestIncome": 0, "interestExpense": 0, "depreciationAndAmortization": 123350, "ebitda": -8960972, "ebitdaratio": 0, "operatingIncome": -9087849, "operatingIncomeRatio": 0, "totalOtherIncomeExpensesNet": -3527, "incomeBeforeTax": -9091376, "incomeBeforeTaxRatio": 0, "incomeTaxExpense": 3527, "netIncome": -9091376, "netIncomeRatio": 0, "eps": -0.26, "epsdiluted": -0.26, "weightedAverageShsOut": 35411127, "weightedAverageShsOutDil": 35411127, "link": "https://www.sec.gov/Archives/edgar/data/1159036/000093639205000055/0000936392-05-000055-index.htm", "finalLink": "https://www.sec.gov/Archives/edgar/data/1159036/000093639205000055/a06573e10ksb.htm", "calculatedOtherExpenses": 0, "calculatedOperatingExpenses": 9087849, "calculatedNetInterest": 0, "calculatedOtherIncome": -3527, "calculatedIncomeNonControlling": -3527, "calculatedEbitda": -8964499}, {"date": "2003-12-31", "symbol": "HALO", "reportedCurrency": "USD", "cik": "0001159036", "fillingDate": "2004-03-30", "acceptedDate": "2004-03-29 21:12:05", "calendarYear": "2003", "period": "FY", "revenue": 25705, "costOfRevenue": 27003, "grossProfit": -1298, "grossProfitRatio": -0.0504960124, "researchAndDevelopmentExpenses": 0, "generalAndAdministrativeExpenses": 77793, "sellingAndMarketingExpenses": 0, "sellingGeneralAndAdministrativeExpenses": 77793, "otherExpenses": 0, "operatingExpenses": 77793, "costAndExpenses": 104796, "interestIncome": 0, "interestExpense": 0, "depreciationAndAmortization": 0, "ebitda": -79091, "ebitdaratio": -3.0768722039, "operatingIncome": -79091, "operatingIncomeRatio": -3.0768722039, "totalOtherIncomeExpensesNet": 0, "incomeBeforeTax": 0, "incomeBeforeTaxRatio": 0, "incomeTaxExpense": 79091, "netIncome": -79091, "netIncomeRatio": -3.0768722039, "eps": -0.0116, "epsdiluted": -0.0116, "weightedAverageShsOut": 6826109, "weightedAverageShsOutDil": 6826109, "link": "https://www.sec.gov/Archives/edgar/data/1159036/000114420404003771/0001144204-04-003771-index.htm", "finalLink": "https://www.sec.gov/Archives/edgar/data/1159036/000114420404003771/v02285_10ksb.txt", "calculatedOtherExpenses": 0, "calculatedOperatingExpenses": 77793, "calculatedNetInterest": 0, "calculatedOtherIncome": 79091, "calculatedIncomeNonControlling": 0, "calculatedEbitda": -79091}, {"date": "2002-12-31", "symbol": "HALO", "reportedCurrency": "USD", "cik": "0001159036", "fillingDate": "2003-03-31", "acceptedDate": "2003-03-28 17:47:38", "calendarYear": "2002", "period": "FY", "revenue": 87769, "costOfRevenue": 49674, "grossProfit": 38095, "grossProfitRatio": 0.4340370746, "researchAndDevelopmentExpenses": 0, "generalAndAdministrativeExpenses": 0, "sellingAndMarketingExpenses": 350, "sellingGeneralAndAdministrativeExpenses": 350, "otherExpenses": 77132, "operatingExpenses": 77482, "costAndExpenses": 127156, "interestIncome": 0, "interestExpense": 0, "depreciationAndAmortization": 25076, "ebitda": -14311, "ebitdaratio": -0.1630530142, "operatingIncome": -39387, "operatingIncomeRatio": -0.448757534, "totalOtherIncomeExpensesNet": -25076, "incomeBeforeTax": -64463, "incomeBeforeTaxRatio": -0.7344620538, "incomeTaxExpense": 800, "netIncome": -65263, "netIncomeRatio": -0.7435768893, "eps": -0.0142, "epsdiluted": -0.0142, "weightedAverageShsOut": 4599591, "weightedAverageShsOutDil": 4599591, "link": "https://www.sec.gov/Archives/edgar/data/1159036/000118930603000193/0001189306-03-000193-index.htm", "finalLink": "https://www.sec.gov/Archives/edgar/data/1159036/000118930603000193/glob10ksb.txt", "calculatedOtherExpenses": 77132, "calculatedOperatingExpenses": 77482, "calculatedNetInterest": 0, "calculatedOtherIncome": -25076, "calculatedIncomeNonControlling": 0, "calculatedEbitda": -14311}, {"date": "2001-12-31", "symbol": "HALO", "reportedCurrency": "USD", "cik": "0001159036", "fillingDate": "2002-03-28", "acceptedDate": "2002-03-28 00:00:00", "calendarYear": "2001", "period": "FY", "revenue": 24685, "costOfRevenue": 15857, "grossProfit": 8828, "grossProfitRatio": 0.3576260887, "researchAndDevelopmentExpenses": 0, "generalAndAdministrativeExpenses": 47413, "sellingAndMarketingExpenses": 1121, "sellingGeneralAndAdministrativeExpenses": 48534, "otherExpenses": 0, "operatingExpenses": 48534, "costAndExpenses": 64391, "interestIncome": 0, "interestExpense": 0, "depreciationAndAmortization": -54, "ebitda": -39760, "ebitdaratio": -1.6106947539, "operatingIncome": -39706, "operatingIncomeRatio": -1.6085071906, "totalOtherIncomeExpensesNet": 54, "incomeBeforeTax": -39652, "incomeBeforeTaxRatio": -1.6063196273, "incomeTaxExpense": 0, "netIncome": -39652, "netIncomeRatio": -1.6063196273, "eps": -0.0331, "epsdiluted": -0.0331, "weightedAverageShsOut": 1199450, "weightedAverageShsOutDil": 1199450, "link": "https://www.sec.gov/Archives/edgar/data/1159036/000113709102000284/0001137091-02-000284-index.htm", "finalLink": "https://www.sec.gov/Archives/edgar/data/1159036/000113709102000284/global10ksb.txt", "calculatedOtherExpenses": 0, "calculatedOperatingExpenses": 48534, "calculatedNetInterest": 0, "calculatedOtherIncome": 54, "calculatedIncomeNonControlling": 0, "calculatedEbitda": -39760}]}