{"originalCurrency": "USD", "convertedCurrency": "USD", "report": [{"date": "2023-12-31", "symbol": "HASI", "reportedCurrency": "USD", "cik": "0001561894", "fillingDate": "2024-02-16", "acceptedDate": "2024-02-16 16:19:48", "calendarYear": "2023", "period": "FY", "revenue": 319871000, "costOfRevenue": 64344000, "grossProfit": 255527000, "grossProfitRatio": 0.798843909, "researchAndDevelopmentExpenses": 0, "generalAndAdministrativeExpenses": 31283000, "sellingAndMarketingExpenses": 0, "sellingGeneralAndAdministrativeExpenses": 31283000, "otherExpenses": -107459000, "operatingExpenses": 107459000, "costAndExpenses": 107459000, "interestIncome": 227053000, "interestExpense": 171008000, "depreciationAndAmortization": 3127000, "ebitda": 224244000, "ebitdaratio": 0.7010451088, "operatingIncome": 212412000, "operatingIncomeRatio": 0.6640551973, "totalOtherIncomeExpensesNet": -30034000, "incomeBeforeTax": 182378000, "incomeBeforeTaxRatio": 0.5701610962, "incomeTaxExpense": 31621000, "netIncome": 148836000, "netIncomeRatio": 0.4653000741, "eps": 1.45, "epsdiluted": 1.42, "weightedAverageShsOut": 101844551, "weightedAverageShsOutDil": 109467554, "link": "https://www.sec.gov/Archives/edgar/data/1561894/000156189424000009/0001561894-24-000009-index.htm", "finalLink": "https://www.sec.gov/Archives/edgar/data/1561894/000156189424000009/hasi-20231231.htm", "calculatedOtherExpenses": 11832000, "calculatedOperatingExpenses": 43115000, "calculatedNetInterest": 56045000, "calculatedOtherIncome": -86079000, "calculatedIncomeNonControlling": 1921000, "calculatedEbitda": 215539000}, {"date": "2022-12-31", "symbol": "HASI", "reportedCurrency": "USD", "cik": "0001561894", "fillingDate": "2023-02-21", "acceptedDate": "2023-02-21 16:37:10", "calendarYear": "2022", "period": "FY", "revenue": 155469000, "costOfRevenue": 63445000000, "grossProfit": -63289531000, "grossProfitRatio": -407.0877859895, "researchAndDevelopmentExpenses": 0, "generalAndAdministrativeExpenses": 29934000, "sellingAndMarketingExpenses": 0, "sellingGeneralAndAdministrativeExpenses": 29934000, "otherExpenses": 76243000, "operatingExpenses": 106177000, "costAndExpenses": 93379000000, "interestIncome": 134656000, "interestExpense": 115559000, "depreciationAndAmortization": 3993000, "ebitda": 168435000, "ebitdaratio": 1.0833992629, "operatingIncome": 164442000, "operatingIncomeRatio": 1.0577156861, "totalOtherIncomeExpensesNet": -115150000, "incomeBeforeTax": 49292000, "incomeBeforeTaxRatio": 0.3170535605, "incomeTaxExpense": 7381000, "netIncome": 41502000, "netIncomeRatio": 0.2669471084, "eps": 0.47, "epsdiluted": 0.45, "weightedAverageShsOut": 87500799, "weightedAverageShsOutDil": 90609329, "link": "https://www.sec.gov/Archives/edgar/data/1561894/000156189423000012/0001561894-23-000012-index.htm", "finalLink": "https://www.sec.gov/Archives/edgar/data/1561894/000156189423000012/hasi-20221231.htm", "calculatedOtherExpenses": -63483907000, "calculatedOperatingExpenses": -63453973000, "calculatedNetInterest": 19097000, "calculatedOtherIncome": -134247000, "calculatedIncomeNonControlling": 409000, "calculatedEbitda": 168435000}, {"date": "2021-12-31", "symbol": "HASI", "reportedCurrency": "USD", "cik": "0001561894", "fillingDate": "2022-02-22", "acceptedDate": "2022-02-22 16:16:48", "calendarYear": "2021", "period": "FY", "revenue": 217882000, "costOfRevenue": 52975000000, "grossProfit": -52757118000, "grossProfitRatio": -242.1361929852, "researchAndDevelopmentExpenses": 0, "generalAndAdministrativeExpenses": 19907000, "sellingAndMarketingExpenses": 0, "sellingGeneralAndAdministrativeExpenses": 19907000, "otherExpenses": 53471000, "operatingExpenses": 73378000, "costAndExpenses": 73378000, "interestIncome": 106889000, "interestExpense": 121705000, "depreciationAndAmortization": 3801000, "ebitda": 147538000, "ebitdaratio": 0.6771463453, "operatingIncome": 143737000, "operatingIncomeRatio": 0.6597011226, "totalOtherIncomeExpensesNet": 767000, "incomeBeforeTax": 144504000, "incomeBeforeTaxRatio": 0.6632213767, "incomeTaxExpense": 17158000, "netIncome": 126579000, "netIncomeRatio": 0.580952075, "eps": 1.57, "epsdiluted": 1.51, "weightedAverageShsOut": 79992922, "weightedAverageShsOutDil": 87671641, "link": "https://www.sec.gov/Archives/edgar/data/1561894/000156189422000008/0001561894-22-000008-index.htm", "finalLink": "https://www.sec.gov/Archives/edgar/data/1561894/000156189422000008/hasi-20211231.htm", "calculatedOtherExpenses": -52920762000, "calculatedOperatingExpenses": -52900855000, "calculatedNetInterest": -14816000, "calculatedOtherIncome": 15583000, "calculatedIncomeNonControlling": 767000, "calculatedEbitda": 147538000}, {"date": "2020-12-31", "symbol": "HASI", "reportedCurrency": "USD", "cik": "0001561894", "fillingDate": "2021-02-22", "acceptedDate": "2021-02-22 07:21:32", "calendarYear": "2020", "period": "FY", "revenue": 142688000, "costOfRevenue": 37766000000, "grossProfit": -37623312000, "grossProfitRatio": -263.6753756448, "researchAndDevelopmentExpenses": 0, "generalAndAdministrativeExpenses": 14846000, "sellingAndMarketingExpenses": 0, "sellingGeneralAndAdministrativeExpenses": 14846000, "otherExpenses": 47862000, "operatingExpenses": 62708000, "costAndExpenses": 62708000, "interestIncome": 95559000, "interestExpense": 92182000, "depreciationAndAmortization": 3580000, "ebitda": 83217000, "ebitdaratio": 0.5832095201, "operatingIncome": 79637000, "operatingIncomeRatio": 0.5581198139, "totalOtherIncomeExpensesNet": 343000, "incomeBeforeTax": 79980000, "incomeBeforeTaxRatio": 0.56052366, "incomeTaxExpense": -2779000, "netIncome": 82416000, "netIncomeRatio": 0.5775958735, "eps": 1.13, "epsdiluted": 1.1, "weightedAverageShsOut": 72387581, "weightedAverageShsOutDil": 74373169, "link": "https://www.sec.gov/Archives/edgar/data/1561894/000156189421000022/0001561894-21-000022-index.htm", "finalLink": "https://www.sec.gov/Archives/edgar/data/1561894/000156189421000022/hasi-20201231.htm", "calculatedOtherExpenses": -37717795000, "calculatedOperatingExpenses": -37702949000, "calculatedNetInterest": 3377000, "calculatedOtherIncome": -3034000, "calculatedIncomeNonControlling": 343000, "calculatedEbitda": 83217000}, {"date": "2019-12-31", "symbol": "HASI", "reportedCurrency": "USD", "cik": "0001561894", "fillingDate": "2020-02-25", "acceptedDate": "2020-02-24 20:11:21", "calendarYear": "2019", "period": "FY", "revenue": 141514000, "costOfRevenue": 28777000000, "grossProfit": -28635486000, "grossProfitRatio": -202.3509052108, "researchAndDevelopmentExpenses": 0, "generalAndAdministrativeExpenses": 14693000, "sellingAndMarketingExpenses": 0, "sellingGeneralAndAdministrativeExpenses": 14693000, "otherExpenses": 36804000, "operatingExpenses": 51497000, "costAndExpenses": 51497000, "interestIncome": 76200000, "interestExpense": 64241000, "depreciationAndAmortization": 3593000, "ebitda": 93254000, "ebitdaratio": 0.6589736704, "operatingIncome": 89661000, "operatingIncomeRatio": 0.6335839564, "totalOtherIncomeExpensesNet": 356000, "incomeBeforeTax": 90017000, "incomeBeforeTaxRatio": 0.6360996085, "incomeTaxExpense": 8097000, "netIncome": 81564000, "netIncomeRatio": 0.5763670026, "eps": 1.25, "epsdiluted": 1.24, "weightedAverageShsOut": 63916440, "weightedAverageShsOutDil": 64771491, "link": "https://www.sec.gov/Archives/edgar/data/1561894/000156189420000016/0001561894-20-000016-index.htm", "finalLink": "https://www.sec.gov/Archives/edgar/data/1561894/000156189420000016/hasi1231201910-k.htm", "calculatedOtherExpenses": -28739840000, "calculatedOperatingExpenses": -28725147000, "calculatedNetInterest": 11959000, "calculatedOtherIncome": -11603000, "calculatedIncomeNonControlling": 356000, "calculatedEbitda": 93254000}, {"date": "2018-12-31", "symbol": "HASI", "reportedCurrency": "USD", "cik": "0001561894", "fillingDate": "2019-02-22", "acceptedDate": "2019-02-22 16:46:13", "calendarYear": "2018", "period": "FY", "revenue": 83096000, "costOfRevenue": 25651000000, "grossProfit": -25567904000, "grossProfitRatio": -307.691152402, "researchAndDevelopmentExpenses": 0, "generalAndAdministrativeExpenses": 13503000, "sellingAndMarketingExpenses": 0, "sellingGeneralAndAdministrativeExpenses": 13503000, "otherExpenses": 25651000, "operatingExpenses": 39154000, "costAndExpenses": 39154000, "interestIncome": 74347000, "interestExpense": 76874000, "depreciationAndAmortization": 15253000, "ebitda": 135848000, "ebitdaratio": 1.6348320015, "operatingIncome": -39154000, "operatingIncomeRatio": -0.471189949, "totalOtherIncomeExpensesNet": 43942000, "incomeBeforeTax": 43942000, "incomeBeforeTaxRatio": 0.528810051, "incomeTaxExpense": 2144000, "netIncome": 41577000, "netIncomeRatio": 0.5003489939, "eps": 0.79, "epsdiluted": 0.79, "weightedAverageShsOut": 52780449, "weightedAverageShsOutDil": 52780449, "link": "https://www.sec.gov/Archives/edgar/data/1561894/000156189419000006/0001561894-19-000006-index.htm", "finalLink": "https://www.sec.gov/Archives/edgar/data/1561894/000156189419000006/hasi1231201810-k.htm", "calculatedOtherExpenses": -25542253000, "calculatedOperatingExpenses": -25528750000, "calculatedNetInterest": -2527000, "calculatedOtherIncome": 85623000, "calculatedIncomeNonControlling": 221000, "calculatedEbitda": -23901000}, {"date": "2017-12-31", "symbol": "HASI", "reportedCurrency": "USD", "cik": "0001561894", "fillingDate": "2018-02-23", "acceptedDate": "2018-02-23 16:17:18", "calendarYear": "2017", "period": "FY", "revenue": 62390000, "costOfRevenue": 19708000000, "grossProfit": -19645610000, "grossProfitRatio": -314.8839557621, "researchAndDevelopmentExpenses": 0, "generalAndAdministrativeExpenses": 10762000, "sellingAndMarketingExpenses": 0, "sellingGeneralAndAdministrativeExpenses": 10762000, "otherExpenses": 19708000, "operatingExpenses": 30470000, "costAndExpenses": 30470000, "interestIncome": 61813000, "interestExpense": 65472000, "depreciationAndAmortization": 13171000, "ebitda": 110384000, "ebitdaratio": 1.7692578939, "operatingIncome": -30470000, "operatingIncomeRatio": -0.488379548, "totalOtherIncomeExpensesNet": 31920000, "incomeBeforeTax": 31920000, "incomeBeforeTaxRatio": 0.511620452, "incomeTaxExpense": 885000, "netIncome": 30856000, "netIncomeRatio": 0.4945664369, "eps": 0.57, "epsdiluted": 0.57, "weightedAverageShsOut": 50361672, "weightedAverageShsOutDil": 50361672, "link": "https://www.sec.gov/Archives/edgar/data/1561894/000119312518055972/0001193125-18-055972-index.htm", "finalLink": "https://www.sec.gov/Archives/edgar/data/1561894/000119312518055972/d506888d10k.htm", "calculatedOtherExpenses": -19625902000, "calculatedOperatingExpenses": -19615140000, "calculatedNetInterest": -3659000, "calculatedOtherIncome": 66049000, "calculatedIncomeNonControlling": 179000, "calculatedEbitda": -17299000}, {"date": "2016-12-31", "symbol": "HASI", "reportedCurrency": "USD", "cik": "0001561894", "fillingDate": "2017-02-24", "acceptedDate": "2017-02-24 16:50:14", "calendarYear": "2016", "period": "FY", "revenue": 42067000, "costOfRevenue": 18877000000, "grossProfit": -18834933000, "grossProfitRatio": -447.7365393301, "researchAndDevelopmentExpenses": 0, "generalAndAdministrativeExpenses": 8293000, "sellingAndMarketingExpenses": 0, "sellingGeneralAndAdministrativeExpenses": 8293000, "otherExpenses": 18877000, "operatingExpenses": 27170000, "costAndExpenses": 27170000, "interestIncome": 50024000, "interestExpense": 45241000, "depreciationAndAmortization": 7658000, "ebitda": 67692000, "ebitdaratio": 1.6091473126, "operatingIncome": -27170000, "operatingIncomeRatio": -0.6458744384, "totalOtherIncomeExpensesNet": 14897000, "incomeBeforeTax": 14897000, "incomeBeforeTaxRatio": 0.3541255616, "incomeTaxExpense": 141000, "netIncome": 14652000, "netIncomeRatio": 0.348301519, "eps": 0.32, "epsdiluted": 0.32, "weightedAverageShsOut": 40290717, "weightedAverageShsOutDil": 40290717, "link": "https://www.sec.gov/Archives/edgar/data/1561894/000119312517056435/0001193125-17-056435-index.htm", "finalLink": "https://www.sec.gov/Archives/edgar/data/1561894/000119312517056435/d317163d10k.htm", "calculatedOtherExpenses": -18816056000, "calculatedOperatingExpenses": -18807763000, "calculatedNetInterest": 4783000, "calculatedOtherIncome": 37284000, "calculatedIncomeNonControlling": 104000, "calculatedEbitda": -19512000}, {"date": "2015-12-31", "symbol": "HASI", "reportedCurrency": "USD", "cik": "0001561894", "fillingDate": "2016-03-01", "acceptedDate": "2016-03-01 06:07:44", "calendarYear": "2015", "period": "FY", "revenue": 31402000, "costOfRevenue": 16788000000, "grossProfit": -16756598000, "grossProfitRatio": -533.6156295777, "researchAndDevelopmentExpenses": 0, "generalAndAdministrativeExpenses": 6462000, "sellingAndMarketingExpenses": 0, "sellingGeneralAndAdministrativeExpenses": 6462000, "otherExpenses": 16788000, "operatingExpenses": 23250000, "costAndExpenses": 23250000, "interestIncome": 38897000, "interestExpense": -26385000000, "depreciationAndAmortization": 3950000, "ebitda": 12026000, "ebitdaratio": 0.3829692376, "operatingIncome": -23250000, "operatingIncomeRatio": -0.7403987007, "totalOtherIncomeExpensesNet": 8152000, "incomeBeforeTax": 8152000, "incomeBeforeTaxRatio": 0.2596012993, "incomeTaxExpense": 118000, "netIncome": 7958000, "netIncomeRatio": 0.2534233488, "eps": 0.21, "epsdiluted": 0.21, "weightedAverageShsOut": 30761151, "weightedAverageShsOutDil": 30761151, "link": "https://www.sec.gov/Archives/edgar/data/1561894/000119312516486646/0001193125-16-486646-index.htm", "finalLink": "https://www.sec.gov/Archives/edgar/data/1561894/000119312516486646/d126786d10k.htm", "calculatedOtherExpenses": -16739810000, "calculatedOperatingExpenses": -16733348000, "calculatedNetInterest": 26423897000, "calculatedOtherIncome": -26392495000, "calculatedIncomeNonControlling": 76000, "calculatedEbitda": -19300000}, {"date": "2014-12-31", "symbol": "HASI", "reportedCurrency": "USD", "cik": "0001561894", "fillingDate": "2015-03-09", "acceptedDate": "2015-03-09 17:15:16", "calendarYear": "2014", "period": "FY", "revenue": 28320000, "costOfRevenue": 10518000000, "grossProfit": -10489680000, "grossProfitRatio": -370.3983050847, "researchAndDevelopmentExpenses": 0, "generalAndAdministrativeExpenses": 8006000, "sellingAndMarketingExpenses": 0, "sellingGeneralAndAdministrativeExpenses": 8006000, "otherExpenses": 10518000, "operatingExpenses": 18524000, "costAndExpenses": 18524000, "interestIncome": 26950000, "interestExpense": -16655000000, "depreciationAndAmortization": 522000, "ebitda": 10155000, "ebitdaratio": 0.3585805085, "operatingIncome": -18524000, "operatingIncomeRatio": -0.6540960452, "totalOtherIncomeExpensesNet": 9796000, "incomeBeforeTax": 9796000, "incomeBeforeTaxRatio": 0.3459039548, "incomeTaxExpense": 26000, "netIncome": 9607000, "netIncomeRatio": 0.339230226, "eps": 0.43, "epsdiluted": 0.43, "weightedAverageShsOut": 20656826, "weightedAverageShsOutDil": 20656826, "link": "https://www.sec.gov/Archives/edgar/data/1561894/000119312515083440/0001193125-15-083440-index.htm", "finalLink": "https://www.sec.gov/Archives/edgar/data/1561894/000119312515083440/d860574d10k.htm", "calculatedOtherExpenses": -10479162000, "calculatedOperatingExpenses": -10471156000, "calculatedNetInterest": 16681950000, "calculatedOtherIncome": -16653630000, "calculatedIncomeNonControlling": 163000, "calculatedEbitda": -18002000}, {"date": "2013-12-31", "symbol": "HASI", "reportedCurrency": "USD", "cik": "0001561894", "fillingDate": "2014-03-18", "acceptedDate": "2014-03-17 21:52:01", "calendarYear": "2013", "period": "FY", "revenue": 14611000, "costOfRevenue": 12312000, "grossProfit": 2299000, "grossProfitRatio": 0.1573472042, "researchAndDevelopmentExpenses": 0, "generalAndAdministrativeExpenses": 3844000, "sellingAndMarketingExpenses": 0, "sellingGeneralAndAdministrativeExpenses": 3844000, "otherExpenses": 23652000, "operatingExpenses": 27496000, "costAndExpenses": 27496000, "interestIncome": 17365000, "interestExpense": 56000, "depreciationAndAmortization": 340000, "ebitda": -10002000, "ebitdaratio": -0.6845527342, "operatingIncome": -27496000, "operatingIncomeRatio": -1.8818698241, "totalOtherIncomeExpensesNet": -12885000, "incomeBeforeTax": -12885000, "incomeBeforeTaxRatio": -0.8818698241, "incomeTaxExpense": -251000, "netIncome": -10459000, "netIncomeRatio": -0.7158305386, "eps": -0.68, "epsdiluted": -0.67, "weightedAverageShsOut": 15380882, "weightedAverageShsOutDil": 15716250, "link": "https://www.sec.gov/Archives/edgar/data/1561894/000119312514102996/0001193125-14-102996-index.htm", "finalLink": "https://www.sec.gov/Archives/edgar/data/1561894/000119312514102996/d667458d10k.htm", "calculatedOtherExpenses": 25951000, "calculatedOperatingExpenses": 29795000, "calculatedNetInterest": 17309000, "calculatedOtherIncome": -2698000, "calculatedIncomeNonControlling": -2175000, "calculatedEbitda": -27156000}, {"date": "2012-09-30", "symbol": "HASI", "reportedCurrency": "USD", "cik": "0001561894", "fillingDate": "2012-09-30", "acceptedDate": "2012-09-30 00:00:00", "calendarYear": "2012", "period": "FY", "revenue": 17288782, "costOfRevenue": 0, "grossProfit": 17288782, "grossProfitRatio": 1, "researchAndDevelopmentExpenses": 0, "generalAndAdministrativeExpenses": 11598373, "sellingAndMarketingExpenses": 0, "sellingGeneralAndAdministrativeExpenses": 11598373, "otherExpenses": 51936, "operatingExpenses": 12038112, "costAndExpenses": 12038112, "interestIncome": 287126, "interestExpense": 287126, "depreciationAndAmortization": 792157, "ebitda": 4883749, "ebitdaratio": 0.2824808017, "operatingIncome": -12038112, "operatingIncomeRatio": -0.6962961301, "totalOtherIncomeExpensesNet": -1159078, "incomeBeforeTax": 3804466, "incomeBeforeTaxRatio": 0.2200540212, "incomeTaxExpense": -871952, "netIncome": 3804466, "netIncomeRatio": 0.2200540212, "eps": 0.25, "epsdiluted": 0.25, "weightedAverageShsOut": 15127372, "weightedAverageShsOutDil": 15127372, "link": null, "finalLink": null, "calculatedOtherExpenses": 17728521, "calculatedOperatingExpenses": 29326894, "calculatedNetInterest": 0, "calculatedOtherIncome": 15842578, "calculatedIncomeNonControlling": 871952, "calculatedEbitda": -11245955}, {"date": "2011-09-30", "symbol": "HASI", "reportedCurrency": "USD", "cik": "0001561894", "fillingDate": "2011-09-30", "acceptedDate": "2011-09-30 00:00:00", "calendarYear": "2011", "period": "FY", "revenue": 1953000, "costOfRevenue": 0, "grossProfit": 1953000, "grossProfitRatio": 1, "researchAndDevelopmentExpenses": 0, "generalAndAdministrativeExpenses": 2506000, "sellingAndMarketingExpenses": 0, "sellingGeneralAndAdministrativeExpenses": 2506000, "otherExpenses": 4459000, "operatingExpenses": 6965000, "costAndExpenses": 6965000, "interestIncome": 11739000, "interestExpense": 295000, "depreciationAndAmortization": 1020000, "ebitda": -3697000, "ebitdaratio": -1.892985151, "operatingIncome": -6965000, "operatingIncomeRatio": -3.5663082437, "totalOtherIncomeExpensesNet": -5012000, "incomeBeforeTax": -5012000, "incomeBeforeTaxRatio": -2.5663082437, "incomeTaxExpense": -4717000, "netIncome": -5012000, "netIncomeRatio": -2.5663082437, "eps": -0.33, "epsdiluted": -0.33, "weightedAverageShsOut": 15127372, "weightedAverageShsOutDil": 15127372, "link": null, "finalLink": null, "calculatedOtherExpenses": 6412000, "calculatedOperatingExpenses": 8918000, "calculatedNetInterest": 11444000, "calculatedOtherIncome": -9491000, "calculatedIncomeNonControlling": 4717000, "calculatedEbitda": -5945000}, {"date": "2010-09-30", "symbol": "HASI", "reportedCurrency": "USD", "cik": "0001561894", "fillingDate": "2010-09-30", "acceptedDate": "2010-09-30 00:00:00", "calendarYear": "2010", "period": "FY", "revenue": 15336453, "costOfRevenue": 0, "grossProfit": 15336453, "grossProfitRatio": 1, "researchAndDevelopmentExpenses": 0, "generalAndAdministrativeExpenses": 9047884, "sellingAndMarketingExpenses": 0, "sellingGeneralAndAdministrativeExpenses": 9047884, "otherExpenses": 70496, "operatingExpenses": 9732681, "costAndExpenses": 9732681, "interestIncome": 369540, "interestExpense": 369540, "depreciationAndAmortization": 3759744, "ebitda": 18209821, "ebitdaratio": 1.1873554465, "operatingIncome": -9732681, "operatingIncomeRatio": -0.6346109495, "totalOtherIncomeExpensesNet": 8846305, "incomeBeforeTax": 14080537, "incomeBeforeTaxRatio": 0.918109096, "incomeTaxExpense": 9215845, "netIncome": 14080537, "netIncomeRatio": 0.918109096, "eps": 0.93, "epsdiluted": 0.93, "weightedAverageShsOut": 15127372, "weightedAverageShsOutDil": 15127372, "link": null, "finalLink": null, "calculatedOtherExpenses": 16021250, "calculatedOperatingExpenses": 25069134, "calculatedNetInterest": 0, "calculatedOtherIncome": 23813218, "calculatedIncomeNonControlling": -9215845, "calculatedEbitda": -5972937}]}