{"originalCurrency": "USD", "convertedCurrency": "USD", "report": [{"date": "2023-12-31", "symbol": "HBAN", "reportedCurrency": "USD", "cik": "0000049196", "fillingDate": "2024-02-16", "acceptedDate": "2024-02-16 14:05:33", "calendarYear": "2023", "period": "FY", "revenue": 7360000000, "costOfRevenue": -1556000000, "grossProfit": 8916000000, "grossProfitRatio": 1.2114130435, "researchAndDevelopmentExpenses": 0, "generalAndAdministrativeExpenses": 2831000000, "sellingAndMarketingExpenses": 115000000, "sellingGeneralAndAdministrativeExpenses": 2946000000, "otherExpenses": -1496000000, "operatingExpenses": 115000000, "costAndExpenses": 115000000, "interestIncome": 8916000000, "interestExpense": 3477000000, "depreciationAndAmortization": 798000000, "ebitda": 2364000000, "ebitdaratio": 0.3211956522, "operatingIncome": 2364000000, "operatingIncomeRatio": 0.3211956522, "totalOtherIncomeExpensesNet": 20000000, "incomeBeforeTax": 2384000000, "incomeBeforeTaxRatio": 0.3239130435, "incomeTaxExpense": 413000000, "netIncome": 1951000000, "netIncomeRatio": 0.2650815217, "eps": 1.26, "epsdiluted": 1.24, "weightedAverageShsOut": 1446449000, "weightedAverageShsOutDil": 1468016000, "link": "https://www.sec.gov/Archives/edgar/data/49196/000004919624000020/0000049196-24-000020-index.htm", "finalLink": "https://www.sec.gov/Archives/edgar/data/49196/000004919624000020/hban-20231231.htm", "calculatedOtherExpenses": 3606000000, "calculatedOperatingExpenses": 6552000000, "calculatedNetInterest": 5439000000, "calculatedOtherIncome": -5419000000, "calculatedIncomeNonControlling": 20000000, "calculatedEbitda": 3162000000}, {"date": "2022-12-31", "symbol": "HBAN", "reportedCurrency": "USD", "cik": "0000049196", "fillingDate": "2023-02-17", "acceptedDate": "2023-02-17 15:08:18", "calendarYear": "2022", "period": "FY", "revenue": 7254000000, "costOfRevenue": 5969000000, "grossProfit": 1285000000, "grossProfitRatio": 0.1771436449, "researchAndDevelopmentExpenses": 0, "generalAndAdministrativeExpenses": 2468000000, "sellingAndMarketingExpenses": 91000000, "sellingGeneralAndAdministrativeExpenses": 2559000000, "otherExpenses": -1231000000, "operatingExpenses": 91000000, "costAndExpenses": 91000000, "interestIncome": 5969000000, "interestExpense": 696000000, "depreciationAndAmortization": 98000000, "ebitda": 3933000000, "ebitdaratio": 0.5421836228, "operatingIncome": 3835000000, "operatingIncomeRatio": 0.5286738351, "totalOtherIncomeExpensesNet": -1071000000, "incomeBeforeTax": 2764000000, "incomeBeforeTaxRatio": 0.3810311552, "incomeTaxExpense": 515000000, "netIncome": 2238000000, "netIncomeRatio": 0.3085194376, "eps": 1.47, "epsdiluted": 1.45, "weightedAverageShsOut": 1441279000, "weightedAverageShsOutDil": 1465220000, "link": "https://www.sec.gov/Archives/edgar/data/49196/000004919623000020/0000049196-23-000020-index.htm", "finalLink": "https://www.sec.gov/Archives/edgar/data/49196/000004919623000020/hban-20221231.htm", "calculatedOtherExpenses": -5109000000, "calculatedOperatingExpenses": -2550000000, "calculatedNetInterest": 5273000000, "calculatedOtherIncome": -6344000000, "calculatedIncomeNonControlling": 11000000, "calculatedEbitda": 3933000000}, {"date": "2021-12-31", "symbol": "HBAN", "reportedCurrency": "USD", "cik": "0000049196", "fillingDate": "2022-02-18", "acceptedDate": "2022-02-18 15:44:27", "calendarYear": "2021", "period": "FY", "revenue": 5991000000, "costOfRevenue": 0, "grossProfit": 5991000000, "grossProfitRatio": 1, "researchAndDevelopmentExpenses": 0, "generalAndAdministrativeExpenses": 2386000000, "sellingAndMarketingExpenses": 89000000, "sellingGeneralAndAdministrativeExpenses": 2475000000, "otherExpenses": -6877000000, "operatingExpenses": -4402000000, "costAndExpenses": -4402000000, "interestIncome": 4191000000, "interestExpense": 89000000, "depreciationAndAmortization": 89000000, "ebitda": 1678000000, "ebitdaratio": 0.2800867969, "operatingIncome": 1589000000, "operatingIncomeRatio": 0.2652311801, "totalOtherIncomeExpensesNet": 2000000, "incomeBeforeTax": 1591000000, "incomeBeforeTaxRatio": 0.2655650142, "incomeTaxExpense": 294000000, "netIncome": 1295000000, "netIncomeRatio": 0.2161575697, "eps": 0.91, "epsdiluted": 0.9, "weightedAverageShsOut": 1262435000, "weightedAverageShsOutDil": 1286733000, "link": "https://www.sec.gov/Archives/edgar/data/49196/000004919622000023/0000049196-22-000023-index.htm", "finalLink": "https://www.sec.gov/Archives/edgar/data/49196/000004919622000023/hban-20211231.htm", "calculatedOtherExpenses": 1927000000, "calculatedOperatingExpenses": 4402000000, "calculatedNetInterest": 4102000000, "calculatedOtherIncome": -4100000000, "calculatedIncomeNonControlling": 2000000, "calculatedEbitda": 1678000000}, {"date": "2020-12-31", "symbol": "HBAN", "reportedCurrency": "USD", "cik": "0000049196", "fillingDate": "2021-02-26", "acceptedDate": "2021-02-26 17:19:33", "calendarYear": "2020", "period": "FY", "revenue": 4815000000, "costOfRevenue": 0, "grossProfit": 4815000000, "grossProfitRatio": 1, "researchAndDevelopmentExpenses": 0, "generalAndAdministrativeExpenses": 1724000000, "sellingAndMarketingExpenses": 38000000, "sellingGeneralAndAdministrativeExpenses": 1762000000, "otherExpenses": -5605000000, "operatingExpenses": -3843000000, "costAndExpenses": -3843000000, "interestIncome": 3647000000, "interestExpense": 423000000, "depreciationAndAmortization": 41000000, "ebitda": 1013000000, "ebitdaratio": 0.210384216, "operatingIncome": 972000000, "operatingIncomeRatio": 0.2018691589, "totalOtherIncomeExpensesNet": 972000000, "incomeBeforeTax": 972000000, "incomeBeforeTaxRatio": 0.2018691589, "incomeTaxExpense": 155000000, "netIncome": 817000000, "netIncomeRatio": 0.1696780893, "eps": 0.7, "epsdiluted": 0.69, "weightedAverageShsOut": 1017117000, "weightedAverageShsOutDil": 1032683000, "link": "https://www.sec.gov/Archives/edgar/data/49196/000004919621000018/0000049196-21-000018-index.htm", "finalLink": "https://www.sec.gov/Archives/edgar/data/49196/000004919621000018/hban-20201231.htm", "calculatedOtherExpenses": 2081000000, "calculatedOperatingExpenses": 3843000000, "calculatedNetInterest": 3224000000, "calculatedOtherIncome": -3224000000, "calculatedIncomeNonControlling": 0, "calculatedEbitda": 1013000000}, {"date": "2019-12-31", "symbol": "HBAN", "reportedCurrency": "USD", "cik": "0000049196", "fillingDate": "2020-02-14", "acceptedDate": "2020-02-14 16:31:44", "calendarYear": "2019", "period": "FY", "revenue": 4667000000, "costOfRevenue": 0, "grossProfit": 4667000000, "grossProfitRatio": 1, "researchAndDevelopmentExpenses": 0, "generalAndAdministrativeExpenses": 1688000000, "sellingAndMarketingExpenses": 37000000, "sellingGeneralAndAdministrativeExpenses": 1725000000, "otherExpenses": -4733000000, "operatingExpenses": -3008000000, "costAndExpenses": -3008000000, "interestIncome": 4201000000, "interestExpense": 988000000, "depreciationAndAmortization": 49000000, "ebitda": 1708000000, "ebitdaratio": 0.365973859, "operatingIncome": 1659000000, "operatingIncomeRatio": 0.355474609, "totalOtherIncomeExpensesNet": 1659000000, "incomeBeforeTax": 1659000000, "incomeBeforeTaxRatio": 0.355474609, "incomeTaxExpense": 248000000, "netIncome": 1411000000, "netIncomeRatio": 0.3023355475, "eps": 1.29, "epsdiluted": 1.27, "weightedAverageShsOut": 1038839999, "weightedAverageShsOutDil": 1056079000, "link": "https://www.sec.gov/Archives/edgar/data/49196/000004919620000010/0000049196-20-000010-index.htm", "finalLink": "https://www.sec.gov/Archives/edgar/data/49196/000004919620000010/hban2019-12x31x10k.htm", "calculatedOtherExpenses": 1283000000, "calculatedOperatingExpenses": 3008000000, "calculatedNetInterest": 3213000000, "calculatedOtherIncome": -3213000000, "calculatedIncomeNonControlling": 0, "calculatedEbitda": 1708000000}, {"date": "2018-12-31", "symbol": "HBAN", "reportedCurrency": "USD", "cik": "0000049196", "fillingDate": "2019-02-15", "acceptedDate": "2019-02-15 16:06:44", "calendarYear": "2018", "period": "FY", "revenue": 4510000000, "costOfRevenue": 0, "grossProfit": 4510000000, "grossProfitRatio": 1, "researchAndDevelopmentExpenses": 0, "generalAndAdministrativeExpenses": 1622000000, "sellingAndMarketingExpenses": 53000000, "sellingGeneralAndAdministrativeExpenses": 1675000000, "otherExpenses": -3797000000, "operatingExpenses": -2122000000, "costAndExpenses": -2122000000, "interestIncome": 3949000000, "interestExpense": 760000000, "depreciationAndAmortization": 493000000, "ebitda": 2881000000, "ebitdaratio": 0.6388026608, "operatingIncome": 2388000000, "operatingIncomeRatio": 0.5294900222, "totalOtherIncomeExpensesNet": -760000000, "incomeBeforeTax": 1628000000, "incomeBeforeTaxRatio": 0.3609756098, "incomeTaxExpense": 235000000, "netIncome": 1393000000, "netIncomeRatio": 0.3088691796, "eps": 1.33, "epsdiluted": 1.33, "weightedAverageShsOut": 1046767252, "weightedAverageShsOutDil": 1046767252, "link": "https://www.sec.gov/Archives/edgar/data/49196/000004919619000018/0000049196-19-000018-index.htm", "finalLink": "https://www.sec.gov/Archives/edgar/data/49196/000004919619000018/hban2018-12x31x10k.htm", "calculatedOtherExpenses": 447000000, "calculatedOperatingExpenses": 2122000000, "calculatedNetInterest": 3189000000, "calculatedOtherIncome": -3949000000, "calculatedIncomeNonControlling": 0, "calculatedEbitda": 2881000000}, {"date": "2017-12-31", "symbol": "HBAN", "reportedCurrency": "USD", "cik": "0000049196", "fillingDate": "2018-02-16", "acceptedDate": "2018-02-16 17:01:33", "calendarYear": "2017", "period": "FY", "revenue": 4309000000, "costOfRevenue": 0, "grossProfit": 4309000000, "grossProfitRatio": 1, "researchAndDevelopmentExpenses": 0, "generalAndAdministrativeExpenses": 1602000000, "sellingAndMarketingExpenses": 60000000, "sellingGeneralAndAdministrativeExpenses": 1662000000, "otherExpenses": -807000000, "operatingExpenses": 807000000, "costAndExpenses": 3330000000, "interestIncome": 3433000000, "interestExpense": 431000000, "depreciationAndAmortization": 56000000, "ebitda": 1450000000, "ebitdaratio": 0.3365049896, "operatingIncome": 1394000000, "operatingIncomeRatio": 0.3235089348, "totalOtherIncomeExpensesNet": 1394000000, "incomeBeforeTax": 1394000000, "incomeBeforeTaxRatio": 0.3235089348, "incomeTaxExpense": 208000000, "netIncome": 1186000000, "netIncomeRatio": 0.2752378742, "eps": 1.02, "epsdiluted": 1, "weightedAverageShsOut": 1084686000, "weightedAverageShsOutDil": 1136186000, "link": "https://www.sec.gov/Archives/edgar/data/49196/000004919618000008/0000049196-18-000008-index.htm", "finalLink": "https://www.sec.gov/Archives/edgar/data/49196/000004919618000008/hban2017-12x31x10k.htm", "calculatedOtherExpenses": 1253000000, "calculatedOperatingExpenses": 2915000000, "calculatedNetInterest": 3002000000, "calculatedOtherIncome": -3002000000, "calculatedIncomeNonControlling": 0, "calculatedEbitda": 1450000000}, {"date": "2016-12-31", "symbol": "HBAN", "reportedCurrency": "USD", "cik": "0000049196", "fillingDate": "2017-02-22", "acceptedDate": "2017-02-22 06:37:21", "calendarYear": "2016", "period": "FY", "revenue": 3519049000, "costOfRevenue": 0, "grossProfit": 3519049000, "grossProfitRatio": 1, "researchAndDevelopmentExpenses": 0, "generalAndAdministrativeExpenses": 1403231000, "sellingAndMarketingExpenses": 62957000, "sellingGeneralAndAdministrativeExpenses": 1466188000, "otherExpenses": -741432000, "operatingExpenses": 741432000, "costAndExpenses": 2863010000, "interestIncome": 2632113000, "interestExpense": 262795000, "depreciationAndAmortization": 30456000, "ebitda": 908631000, "ebitdaratio": 0.2582035658, "operatingIncome": 878175000, "operatingIncomeRatio": 0.2495489548, "totalOtherIncomeExpensesNet": 919762000, "incomeBeforeTax": 878175000, "incomeBeforeTaxRatio": 0.2495489548, "incomeTaxExpense": 193053000, "netIncome": 685122000, "netIncomeRatio": 0.1946895312, "eps": 0.69, "epsdiluted": 0.67, "weightedAverageShsOut": 904438000, "weightedAverageShsOutDil": 918790000, "link": "https://www.sec.gov/Archives/edgar/data/49196/000004919617000009/0000049196-17-000009-index.htm", "finalLink": "https://www.sec.gov/Archives/edgar/data/49196/000004919617000009/hban20161231_10k.htm", "calculatedOtherExpenses": 1174686000, "calculatedOperatingExpenses": 2640874000, "calculatedNetInterest": 2369318000, "calculatedOtherIncome": -2369318000, "calculatedIncomeNonControlling": 0, "calculatedEbitda": 908631000}, {"date": "2015-12-31", "symbol": "HBAN", "reportedCurrency": "USD", "cik": "0000049196", "fillingDate": "2016-02-17", "acceptedDate": "2016-02-17 15:49:58", "calendarYear": "2015", "period": "FY", "revenue": 2989467000, "costOfRevenue": 0, "grossProfit": 2989467000, "grossProfitRatio": 1, "researchAndDevelopmentExpenses": 0, "generalAndAdministrativeExpenses": 1166791000, "sellingAndMarketingExpenses": 52213000, "sellingGeneralAndAdministrativeExpenses": 1219004000, "otherExpenses": 0, "operatingExpenses": 1976000000, "costAndExpenses": 1976000000, "interestIncome": 2114521000, "interestExpense": 163784000, "depreciationAndAmortization": 27867000, "ebitda": 941472000, "ebitdaratio": 0.3149297182, "operatingIncome": 913605000, "operatingIncomeRatio": 0.3056079897, "totalOtherIncomeExpensesNet": -131000000, "incomeBeforeTax": 913605000, "incomeBeforeTaxRatio": 0.3056079897, "incomeTaxExpense": 220648000, "netIncome": 692957000, "netIncomeRatio": 0.2317995148, "eps": 0.82, "epsdiluted": 0.81, "weightedAverageShsOut": 803412000, "weightedAverageShsOutDil": 817129000, "link": "https://www.sec.gov/Archives/edgar/data/49196/000004919616000032/0000049196-16-000032-index.htm", "finalLink": "https://www.sec.gov/Archives/edgar/data/49196/000004919616000032/hban-2015x1231x10k.htm", "calculatedOtherExpenses": 856858000, "calculatedOperatingExpenses": 2075862000, "calculatedNetInterest": 1950737000, "calculatedOtherIncome": -1950737000, "calculatedIncomeNonControlling": 0, "calculatedEbitda": 941472000}, {"date": "2014-12-31", "symbol": "HBAN", "reportedCurrency": "USD", "cik": "0000049196", "fillingDate": "2015-02-13", "acceptedDate": "2015-02-13 14:04:15", "calendarYear": "2014", "period": "FY", "revenue": 2816320000, "costOfRevenue": 0, "grossProfit": 2816320000, "grossProfitRatio": 1, "researchAndDevelopmentExpenses": 0, "generalAndAdministrativeExpenses": 1097819000, "sellingAndMarketingExpenses": 50560000, "sellingGeneralAndAdministrativeExpenses": 1148379000, "otherExpenses": 0, "operatingExpenses": 1882346000, "costAndExpenses": 1882346000, "interestIncome": 1976462000, "interestExpense": 139321000, "depreciationAndAmortization": 39277000, "ebitda": 892262000, "ebitdaratio": 0.3168184013, "operatingIncome": 852985000, "operatingIncomeRatio": 0.3028721878, "totalOtherIncomeExpensesNet": -153804000, "incomeBeforeTax": 852985000, "incomeBeforeTaxRatio": 0.3028721878, "incomeTaxExpense": 220593000, "netIncome": 632392000, "netIncomeRatio": 0.2245455062, "eps": 0.73, "epsdiluted": 0.72, "weightedAverageShsOut": 819917000, "weightedAverageShsOutDil": 833081000, "link": "https://www.sec.gov/Archives/edgar/data/49196/000119312515049355/0001193125-15-049355-index.htm", "finalLink": "https://www.sec.gov/Archives/edgar/data/49196/000119312515049355/d859562d10k.htm", "calculatedOtherExpenses": 814956000, "calculatedOperatingExpenses": 1963335000, "calculatedNetInterest": 1837141000, "calculatedOtherIncome": -1837141000, "calculatedIncomeNonControlling": 0, "calculatedEbitda": 892262000}, {"date": "2013-12-31", "symbol": "HBAN", "reportedCurrency": "USD", "cik": "0000049196", "fillingDate": "2014-02-14", "acceptedDate": "2014-02-14 15:57:28", "calendarYear": "2013", "period": "FY", "revenue": 2702603000, "costOfRevenue": 0, "grossProfit": 2702603000, "grossProfitRatio": 1, "researchAndDevelopmentExpenses": 0, "generalAndAdministrativeExpenses": 1051798000, "sellingAndMarketingExpenses": 51185000, "sellingGeneralAndAdministrativeExpenses": 1102983000, "otherExpenses": 0, "operatingExpenses": 1758003000, "costAndExpenses": 1758003000, "interestIncome": 1860637000, "interestExpense": 156029000, "depreciationAndAmortization": 41364000, "ebitda": 895919000, "ebitdaratio": 0.3315022591, "operatingIncome": 854555000, "operatingIncomeRatio": 0.3161970145, "totalOtherIncomeExpensesNet": -81060000, "incomeBeforeTax": 854555000, "incomeBeforeTaxRatio": 0.3161970145, "incomeTaxExpense": 215814000, "netIncome": 638741000, "netIncomeRatio": 0.2363428887, "eps": 0.73, "epsdiluted": 0.72, "weightedAverageShsOut": 834205000, "weightedAverageShsOutDil": 843974000, "link": "https://www.sec.gov/Archives/edgar/data/49196/000119312514054675/0001193125-14-054675-index.htm", "finalLink": "https://www.sec.gov/Archives/edgar/data/49196/000119312514054675/d670111d10k.htm", "calculatedOtherExpenses": 745065000, "calculatedOperatingExpenses": 1848048000, "calculatedNetInterest": 1704608000, "calculatedOtherIncome": -1704608000, "calculatedIncomeNonControlling": 0, "calculatedEbitda": 895919000}, {"date": "2012-12-31", "symbol": "HBAN", "reportedCurrency": "USD", "cik": "0000049196", "fillingDate": "2013-02-15", "acceptedDate": "2013-02-15 15:15:19", "calendarYear": "2012", "period": "FY", "revenue": 2808381000, "costOfRevenue": 0, "grossProfit": 2808381000, "grossProfitRatio": 1, "researchAndDevelopmentExpenses": 0, "generalAndAdministrativeExpenses": 1056523000, "sellingAndMarketingExpenses": 64263000, "sellingGeneralAndAdministrativeExpenses": 1120786000, "otherExpenses": 0, "operatingExpenses": 1824658999, "costAndExpenses": 1824658999, "interestIncome": 1930263000, "interestExpense": 219739000, "depreciationAndAmortization": 46549000, "ebitda": 871666000, "ebitdaratio": 0.3103802511, "operatingIncome": 825117000, "operatingIncomeRatio": 0.2938052209, "totalOtherIncomeExpensesNet": -126364000, "incomeBeforeTax": 825117000, "incomeBeforeTaxRatio": 0.2938052209, "incomeTaxExpense": 184095000, "netIncome": 641022000, "netIncomeRatio": 0.2282532178, "eps": 0.71, "epsdiluted": 0.71, "weightedAverageShsOut": 857962000, "weightedAverageShsOutDil": 863402000, "link": "https://www.sec.gov/Archives/edgar/data/49196/000119312513062480/0001193125-13-062480-index.htm", "finalLink": "https://www.sec.gov/Archives/edgar/data/49196/000119312513062480/d487106d10k.htm", "calculatedOtherExpenses": 862478000, "calculatedOperatingExpenses": 1983264000, "calculatedNetInterest": 1710524000, "calculatedOtherIncome": -1710524000, "calculatedIncomeNonControlling": 0, "calculatedEbitda": 871666000}, {"date": "2011-12-31", "symbol": "HBAN", "reportedCurrency": "USD", "cik": "0000049196", "fillingDate": "2012-02-17", "acceptedDate": "2012-02-17 16:43:58", "calendarYear": "2011", "period": "FY", "revenue": 2609793000, "costOfRevenue": 0, "grossProfit": 2609793000, "grossProfitRatio": 1, "researchAndDevelopmentExpenses": 0, "generalAndAdministrativeExpenses": 990244000, "sellingAndMarketingExpenses": 75627000, "sellingGeneralAndAdministrativeExpenses": 1065871000, "otherExpenses": 7363000, "operatingExpenses": 1073234000, "costAndExpenses": 1073234000, "interestIncome": 1970226000, "interestExpense": 341056000, "depreciationAndAmortization": 53318000, "ebitda": 760552000, "ebitdaratio": 0.2914223465, "operatingIncome": 707234000, "operatingIncomeRatio": 0.2709923737, "totalOtherIncomeExpensesNet": 680463000, "incomeBeforeTax": 707234000, "incomeBeforeTaxRatio": 0.2709923737, "incomeTaxExpense": 164621000, "netIncome": 542613000, "netIncomeRatio": 0.2079141909, "eps": 0.59, "epsdiluted": 0.59, "weightedAverageShsOut": 863691000, "weightedAverageShsOutDil": 867624000, "link": "https://www.sec.gov/Archives/edgar/data/49196/000119312512067565/0001193125-12-067565-index.htm", "finalLink": "https://www.sec.gov/Archives/edgar/data/49196/000119312512067565/d257237d10k.htm", "calculatedOtherExpenses": 836688000, "calculatedOperatingExpenses": 1902559000, "calculatedNetInterest": 1629170000, "calculatedOtherIncome": -1629170000, "calculatedIncomeNonControlling": 0, "calculatedEbitda": 760552000}, {"date": "2010-12-31", "symbol": "HBAN", "reportedCurrency": "USD", "cik": "0000049196", "fillingDate": "2011-02-18", "acceptedDate": "2011-02-18 17:09:05", "calendarYear": "2010", "period": "FY", "revenue": 2660663000, "costOfRevenue": 0, "grossProfit": 2660663000, "grossProfitRatio": 1, "researchAndDevelopmentExpenses": 0, "generalAndAdministrativeExpenses": 933555000, "sellingAndMarketingExpenses": 65924000, "sellingGeneralAndAdministrativeExpenses": 999479000, "otherExpenses": 13722000, "operatingExpenses": 1013201000, "costAndExpenses": 1013201000, "interestIncome": 2145392000, "interestExpense": 526587000, "depreciationAndAmortization": 60478000, "ebitda": 412789000, "ebitdaratio": 0.1551451649, "operatingIncome": 352311000, "operatingIncomeRatio": 0.1324147402, "totalOtherIncomeExpensesNet": 306347000, "incomeBeforeTax": 352311000, "incomeBeforeTaxRatio": 0.1324147402, "incomeTaxExpense": 39964000, "netIncome": 312347000, "netIncomeRatio": 0.1173944239, "eps": 0.19, "epsdiluted": 0.19, "weightedAverageShsOut": 726934000, "weightedAverageShsOutDil": 729532000, "link": "https://www.sec.gov/Archives/edgar/data/49196/000095012311015766/0000950123-11-015766-index.htm", "finalLink": "https://www.sec.gov/Archives/edgar/data/49196/000095012311015766/l41237e10vk.htm", "calculatedOtherExpenses": 1308873000, "calculatedOperatingExpenses": 2308352000, "calculatedNetInterest": 1618805000, "calculatedOtherIncome": -1618805000, "calculatedIncomeNonControlling": 0, "calculatedEbitda": 412789000}, {"date": "2009-12-31", "symbol": "HBAN", "reportedCurrency": "USD", "cik": "0000049196", "fillingDate": "2010-02-18", "acceptedDate": "2010-02-18 17:27:25", "calendarYear": "2009", "period": "FY", "revenue": 2429931000, "costOfRevenue": 0, "grossProfit": 2429931000, "grossProfitRatio": 1, "researchAndDevelopmentExpenses": 0, "generalAndAdministrativeExpenses": 897131000, "sellingAndMarketingExpenses": 33049000, "sellingGeneralAndAdministrativeExpenses": 930180000, "otherExpenses": 59064000, "operatingExpenses": 989244000, "costAndExpenses": 989244000, "interestIncome": 2238142000, "interestExpense": 813855000, "depreciationAndAmortization": 68307000, "ebitda": -3609876000, "ebitdaratio": -1.4855878624, "operatingIncome": -3678183000, "operatingIncomeRatio": -1.5136985371, "totalOtherIncomeExpensesNet": -3729993000, "incomeBeforeTax": -3678183000, "incomeBeforeTaxRatio": -1.5136985371, "incomeTaxExpense": -584004000, "netIncome": -3094179000, "netIncomeRatio": -1.2733608485, "eps": -5.81, "epsdiluted": -5.81, "weightedAverageShsOut": 532802000, "weightedAverageShsOutDil": 532802000, "link": "https://www.sec.gov/Archives/edgar/data/49196/000095012310014194/0000950123-10-014194-index.htm", "finalLink": "https://www.sec.gov/Archives/edgar/data/49196/000095012310014194/l38219e10vk.htm", "calculatedOtherExpenses": 5177934000, "calculatedOperatingExpenses": 6108114000, "calculatedNetInterest": 1424287000, "calculatedOtherIncome": -1424287000, "calculatedIncomeNonControlling": 0, "calculatedEbitda": -3609876000}, {"date": "2008-12-31", "symbol": "HBAN", "reportedCurrency": "USD", "cik": "0000049196", "fillingDate": "2009-02-24", "acceptedDate": "2009-02-23 18:38:40", "calendarYear": "2008", "period": "FY", "revenue": 2238829000, "costOfRevenue": 0, "grossProfit": 2238829000, "grossProfitRatio": 1, "researchAndDevelopmentExpenses": 0, "generalAndAdministrativeExpenses": 858706000, "sellingAndMarketingExpenses": 32664000, "sellingGeneralAndAdministrativeExpenses": 891370000, "otherExpenses": -3426207000, "operatingExpenses": -2534837000, "costAndExpenses": -2534837000, "interestIncome": 2798322000, "interestExpense": 1266631000, "depreciationAndAmortization": 76894000, "ebitda": -219114000, "ebitdaratio": -0.0978699132, "operatingIncome": -296008000, "operatingIncomeRatio": -0.1322155466, "totalOtherIncomeExpensesNet": 0, "incomeBeforeTax": -296008000, "incomeBeforeTaxRatio": -0.1322155466, "incomeTaxExpense": -182202000, "netIncome": -113806000, "netIncomeRatio": -0.0508328238, "eps": -0.31, "epsdiluted": -0.31, "weightedAverageShsOut": 366155000, "weightedAverageShsOutDil": 366155000, "link": "https://www.sec.gov/Archives/edgar/data/49196/000095015209001672/0000950152-09-001672-index.htm", "finalLink": "https://www.sec.gov/Archives/edgar/data/49196/000095015209001672/l35282ae10vk.htm", "calculatedOtherExpenses": 1643467000, "calculatedOperatingExpenses": 2534837000, "calculatedNetInterest": 1531691000, "calculatedOtherIncome": -1531691000, "calculatedIncomeNonControlling": 0, "calculatedEbitda": -219114000}, {"date": "2007-12-31", "symbol": "HBAN", "reportedCurrency": "USD", "cik": "0000049196", "fillingDate": "2008-02-26", "acceptedDate": "2008-02-26 13:08:33", "calendarYear": "2007", "period": "FY", "revenue": 1978115000, "costOfRevenue": 0, "grossProfit": 1978115000, "grossProfitRatio": 1, "researchAndDevelopmentExpenses": 0, "generalAndAdministrativeExpenses": 729581000, "sellingAndMarketingExpenses": 46043000, "sellingGeneralAndAdministrativeExpenses": 775624000, "otherExpenses": -2731096000, "operatingExpenses": -1955472000, "costAndExpenses": -1955472000, "interestIncome": 2742963000, "interestExpense": 1441451000, "depreciationAndAmortization": 127261000, "ebitda": 149904000, "ebitdaratio": 0.0757812362, "operatingIncome": 22643000, "operatingIncomeRatio": 0.0114467561, "totalOtherIncomeExpensesNet": 0, "incomeBeforeTax": 22643000, "incomeBeforeTaxRatio": 0.0114467561, "incomeTaxExpense": -52526000, "netIncome": 75169000, "netIncomeRatio": 0.0380003185, "eps": 0.25, "epsdiluted": 0.25, "weightedAverageShsOut": 300908000, "weightedAverageShsOutDil": 303455000, "link": "https://www.sec.gov/Archives/edgar/data/49196/000095015208001408/0000950152-08-001408-index.htm", "finalLink": "https://www.sec.gov/Archives/edgar/data/49196/000095015208001408/l29571ae10vk.htm", "calculatedOtherExpenses": 1179848000, "calculatedOperatingExpenses": 1955472000, "calculatedNetInterest": 1301512000, "calculatedOtherIncome": -1301512000, "calculatedIncomeNonControlling": 0, "calculatedEbitda": 149904000}, {"date": "2006-12-31", "symbol": "HBAN", "reportedCurrency": "USD", "cik": "0000049196", "fillingDate": "2007-02-22", "acceptedDate": "2007-02-22 17:20:19", "calendarYear": "2006", "period": "FY", "revenue": 1569469000, "costOfRevenue": 0, "grossProfit": 1569469000, "grossProfitRatio": 1, "researchAndDevelopmentExpenses": 0, "generalAndAdministrativeExpenses": 605630000, "sellingAndMarketingExpenses": 31728000, "sellingGeneralAndAdministrativeExpenses": 637358000, "otherExpenses": -1692766000, "operatingExpenses": -1055408000, "costAndExpenses": -1055408000, "interestIncome": 2070519000, "interestExpense": 1051342000, "depreciationAndAmortization": 111649000, "ebitda": 625710000, "ebitdaratio": 0.3986762402, "operatingIncome": 514061000, "operatingIncomeRatio": 0.3275381674, "totalOtherIncomeExpensesNet": 0, "incomeBeforeTax": 514061000, "incomeBeforeTaxRatio": 0.3275381674, "incomeTaxExpense": 52840000, "netIncome": 461221000, "netIncomeRatio": 0.2938707295, "eps": 1.95, "epsdiluted": 1.92, "weightedAverageShsOut": 236699000, "weightedAverageShsOutDil": 239920000, "link": "https://www.sec.gov/Archives/edgar/data/49196/000095015207001395/0000950152-07-001395-index.htm", "finalLink": "https://www.sec.gov/Archives/edgar/data/49196/000095015207001395/l24508ae10vk.htm", "calculatedOtherExpenses": 418050000, "calculatedOperatingExpenses": 1055408000, "calculatedNetInterest": 1019177000, "calculatedOtherIncome": -1019177000, "calculatedIncomeNonControlling": 0, "calculatedEbitda": 625710000}, {"date": "2005-12-31", "symbol": "HBAN", "reportedCurrency": "USD", "cik": "0000049196", "fillingDate": "2006-02-23", "acceptedDate": "2006-02-23 16:33:03", "calendarYear": "2005", "period": "FY", "revenue": 1594693000, "costOfRevenue": 0, "grossProfit": 1594693000, "grossProfitRatio": 1, "researchAndDevelopmentExpenses": 0, "generalAndAdministrativeExpenses": 481658000, "sellingAndMarketingExpenses": 28077000, "sellingGeneralAndAdministrativeExpenses": 509735000, "otherExpenses": -1560854000, "operatingExpenses": -1051119000, "costAndExpenses": -1051119000, "interestIncome": 1641765000, "interestExpense": 679354000, "depreciationAndAmortization": 191336000, "ebitda": 734910000, "ebitdaratio": 0.460847323, "operatingIncome": 543574000, "operatingIncomeRatio": 0.3408643545, "totalOtherIncomeExpensesNet": 0, "incomeBeforeTax": 543574000, "incomeBeforeTaxRatio": 0.3408643545, "incomeTaxExpense": 131483000, "netIncome": 412091000, "netIncomeRatio": 0.2584140019, "eps": 1.79, "epsdiluted": 1.77, "weightedAverageShsOut": 230142000, "weightedAverageShsOutDil": 233475000, "link": "https://www.sec.gov/Archives/edgar/data/49196/000095015206001400/0000950152-06-001400-index.htm", "finalLink": "https://www.sec.gov/Archives/edgar/data/49196/000095015206001400/l18143ae10vk.htm", "calculatedOtherExpenses": 541384000, "calculatedOperatingExpenses": 1051119000, "calculatedNetInterest": 962411000, "calculatedOtherIncome": -962411000, "calculatedIncomeNonControlling": 0, "calculatedEbitda": 734910000}, {"date": "2004-12-31", "symbol": "HBAN", "reportedCurrency": "USD", "cik": "0000049196", "fillingDate": "2005-03-03", "acceptedDate": "2005-03-02 19:17:47", "calendarYear": "2004", "period": "FY", "revenue": 1729972000, "costOfRevenue": 0, "grossProfit": 1729972000, "grossProfitRatio": 1, "researchAndDevelopmentExpenses": 0, "generalAndAdministrativeExpenses": 485806000, "sellingAndMarketingExpenses": 26489000, "sellingGeneralAndAdministrativeExpenses": 512295000, "otherExpenses": -1689601000, "operatingExpenses": -1177306000, "costAndExpenses": -1177306000, "interestIncome": 1347315000, "interestExpense": 435941000, "depreciationAndAmortization": 325132000, "ebitda": 877798000, "ebitdaratio": 0.5074059002, "operatingIncome": 552666000, "operatingIncomeRatio": 0.3194652861, "totalOtherIncomeExpensesNet": 0, "incomeBeforeTax": 552666000, "incomeBeforeTaxRatio": 0.3194652861, "incomeTaxExpense": 153741000, "netIncome": 398925000, "netIncomeRatio": 0.2305962177, "eps": 1.74, "epsdiluted": 1.71, "weightedAverageShsOut": 229913000, "weightedAverageShsOutDil": 233856000, "link": "https://www.sec.gov/Archives/edgar/data/49196/000095015205001700/0000950152-05-001700-index.htm", "finalLink": "https://www.sec.gov/Archives/edgar/data/49196/000095015205001700/l11717ae10vk.htm", "calculatedOtherExpenses": 665011000, "calculatedOperatingExpenses": 1177306000, "calculatedNetInterest": 911374000, "calculatedOtherIncome": -911374000, "calculatedIncomeNonControlling": 0, "calculatedEbitda": 877798000}, {"date": "2003-12-31", "symbol": "HBAN", "reportedCurrency": "USD", "cik": "0000049196", "fillingDate": "2004-03-05", "acceptedDate": "2004-03-05 16:53:39", "calendarYear": "2003", "period": "FY", "revenue": 1918139000, "costOfRevenue": 0, "grossProfit": 1918139000, "grossProfitRatio": 1, "researchAndDevelopmentExpenses": 0, "generalAndAdministrativeExpenses": 447263000, "sellingAndMarketingExpenses": 27490000, "sellingGeneralAndAdministrativeExpenses": 474753000, "otherExpenses": -1882235000, "operatingExpenses": -1407482000, "costAndExpenses": -1407482000, "interestIncome": 1305756000, "interestExpense": 456770000, "depreciationAndAmortization": 488089000, "ebitda": 998746000, "ebitdaratio": 0.520684893, "operatingIncome": 510657000, "operatingIncomeRatio": 0.2662252319, "totalOtherIncomeExpensesNet": 13330000, "incomeBeforeTax": 523987000, "incomeBeforeTaxRatio": 0.2731746761, "incomeTaxExpense": 138294000, "netIncome": 372363000, "netIncomeRatio": 0.1941272244, "eps": 1.62, "epsdiluted": 1.61, "weightedAverageShsOut": 229401000, "weightedAverageShsOutDil": 231582000, "link": "https://www.sec.gov/Archives/edgar/data/49196/000119312504035604/0001193125-04-035604-index.htm", "finalLink": "https://www.sec.gov/Archives/edgar/data/49196/000119312504035604/d10k.htm", "calculatedOtherExpenses": 932729000, "calculatedOperatingExpenses": 1407482000, "calculatedNetInterest": 848986000, "calculatedOtherIncome": -835656000, "calculatedIncomeNonControlling": 13330000, "calculatedEbitda": 998746000}, {"date": "2002-12-31", "symbol": "HBAN", "reportedCurrency": "USD", "cik": "0000049196", "fillingDate": "2003-03-20", "acceptedDate": "2003-03-20 17:01:57", "calendarYear": "2002", "period": "FY", "revenue": 1668613000, "costOfRevenue": 0, "grossProfit": 1668613000, "grossProfitRatio": 1, "researchAndDevelopmentExpenses": 0, "generalAndAdministrativeExpenses": 440760000, "sellingAndMarketingExpenses": 27911000, "sellingGeneralAndAdministrativeExpenses": 468671000, "otherExpenses": -1548059000, "operatingExpenses": -1079388000, "costAndExpenses": -1079388000, "interestIncome": 1531585000, "interestExpense": 547783000, "depreciationAndAmortization": 58132000, "ebitda": 647357000, "ebitdaratio": 0.387961139, "operatingIncome": 589225000, "operatingIncomeRatio": 0.3531226234, "totalOtherIncomeExpensesNet": 0, "incomeBeforeTax": 589225000, "incomeBeforeTaxRatio": 0.3531226234, "incomeTaxExpense": 226000000, "netIncome": 363225000, "netIncomeRatio": 0.2176807924, "eps": 1.34, "epsdiluted": 1.33, "weightedAverageShsOut": 242279000, "weightedAverageShsOutDil": 244012000, "link": "https://www.sec.gov/Archives/edgar/data/49196/000095015203003155/0000950152-03-003155-index.htm", "finalLink": "https://www.sec.gov/Archives/edgar/data/49196/000095015203003155/l99245ae10vk.txt", "calculatedOtherExpenses": 610717000, "calculatedOperatingExpenses": 1079388000, "calculatedNetInterest": 983802000, "calculatedOtherIncome": -983802000, "calculatedIncomeNonControlling": 0, "calculatedEbitda": 647357000}, {"date": "2001-12-31", "symbol": "HBAN", "reportedCurrency": "USD", "cik": "0000049196", "fillingDate": "2002-03-07", "acceptedDate": "2002-03-07 00:00:00", "calendarYear": "2001", "period": "FY", "revenue": 1505662000, "costOfRevenue": 0, "grossProfit": 1505662000, "grossProfitRatio": 1, "researchAndDevelopmentExpenses": 0, "generalAndAdministrativeExpenses": 478640000, "sellingAndMarketingExpenses": 31057000, "sellingGeneralAndAdministrativeExpenses": 509697000, "otherExpenses": -1842077000, "operatingExpenses": -1332380000, "costAndExpenses": -1332380000, "interestIncome": 1939519000, "interestExpense": 943337000, "depreciationAndAmortization": 101233000, "ebitda": 274515000, "ebitdaratio": 0.182321796, "operatingIncome": 173282000, "operatingIncomeRatio": 0.1150869186, "totalOtherIncomeExpensesNet": 0, "incomeBeforeTax": 173282000, "incomeBeforeTaxRatio": 0.1150869186, "incomeTaxExpense": -5239000, "netIncome": 178521000, "netIncomeRatio": 0.1185664512, "eps": 0.54, "epsdiluted": 0.54, "weightedAverageShsOut": 249622222, "weightedAverageShsOutDil": 249622222, "link": "https://www.sec.gov/Archives/edgar/data/49196/000095015202001558/0000950152-02-001558-index.htm", "finalLink": "https://www.sec.gov/Archives/edgar/data/49196/000095015202001558/l93031ae10-k.txt", "calculatedOtherExpenses": 822683000, "calculatedOperatingExpenses": 1332380000, "calculatedNetInterest": 996182000, "calculatedOtherIncome": -996182000, "calculatedIncomeNonControlling": 0, "calculatedEbitda": 274515000}, {"date": "2000-12-31", "symbol": "HBAN", "reportedCurrency": "USD", "cik": "0000049196", "fillingDate": "2001-03-08", "acceptedDate": "2001-03-08 00:00:00", "calendarYear": "2000", "period": "FY", "revenue": 1435991000, "costOfRevenue": 0, "grossProfit": 1435991000, "grossProfitRatio": 1, "researchAndDevelopmentExpenses": 0, "generalAndAdministrativeExpenses": 421750000, "sellingAndMarketingExpenses": 34884000, "sellingGeneralAndAdministrativeExpenses": 456634000, "otherExpenses": -1432730000, "operatingExpenses": -976096000, "costAndExpenses": -976096000, "interestIncome": 2108505000, "interestExpense": 1166073000, "depreciationAndAmortization": 110908000, "ebitda": 570803000, "ebitdaratio": 0.3974976166, "operatingIncome": 459895000, "operatingIncomeRatio": 0.3202631493, "totalOtherIncomeExpensesNet": 0, "incomeBeforeTax": 459895000, "incomeBeforeTaxRatio": 0.3202631493, "incomeTaxExpense": 131449000, "netIncome": 328446000, "netIncomeRatio": 0.2287242747, "eps": 1.3, "epsdiluted": 1.29, "weightedAverageShsOut": 252650769, "weightedAverageShsOutDil": 254609302, "link": "https://www.sec.gov/Archives/edgar/data/49196/000095015201500197/0000950152-01-500197-index.htm", "finalLink": "https://www.sec.gov/Archives/edgar/data/49196/000095015201500197/l86772ae10-k.txt", "calculatedOtherExpenses": 519462000, "calculatedOperatingExpenses": 976096000, "calculatedNetInterest": 942432000, "calculatedOtherIncome": -942432000, "calculatedIncomeNonControlling": 0, "calculatedEbitda": 570803000}, {"date": "1999-12-31", "symbol": "HBAN", "reportedCurrency": "USD", "cik": "0000049196", "fillingDate": "2000-02-22", "acceptedDate": "2000-02-22 00:00:00", "calendarYear": "1999", "period": "FY", "revenue": 1615400000, "costOfRevenue": 0, "grossProfit": 1615400000, "grossProfitRatio": 1, "researchAndDevelopmentExpenses": 0, "generalAndAdministrativeExpenses": 419900000, "sellingAndMarketingExpenses": 31100000, "sellingGeneralAndAdministrativeExpenses": 451000000, "otherExpenses": -1451600000, "operatingExpenses": -1000600000, "costAndExpenses": -1000600000, "interestIncome": 2026000000, "interestExpense": 984200000, "depreciationAndAmortization": 112500000, "ebitda": 727300000, "ebitdaratio": 0.4502290454, "operatingIncome": 614800000, "operatingIncomeRatio": 0.3805868516, "totalOtherIncomeExpensesNet": 0, "incomeBeforeTax": 614800000, "incomeBeforeTaxRatio": 0.3805868516, "incomeTaxExpense": 192700000, "netIncome": 422100000, "netIncomeRatio": 0.2612975115, "eps": 1.63, "epsdiluted": 1.62, "weightedAverageShsOut": 258957055, "weightedAverageShsOutDil": 260555556, "link": "https://www.sec.gov/Archives/edgar/data/49196/000095015200001250/0000950152-00-001250-index.htm", "finalLink": "https://www.sec.gov/Archives/edgar/data/49196/000095015200001250/0000950152-00-001250.txt", "calculatedOtherExpenses": 549600000, "calculatedOperatingExpenses": 1000600000, "calculatedNetInterest": 1041800000, "calculatedOtherIncome": -1041800000, "calculatedIncomeNonControlling": 0, "calculatedEbitda": 727300000}, {"date": "1998-12-31", "symbol": "HBAN", "reportedCurrency": "USD", "cik": "0000049196", "fillingDate": "1999-02-19", "acceptedDate": "1999-02-19 00:00:00", "calendarYear": "1998", "period": "FY", "revenue": 1459300000, "costOfRevenue": 0, "grossProfit": 1459300000, "grossProfitRatio": 1, "researchAndDevelopmentExpenses": 0, "generalAndAdministrativeExpenses": 428600000, "sellingAndMarketingExpenses": 32300000, "sellingGeneralAndAdministrativeExpenses": 460900000, "otherExpenses": -1480000000, "operatingExpenses": -1019100000, "costAndExpenses": -1019100000, "interestIncome": 1999400000, "interestExpense": 978300000, "depreciationAndAmortization": 81000000, "ebitda": 521200000, "ebitdaratio": 0.3571575413, "operatingIncome": 440200000, "operatingIncomeRatio": 0.3016514767, "totalOtherIncomeExpensesNet": 0, "incomeBeforeTax": 440200000, "incomeBeforeTaxRatio": 0.3016514767, "incomeTaxExpense": 138400000, "netIncome": 301800000, "netIncomeRatio": 0.206811485, "eps": 1.18, "epsdiluted": 1.17, "weightedAverageShsOut": 255825970, "weightedAverageShsOutDil": 258279600, "link": "https://www.sec.gov/Archives/edgar/data/49196/000095015299001257/0000950152-99-001257-index.htm", "finalLink": "https://www.sec.gov/Archives/edgar/data/49196/000095015299001257/", "calculatedOtherExpenses": 558200000, "calculatedOperatingExpenses": 1019100000, "calculatedNetInterest": 1021100000, "calculatedOtherIncome": -1021100000, "calculatedIncomeNonControlling": 0, "calculatedEbitda": 521200000}, {"date": "1997-12-31", "symbol": "HBAN", "reportedCurrency": "USD", "cik": "0000049196", "fillingDate": "1998-02-20", "acceptedDate": "1998-02-20 00:00:00", "calendarYear": "1997", "period": "FY", "revenue": 1370000000, "costOfRevenue": 0, "grossProfit": 1370000000, "grossProfitRatio": 1, "researchAndDevelopmentExpenses": 0, "generalAndAdministrativeExpenses": 388800000, "sellingAndMarketingExpenses": 24700000, "sellingGeneralAndAdministrativeExpenses": 413500000, "otherExpenses": -1324300000, "operatingExpenses": -910800000, "costAndExpenses": -910800000, "interestIncome": 1981500000, "interestExpense": 954300000, "depreciationAndAmortization": 63400000, "ebitda": 522600000, "ebitdaratio": 0.381459854, "operatingIncome": 459200000, "operatingIncomeRatio": 0.3351824818, "totalOtherIncomeExpensesNet": 0, "incomeBeforeTax": 459200000, "incomeBeforeTaxRatio": 0.3351824818, "incomeTaxExpense": 166500000, "netIncome": 292700000, "netIncomeRatio": 0.213649635, "eps": 1.27, "epsdiluted": 1.25, "weightedAverageShsOut": 230472441, "weightedAverageShsOutDil": 234160000, "link": "https://www.sec.gov/Archives/edgar/data/49196/000095015298001354/0000950152-98-001354-index.htm", "finalLink": "https://www.sec.gov/Archives/edgar/data/49196/000095015298001354/", "calculatedOtherExpenses": 497300000, "calculatedOperatingExpenses": 910800000, "calculatedNetInterest": 1027200000, "calculatedOtherIncome": -1027200000, "calculatedIncomeNonControlling": 0, "calculatedEbitda": 522600000}, {"date": "1996-12-31", "symbol": "HBAN", "reportedCurrency": "USD", "cik": "0000049196", "fillingDate": "1997-02-20", "acceptedDate": "1997-02-20 00:00:00", "calendarYear": "1996", "period": "FY", "revenue": 1031800000, "costOfRevenue": 0, "grossProfit": 1031800000, "grossProfitRatio": 1, "researchAndDevelopmentExpenses": 0, "generalAndAdministrativeExpenses": 0, "sellingAndMarketingExpenses": 0, "sellingGeneralAndAdministrativeExpenses": 0, "otherExpenses": -633000000, "operatingExpenses": -633000000, "costAndExpenses": -633000000, "interestIncome": 1510500000, "interestExpense": 751700000, "depreciationAndAmortization": 85600000, "ebitda": 484400000, "ebitdaratio": 0.4694708277, "operatingIncome": 398800000, "operatingIncomeRatio": 0.3865090134, "totalOtherIncomeExpensesNet": 0, "incomeBeforeTax": 398800000, "incomeBeforeTaxRatio": 0.3865090134, "incomeTaxExpense": 136700000, "netIncome": 262100000, "netIncomeRatio": 0.2540220973, "eps": 1.31, "epsdiluted": 1.29, "weightedAverageShsOut": 232290076, "weightedAverageShsOutDil": 235891473, "link": "https://www.sec.gov/Archives/edgar/data/49196/000095015297001211/0000950152-97-001211-index.htm", "finalLink": "https://www.sec.gov/Archives/edgar/data/49196/000095015297001211/", "calculatedOtherExpenses": 633000000, "calculatedOperatingExpenses": 633000000, "calculatedNetInterest": 758800000, "calculatedOtherIncome": -758800000, "calculatedIncomeNonControlling": 0, "calculatedEbitda": 484400000}, {"date": "1995-12-31", "symbol": "HBAN", "reportedCurrency": "USD", "cik": "0000049196", "fillingDate": "1996-02-22", "acceptedDate": "1996-02-22 00:00:00", "calendarYear": "1995", "period": "FY", "revenue": 973000000, "costOfRevenue": 0, "grossProfit": 973000000, "grossProfitRatio": 1, "researchAndDevelopmentExpenses": 0, "generalAndAdministrativeExpenses": 0, "sellingAndMarketingExpenses": 0, "sellingGeneralAndAdministrativeExpenses": 0, "otherExpenses": -594500000, "operatingExpenses": -594500000, "costAndExpenses": -594500000, "interestIncome": 1461900000, "interestExpense": 737300000, "depreciationAndAmortization": 68800000, "ebitda": 447300000, "ebitdaratio": 0.4597122302, "operatingIncome": 378500000, "operatingIncomeRatio": 0.3890030832, "totalOtherIncomeExpensesNet": 0, "incomeBeforeTax": 378500000, "incomeBeforeTaxRatio": 0.3890030832, "incomeTaxExpense": 134000000, "netIncome": 244500000, "netIncomeRatio": 0.2512846865, "eps": 1.11, "epsdiluted": 1.11, "weightedAverageShsOut": 221770839, "weightedAverageShsOutDil": 226344474, "link": "https://www.sec.gov/Archives/edgar/data/49196/000095015296000605/0000950152-96-000605-index.htm", "finalLink": "https://www.sec.gov/Archives/edgar/data/49196/0000950152-96-000605.txt", "calculatedOtherExpenses": 594500000, "calculatedOperatingExpenses": 594500000, "calculatedNetInterest": 724600000, "calculatedOtherIncome": -724600000, "calculatedIncomeNonControlling": 0, "calculatedEbitda": 447300000}, {"date": "1994-12-31", "symbol": "HBAN", "reportedCurrency": "USD", "cik": "0000049196", "fillingDate": "1995-03-01", "acceptedDate": "1995-03-01 00:00:00", "calendarYear": "1994", "period": "FY", "revenue": 991500000, "costOfRevenue": 0, "grossProfit": 991500000, "grossProfitRatio": 1, "researchAndDevelopmentExpenses": 0, "generalAndAdministrativeExpenses": 0, "sellingAndMarketingExpenses": 0, "sellingGeneralAndAdministrativeExpenses": 0, "otherExpenses": -625000000, "operatingExpenses": -625000000, "costAndExpenses": -625000000, "interestIncome": 1219800000, "interestExpense": 463700000, "depreciationAndAmortization": 84200000, "ebitda": 450700000, "ebitdaratio": 0.4545637922, "operatingIncome": 366500000, "operatingIncomeRatio": 0.3696419566, "totalOtherIncomeExpensesNet": 0, "incomeBeforeTax": 366500000, "incomeBeforeTaxRatio": 0.3696419566, "incomeTaxExpense": 123900000, "netIncome": 242600000, "netIncomeRatio": 0.2446797781, "eps": 1.11, "epsdiluted": 1.11, "weightedAverageShsOut": 219367180, "weightedAverageShsOutDil": 220137803, "link": "https://www.sec.gov/Archives/edgar/data/49196/000095015295000257/0000950152-95-000257-index.htm", "finalLink": "https://www.sec.gov/Archives/edgar/data/49196/000095015295000257/", "calculatedOtherExpenses": 625000000, "calculatedOperatingExpenses": 625000000, "calculatedNetInterest": 756100000, "calculatedOtherIncome": -756100000, "calculatedIncomeNonControlling": 0, "calculatedEbitda": 450700000}, {"date": "1993-12-31", "symbol": "HBAN", "reportedCurrency": "USD", "cik": "0000049196", "fillingDate": "1993-12-31", "acceptedDate": "1993-12-30 19:00:00", "calendarYear": "1993", "period": "FY", "revenue": 1102000000, "costOfRevenue": 0, "grossProfit": 1102000000, "grossProfitRatio": 1, "researchAndDevelopmentExpenses": 0, "generalAndAdministrativeExpenses": 0, "sellingAndMarketingExpenses": 0, "sellingGeneralAndAdministrativeExpenses": 0, "otherExpenses": -738200000, "operatingExpenses": -738200000, "costAndExpenses": -738200000, "interestIncome": 1090800000, "interestExpense": 440000000, "depreciationAndAmortization": 127500000, "ebitda": 491300000, "ebitdaratio": 0.4458257713, "operatingIncome": 363800000, "operatingIncomeRatio": 0.3301270417, "totalOtherIncomeExpensesNet": 0, "incomeBeforeTax": 363800000, "incomeBeforeTaxRatio": 0.3301270417, "incomeTaxExpense": 126900000, "netIncome": 236900000, "netIncomeRatio": 0.2149727768, "eps": 1.04, "epsdiluted": 1.02, "weightedAverageShsOut": 228610580, "weightedAverageShsOutDil": 232692912, "link": null, "finalLink": null, "calculatedOtherExpenses": 738200000, "calculatedOperatingExpenses": 738200000, "calculatedNetInterest": 650800000, "calculatedOtherIncome": -650800000, "calculatedIncomeNonControlling": 0, "calculatedEbitda": 491300000}, {"date": "1992-12-31", "symbol": "HBAN", "reportedCurrency": "USD", "cik": "0000049196", "fillingDate": "1992-12-31", "acceptedDate": "1992-12-30 19:00:00", "calendarYear": "1992", "period": "FY", "revenue": 846400000, "costOfRevenue": 0, "grossProfit": 846400000, "grossProfitRatio": 1, "researchAndDevelopmentExpenses": 0, "generalAndAdministrativeExpenses": 240200000, "sellingAndMarketingExpenses": 12200000, "sellingGeneralAndAdministrativeExpenses": 252400000, "otherExpenses": -898400000, "operatingExpenses": -646000000, "costAndExpenses": -646000000, "interestIncome": 1022800000, "interestExpense": 412600000, "depreciationAndAmortization": 69100000, "ebitda": 269500000, "ebitdaratio": 0.3184073724, "operatingIncome": 200400000, "operatingIncomeRatio": 0.2367674858, "totalOtherIncomeExpensesNet": 0, "incomeBeforeTax": 200400000, "incomeBeforeTaxRatio": 0.2367674858, "incomeTaxExpense": 61400000, "netIncome": 139000000, "netIncomeRatio": 0.1642249527, "eps": 0.73, "epsdiluted": 0.72, "weightedAverageShsOut": 191144114, "weightedAverageShsOutDil": 193563660, "link": null, "finalLink": null, "calculatedOtherExpenses": 393600000, "calculatedOperatingExpenses": 646000000, "calculatedNetInterest": 610200000, "calculatedOtherIncome": -610200000, "calculatedIncomeNonControlling": 0, "calculatedEbitda": 269500000}, {"date": "1991-12-31", "symbol": "HBAN", "reportedCurrency": "USD", "cik": "0000049196", "fillingDate": "1991-12-31", "acceptedDate": "1991-12-30 19:00:00", "calendarYear": "1991", "period": "FY", "revenue": 661200000, "costOfRevenue": 0, "grossProfit": 661200000, "grossProfitRatio": 1, "researchAndDevelopmentExpenses": 0, "generalAndAdministrativeExpenses": 201000000, "sellingAndMarketingExpenses": 9200000, "sellingGeneralAndAdministrativeExpenses": 210200000, "otherExpenses": -705000000, "operatingExpenses": -494800000, "costAndExpenses": -494800000, "interestIncome": 1035700000, "interestExpense": 558200000, "depreciationAndAmortization": 39700000, "ebitda": 206100000, "ebitdaratio": 0.3117059891, "operatingIncome": 166400000, "operatingIncomeRatio": 0.2516636419, "totalOtherIncomeExpensesNet": 0, "incomeBeforeTax": 166400000, "incomeBeforeTaxRatio": 0.2516636419, "incomeTaxExpense": 49400000, "netIncome": 117000000, "netIncomeRatio": 0.1769509982, "eps": 0.65, "epsdiluted": 0.65, "weightedAverageShsOut": 181285734, "weightedAverageShsOutDil": 181285734, "link": null, "finalLink": null, "calculatedOtherExpenses": 284600000, "calculatedOperatingExpenses": 494800000, "calculatedNetInterest": 477500000, "calculatedOtherIncome": -477500000, "calculatedIncomeNonControlling": 0, "calculatedEbitda": 206100000}, {"date": "1990-12-31", "symbol": "HBAN", "reportedCurrency": "USD", "cik": "0000049196", "fillingDate": "1990-12-31", "acceptedDate": "1990-12-30 19:00:00", "calendarYear": "1990", "period": "FY", "revenue": 577500000, "costOfRevenue": 0, "grossProfit": 577500000, "grossProfitRatio": 1, "researchAndDevelopmentExpenses": 0, "generalAndAdministrativeExpenses": 182700000, "sellingAndMarketingExpenses": 20200000, "sellingGeneralAndAdministrativeExpenses": 202900000, "otherExpenses": -665600000, "operatingExpenses": -462700000, "costAndExpenses": -462700000, "interestIncome": 1102300000, "interestExpense": 678400000, "depreciationAndAmortization": 35700000, "ebitda": 150500000, "ebitdaratio": 0.2606060606, "operatingIncome": 114800000, "operatingIncomeRatio": 0.1987878788, "totalOtherIncomeExpensesNet": 0, "incomeBeforeTax": 114800000, "incomeBeforeTaxRatio": 0.1987878788, "incomeTaxExpense": 29600000, "netIncome": 85200000, "netIncomeRatio": 0.1475324675, "eps": 0.62, "epsdiluted": 0.62, "weightedAverageShsOut": 137837313, "weightedAverageShsOutDil": 137837313, "link": null, "finalLink": null, "calculatedOtherExpenses": 259800000, "calculatedOperatingExpenses": 462700000, "calculatedNetInterest": 423900000, "calculatedOtherIncome": -423900000, "calculatedIncomeNonControlling": 0, "calculatedEbitda": 150500000}, {"date": "1989-12-31", "symbol": "HBAN", "reportedCurrency": "USD", "cik": "0000049196", "fillingDate": "1989-12-31", "acceptedDate": "1989-12-30 19:00:00", "calendarYear": "1989", "period": "FY", "revenue": 528500000, "costOfRevenue": 0, "grossProfit": 528500000, "grossProfitRatio": 1, "researchAndDevelopmentExpenses": 0, "generalAndAdministrativeExpenses": 163500000, "sellingAndMarketingExpenses": 25300000, "sellingGeneralAndAdministrativeExpenses": 188800000, "otherExpenses": -573700000, "operatingExpenses": -384900000, "costAndExpenses": -384900000, "interestIncome": 1020200000, "interestExpense": 631200000, "depreciationAndAmortization": 29700000, "ebitda": 173300000, "ebitdaratio": 0.3279091769, "operatingIncome": 143600000, "operatingIncomeRatio": 0.2717123936, "totalOtherIncomeExpensesNet": 0, "incomeBeforeTax": 143600000, "incomeBeforeTaxRatio": 0.2717123936, "incomeTaxExpense": 35600000, "netIncome": 108000000, "netIncomeRatio": 0.2043519395, "eps": 0.91, "epsdiluted": 0.91, "weightedAverageShsOut": 118811881, "weightedAverageShsOutDil": 118811881, "link": null, "finalLink": null, "calculatedOtherExpenses": 196100000, "calculatedOperatingExpenses": 384900000, "calculatedNetInterest": 389000000, "calculatedOtherIncome": -389000000, "calculatedIncomeNonControlling": 0, "calculatedEbitda": 173300000}, {"date": "1988-12-31", "symbol": "HBAN", "reportedCurrency": "USD", "cik": "0000049196", "fillingDate": "1988-12-31", "acceptedDate": "1988-12-30 19:00:00", "calendarYear": "1988", "period": "FY", "revenue": 0, "costOfRevenue": 0, "grossProfit": 0, "grossProfitRatio": 0, "researchAndDevelopmentExpenses": 0, "generalAndAdministrativeExpenses": 0, "sellingAndMarketingExpenses": 0, "sellingGeneralAndAdministrativeExpenses": 0, "otherExpenses": 87600000, "operatingExpenses": 87600000, "costAndExpenses": 87600000, "interestIncome": 0, "interestExpense": 0, "depreciationAndAmortization": 0, "ebitda": 87600000, "ebitdaratio": 0, "operatingIncome": 87600000, "operatingIncomeRatio": 0, "totalOtherIncomeExpensesNet": 0, "incomeBeforeTax": 0, "incomeBeforeTaxRatio": 0, "incomeTaxExpense": -87600000, "netIncome": 87600000, "netIncomeRatio": 0, "eps": 0.6, "epsdiluted": 0.59, "weightedAverageShsOut": 146014601, "weightedAverageShsOutDil": 148260980, "link": "", "finalLink": "", "calculatedOtherExpenses": -87600000, "calculatedOperatingExpenses": -87600000, "calculatedNetInterest": 0, "calculatedOtherIncome": -87600000, "calculatedIncomeNonControlling": 0, "calculatedEbitda": 87600000}, {"date": "1987-12-31", "symbol": "HBAN", "reportedCurrency": "USD", "cik": "0000049196", "fillingDate": "1987-12-31", "acceptedDate": "1987-12-30 19:00:00", "calendarYear": "1987", "period": "FY", "revenue": 0, "costOfRevenue": 0, "grossProfit": 0, "grossProfitRatio": 0, "researchAndDevelopmentExpenses": 0, "generalAndAdministrativeExpenses": 0, "sellingAndMarketingExpenses": 0, "sellingGeneralAndAdministrativeExpenses": 0, "otherExpenses": 47800000, "operatingExpenses": 47800000, "costAndExpenses": 47800000, "interestIncome": 0, "interestExpense": 0, "depreciationAndAmortization": 0, "ebitda": 47800000, "ebitdaratio": 0, "operatingIncome": 47800000, "operatingIncomeRatio": 0, "totalOtherIncomeExpensesNet": 0, "incomeBeforeTax": 0, "incomeBeforeTaxRatio": 0, "incomeTaxExpense": -47800000, "netIncome": 47800000, "netIncomeRatio": 0, "eps": 0.32, "epsdiluted": 0.32, "weightedAverageShsOut": 150243596, "weightedAverageShsOutDil": 150243596, "link": "", "finalLink": "", "calculatedOtherExpenses": -47800000, "calculatedOperatingExpenses": -47800000, "calculatedNetInterest": 0, "calculatedOtherIncome": -47800000, "calculatedIncomeNonControlling": 0, "calculatedEbitda": 47800000}, {"date": "1986-12-31", "symbol": "HBAN", "reportedCurrency": "USD", "cik": "0000049196", "fillingDate": "1986-12-31", "acceptedDate": "1986-12-30 19:00:00", "calendarYear": "1986", "period": "FY", "revenue": 0, "costOfRevenue": 0, "grossProfit": 0, "grossProfitRatio": 0, "researchAndDevelopmentExpenses": 0, "generalAndAdministrativeExpenses": 0, "sellingAndMarketingExpenses": 0, "sellingGeneralAndAdministrativeExpenses": 0, "otherExpenses": 64700000, "operatingExpenses": 64700000, "costAndExpenses": 64700000, "interestIncome": 0, "interestExpense": 0, "depreciationAndAmortization": 0, "ebitda": 64700000, "ebitdaratio": 0, "operatingIncome": 64700000, "operatingIncomeRatio": 0, "totalOtherIncomeExpensesNet": 0, "incomeBeforeTax": 0, "incomeBeforeTaxRatio": 0, "incomeTaxExpense": -64700000, "netIncome": 64700000, "netIncomeRatio": 0, "eps": 0.51, "epsdiluted": 0.5, "weightedAverageShsOut": 126012601, "weightedAverageShsOutDil": 128346168, "link": "", "finalLink": "", "calculatedOtherExpenses": -64700000, "calculatedOperatingExpenses": -64700000, "calculatedNetInterest": 0, "calculatedOtherIncome": -64700000, "calculatedIncomeNonControlling": 0, "calculatedEbitda": 64700000}, {"date": "1985-12-31", "symbol": "HBAN", "reportedCurrency": "USD", "cik": "0000049196", "fillingDate": "1985-12-31", "acceptedDate": "1985-12-30 19:00:00", "calendarYear": "1985", "period": "FY", "revenue": 0, "costOfRevenue": 0, "grossProfit": 0, "grossProfitRatio": 0, "researchAndDevelopmentExpenses": 0, "generalAndAdministrativeExpenses": 0, "sellingAndMarketingExpenses": 0, "sellingGeneralAndAdministrativeExpenses": 0, "otherExpenses": 52500000, "operatingExpenses": 52500000, "costAndExpenses": 52500000, "interestIncome": 0, "interestExpense": 0, "depreciationAndAmortization": 0, "ebitda": 52500000, "ebitdaratio": 0, "operatingIncome": 52500000, "operatingIncomeRatio": 0, "totalOtherIncomeExpensesNet": 0, "incomeBeforeTax": 0, "incomeBeforeTaxRatio": 0, "incomeTaxExpense": -52500000, "netIncome": 52500000, "netIncomeRatio": 0, "eps": 0.49, "epsdiluted": 0.48, "weightedAverageShsOut": 107810781, "weightedAverageShsOutDil": 110011001, "link": "", "finalLink": "", "calculatedOtherExpenses": -52500000, "calculatedOperatingExpenses": -52500000, "calculatedNetInterest": 0, "calculatedOtherIncome": -52500000, "calculatedIncomeNonControlling": 0, "calculatedEbitda": 52500000}]}