{"originalCurrency": "USD", "convertedCurrency": "USD", "report": [{"date": "2023-12-31", "symbol": "HBM", "reportedCurrency": "USD", "cik": "0001322422", "fillingDate": "2023-12-31", "acceptedDate": "2023-12-29 19:00:00", "calendarYear": "2023", "period": "FY", "revenue": 1715137149, "costOfRevenue": 1363431436, "grossProfit": 351705713, "grossProfitRatio": 0.2050598188, "researchAndDevelopmentExpenses": 0, "generalAndAdministrativeExpenses": 0, "sellingAndMarketingExpenses": 0, "sellingGeneralAndAdministrativeExpenses": 42877155, "otherExpenses": 12770983, "operatingExpenses": 30106171, "costAndExpenses": 1393537604, "interestIncome": 8146000, "interestExpense": 76202000, "depreciationAndAmortization": 410406835, "ebitda": 732006378, "ebitdaratio": 0.4267917457, "operatingIncome": 321599543, "operatingIncomeRatio": 0.1875066045, "totalOtherIncomeExpensesNet": -166985161, "incomeBeforeTax": 154614382, "incomeBeforeTaxRatio": 0.0901469495, "incomeTaxExpense": 83796046, "netIncome": 66367000, "netIncomeRatio": 0.0386948647, "eps": 0.22, "epsdiluted": 0.22, "weightedAverageShsOut": 310845281, "weightedAverageShsOutDil": 310953110, "link": null, "finalLink": null, "calculatedOtherExpenses": -12770985, "calculatedOperatingExpenses": 30106170, "calculatedNetInterest": -68056000, "calculatedOtherIncome": -98929161, "calculatedIncomeNonControlling": 4451336, "calculatedEbitda": 732006378}, {"date": "2022-12-31", "symbol": "HBM", "reportedCurrency": "USD", "cik": "0001322422", "fillingDate": "2022-12-31", "acceptedDate": "2022-12-30 19:00:00", "calendarYear": "2022", "period": "FY", "revenue": 1461440000, "costOfRevenue": 1184552000, "grossProfit": 276888000, "grossProfitRatio": 0.189462448, "researchAndDevelopmentExpenses": 0, "generalAndAdministrativeExpenses": 0, "sellingAndMarketingExpenses": 0, "sellingGeneralAndAdministrativeExpenses": 33986000, "otherExpenses": 59020000, "operatingExpenses": 93006000, "costAndExpenses": 1277558000, "interestIncome": 2606000, "interestExpense": 67663000, "depreciationAndAmortization": 339063000, "ebitda": 467114000, "ebitdaratio": 0.3196258485, "operatingIncome": 128051000, "operatingIncomeRatio": 0.0876197449, "totalOtherIncomeExpensesNet": -32236000, "incomeBeforeTax": 95815000, "incomeBeforeTaxRatio": 0.0655620484, "incomeTaxExpense": 25433000, "netIncome": 70382000, "netIncomeRatio": 0.0481593497, "eps": 0.26, "epsdiluted": 0.26, "weightedAverageShsOut": 261858531, "weightedAverageShsOutDil": 262217528, "link": "", "finalLink": "", "calculatedOtherExpenses": 114851000, "calculatedOperatingExpenses": 148837000, "calculatedNetInterest": -65057000, "calculatedOtherIncome": 32821000, "calculatedIncomeNonControlling": 0, "calculatedEbitda": 467114000}, {"date": "2021-12-31", "symbol": "HBM", "reportedCurrency": "USD", "cik": "0001322422", "fillingDate": "2021-12-31", "acceptedDate": "2021-12-31 00:00:00", "calendarYear": "2021", "period": "FY", "revenue": 1501998000, "costOfRevenue": 1370979000, "grossProfit": 131019000, "grossProfitRatio": 0.0872298099, "researchAndDevelopmentExpenses": 0, "generalAndAdministrativeExpenses": 0, "sellingAndMarketingExpenses": 0, "sellingGeneralAndAdministrativeExpenses": 43011000, "otherExpenses": 52676000, "operatingExpenses": 95687000, "costAndExpenses": 1466666000, "interestIncome": 997000, "interestExpense": 74748000, "depreciationAndAmortization": 359767000, "ebitda": 296771000, "ebitdaratio": 0.1975841512, "operatingIncome": -62996000, "operatingIncomeRatio": -0.0419414673, "totalOtherIncomeExpensesNet": -139755000, "incomeBeforeTax": -202751000, "incomeBeforeTaxRatio": -0.1349875299, "incomeTaxExpense": 41607000, "netIncome": -244358000, "netIncomeRatio": -0.1626886321, "eps": -0.93, "epsdiluted": -0.93, "weightedAverageShsOut": 261462323, "weightedAverageShsOutDil": 261462323, "link": null, "finalLink": null, "calculatedOtherExpenses": 151004000, "calculatedOperatingExpenses": 194015000, "calculatedNetInterest": -73751000, "calculatedOtherIncome": -66004000, "calculatedIncomeNonControlling": 0, "calculatedEbitda": 296771000}, {"date": "2020-12-31", "symbol": "HBM", "reportedCurrency": "USD", "cik": "0001322422", "fillingDate": "2020-12-31", "acceptedDate": "2020-12-31 00:00:00", "calendarYear": "2020", "period": "FY", "revenue": 1092418000, "costOfRevenue": 1053418000, "grossProfit": 39000000, "grossProfitRatio": 0.0357006201, "researchAndDevelopmentExpenses": 0, "generalAndAdministrativeExpenses": 0, "sellingAndMarketingExpenses": 0, "sellingGeneralAndAdministrativeExpenses": 41408000, "otherExpenses": 25463000, "operatingExpenses": 66871000, "costAndExpenses": 1120289000, "interestIncome": 1812000, "interestExpense": 86255000, "depreciationAndAmortization": 363603000, "ebitda": 227423000, "ebitdaratio": 0.2081831314, "operatingIncome": -136180000, "operatingIncomeRatio": -0.1246592422, "totalOtherIncomeExpensesNet": -42909000, "incomeBeforeTax": -179089000, "incomeBeforeTaxRatio": -0.1639381629, "incomeTaxExpense": -34505000, "netIncome": -144584000, "netIncomeRatio": -0.1323522681, "eps": -0.55, "epsdiluted": -0.55, "weightedAverageShsOut": 261272151, "weightedAverageShsOutDil": 261272151, "link": null, "finalLink": null, "calculatedOtherExpenses": 133772000, "calculatedOperatingExpenses": 175180000, "calculatedNetInterest": -84443000, "calculatedOtherIncome": 41534000, "calculatedIncomeNonControlling": 0, "calculatedEbitda": 227423000}, {"date": "2019-12-31", "symbol": "HBM", "reportedCurrency": "USD", "cik": "0001322422", "fillingDate": "2019-12-31", "acceptedDate": "2019-12-31 00:00:00", "calendarYear": "2019", "period": "FY", "revenue": 1237439000, "costOfRevenue": 1085897000, "grossProfit": 151542000, "grossProfitRatio": 0.1224642184, "researchAndDevelopmentExpenses": 0, "generalAndAdministrativeExpenses": 36170000, "sellingAndMarketingExpenses": 0, "sellingGeneralAndAdministrativeExpenses": 36170000, "otherExpenses": 59109000, "operatingExpenses": 95279000, "costAndExpenses": 1181176000, "interestIncome": 8527000, "interestExpense": 72767000, "depreciationAndAmortization": 346634000, "ebitda": 329403000, "ebitdaratio": 0.2661973641, "operatingIncome": -17231000, "operatingIncomeRatio": -0.0139247268, "totalOtherIncomeExpensesNet": -435532000, "incomeBeforeTax": -452763000, "incomeBeforeTaxRatio": -0.3658871266, "incomeTaxExpense": -108953000, "netIncome": -343810000, "netIncomeRatio": -0.2778399582, "eps": -1.32, "epsdiluted": -1.32, "weightedAverageShsOut": 261272151, "weightedAverageShsOutDil": 261272151, "link": null, "finalLink": null, "calculatedOtherExpenses": 132603000, "calculatedOperatingExpenses": 168773000, "calculatedNetInterest": -64240000, "calculatedOtherIncome": -371292000, "calculatedIncomeNonControlling": 0, "calculatedEbitda": 329403000}, {"date": "2018-12-31", "symbol": "HBM", "reportedCurrency": "USD", "cik": "0001322422", "fillingDate": "2019-04-01", "acceptedDate": "2019-03-29 18:13:24", "calendarYear": "2018", "period": "FY", "revenue": 1472366000, "costOfRevenue": 1098626000, "grossProfit": 373740000, "grossProfitRatio": 0.2538363423, "researchAndDevelopmentExpenses": 0, "generalAndAdministrativeExpenses": 27243000, "sellingAndMarketingExpenses": 0, "sellingGeneralAndAdministrativeExpenses": 27243000, "otherExpenses": 49885000, "operatingExpenses": 77128000, "costAndExpenses": 1175754000, "interestIncome": 8450000, "interestExpense": 69295000, "depreciationAndAmortization": 333144000, "ebitda": 564925000, "ebitdaratio": 0.3836851707, "operatingIncome": 298856000, "operatingIncomeRatio": 0.2029767055, "totalOtherIncomeExpensesNet": 8351000, "incomeBeforeTax": 170837000, "incomeBeforeTaxRatio": 0.116028895, "incomeTaxExpense": 85421000, "netIncome": 85416000, "netIncomeRatio": 0.0580127495, "eps": 0.33, "epsdiluted": 0.33, "weightedAverageShsOut": 261271620, "weightedAverageShsOutDil": 261271621, "link": "https://www.sec.gov/Archives/edgar/data/1322422/000106299319001478/0001062993-19-001478-index.html", "finalLink": "https://www.sec.gov/Archives/edgar/data/1322422/000106299319001478/form40f.htm", "calculatedOtherExpenses": 47641000, "calculatedOperatingExpenses": 74884000, "calculatedNetInterest": -60845000, "calculatedOtherIncome": -67174000, "calculatedIncomeNonControlling": 0, "calculatedEbitda": 632000000}, {"date": "2017-12-31", "symbol": "HBM", "reportedCurrency": "USD", "cik": "0001322422", "fillingDate": "2018-03-30", "acceptedDate": "2018-03-29 20:49:45", "calendarYear": "2017", "period": "FY", "revenue": 1362553000, "costOfRevenue": 988608000, "grossProfit": 373945000, "grossProfitRatio": 0.2744443702, "researchAndDevelopmentExpenses": 0, "generalAndAdministrativeExpenses": 42283000, "sellingAndMarketingExpenses": 0, "sellingGeneralAndAdministrativeExpenses": 42283000, "otherExpenses": 31932000, "operatingExpenses": 74215000, "costAndExpenses": 1062823000, "interestIncome": 2849000, "interestExpense": 78829000, "depreciationAndAmortization": 293235000, "ebitda": 581256000, "ebitdaratio": 0.4265933142, "operatingIncome": 317308000, "operatingIncomeRatio": 0.2328775468, "totalOtherIncomeExpensesNet": -10464000, "incomeBeforeTax": 198728000, "incomeBeforeTaxRatio": 0.1458497394, "incomeTaxExpense": 34829000, "netIncome": 163899000, "netIncomeRatio": 0.1202881649, "eps": 0.57, "epsdiluted": 0.57, "weightedAverageShsOut": 243500696, "weightedAverageShsOutDil": 243500696, "link": "https://www.sec.gov/Archives/edgar/data/1322422/000106299318001423/0001062993-18-001423-index.html", "finalLink": "https://www.sec.gov/Archives/edgar/data/1322422/000106299318001423/form40f.htm", "calculatedOtherExpenses": 14354000, "calculatedOperatingExpenses": 56637000, "calculatedNetInterest": -75980000, "calculatedOtherIncome": -42600000, "calculatedIncomeNonControlling": 0, "calculatedEbitda": 610543000}, {"date": "2016-12-31", "symbol": "HBM", "reportedCurrency": "USD", "cik": "0001322422", "fillingDate": "2017-03-31", "acceptedDate": "2017-03-31 14:47:05", "calendarYear": "2016", "period": "FY", "revenue": 1128678000, "costOfRevenue": 905800000, "grossProfit": 222878000, "grossProfitRatio": 0.1974681884, "researchAndDevelopmentExpenses": 0, "generalAndAdministrativeExpenses": 0, "sellingAndMarketingExpenses": 0, "sellingGeneralAndAdministrativeExpenses": 37774000, "otherExpenses": 15328000, "operatingExpenses": 53102000, "costAndExpenses": 958902000, "interestIncome": 2792000, "interestExpense": 144366000, "depreciationAndAmortization": 299134000, "ebitda": 448997000, "ebitdaratio": 0.3978078779, "operatingIncome": 169776000, "operatingIncomeRatio": 0.1504202261, "totalOtherIncomeExpensesNet": 108000, "incomeBeforeTax": 5605000, "incomeBeforeTaxRatio": 0.0049659868, "incomeTaxExpense": 40798000, "netIncome": -35193000, "netIncomeRatio": -0.0311807265, "eps": -0.15, "epsdiluted": -0.15, "weightedAverageShsOut": 235807509, "weightedAverageShsOutDil": 235807509, "link": "https://www.sec.gov/Archives/edgar/data/1322422/000106299317001601/0001062993-17-001601-index.html", "finalLink": "https://www.sec.gov/Archives/edgar/data/1322422/000106299317001601/form40f.htm", "calculatedOtherExpenses": 15328000, "calculatedOperatingExpenses": 53102000, "calculatedNetInterest": -141574000, "calculatedOtherIncome": -22597000, "calculatedIncomeNonControlling": 0, "calculatedEbitda": 468910000}, {"date": "2015-12-31", "symbol": "HBM", "reportedCurrency": "USD", "cik": "0001322422", "fillingDate": "2016-03-31", "acceptedDate": "2016-03-31 06:28:22", "calendarYear": "2015", "period": "FY", "revenue": 886051000, "costOfRevenue": 767687000, "grossProfit": 118364000, "grossProfitRatio": 0.13358599, "researchAndDevelopmentExpenses": 0, "generalAndAdministrativeExpenses": 0, "sellingAndMarketingExpenses": 0, "sellingGeneralAndAdministrativeExpenses": 30937000, "otherExpenses": 19501000, "operatingExpenses": 50438000, "costAndExpenses": 818125000, "interestIncome": 2911000, "interestExpense": 63601000, "depreciationAndAmortization": 217617000, "ebitda": 275676000, "ebitdaratio": 0.3111288176, "operatingIncome": -328430000, "operatingIncomeRatio": -0.3706671512, "totalOtherIncomeExpensesNet": -393499000, "incomeBeforeTax": -399041000, "incomeBeforeTaxRatio": -0.4503589522, "incomeTaxExpense": -67613000, "netIncome": -331428000, "netIncomeRatio": -0.3740507036, "eps": -1.41, "epsdiluted": -1.41, "weightedAverageShsOut": 234675080, "weightedAverageShsOutDil": 234675080, "link": "https://www.sec.gov/Archives/edgar/data/1322422/000106299316008645/0001062993-16-008645-index.html", "finalLink": "https://www.sec.gov/Archives/edgar/data/1322422/000106299316008645/form40f.htm", "calculatedOtherExpenses": 415857000, "calculatedOperatingExpenses": 446794000, "calculatedNetInterest": -60690000, "calculatedOtherIncome": -9921000, "calculatedIncomeNonControlling": 0, "calculatedEbitda": -110813000}, {"date": "2014-12-31", "symbol": "HBM", "reportedCurrency": "USD", "cik": "0001322422", "fillingDate": "2015-03-31", "acceptedDate": "2015-03-30 20:00:00", "calendarYear": "2014", "period": "FY", "revenue": 482363075, "costOfRevenue": 428117947, "grossProfit": 54245128, "grossProfitRatio": 0.1124570502, "researchAndDevelopmentExpenses": 0, "generalAndAdministrativeExpenses": 0, "sellingAndMarketingExpenses": 0, "sellingGeneralAndAdministrativeExpenses": 39862688, "otherExpenses": 19214203, "operatingExpenses": 59076891, "costAndExpenses": 487194838, "interestIncome": 3885050, "interestExpense": 4055613, "depreciationAndAmortization": 80296504, "ebitda": 74186379, "ebitdaratio": 0.1537977984, "operatingIncome": -31137260.307014, "operatingIncomeRatio": -0.0645515005, "totalOtherIncomeExpensesNet": 20107506, "incomeBeforeTax": 9941767, "incomeBeforeTaxRatio": 0.020610548, "incomeTaxExpense": -51965783.987733, "netIncome": 61985080, "netIncomeRatio": 0.1285029538, "eps": 0.31, "epsdiluted": 0.31, "weightedAverageShsOut": 209023666, "weightedAverageShsOutDil": 209683580, "link": "", "finalLink": "", "calculatedOtherExpenses": 45519700.307014, "calculatedOperatingExpenses": 85382388.307014, "calculatedNetInterest": -170563, "calculatedOtherIncome": 41249590.307014, "calculatedIncomeNonControlling": -77529.01226700097, "calculatedEbitda": 49159243.692986}, {"date": "2013-12-31", "symbol": "HBM", "reportedCurrency": "USD", "cik": "0001322422", "fillingDate": "2014-03-31", "acceptedDate": "2014-03-30 20:00:00", "calendarYear": "2013", "period": "FY", "revenue": 485363975, "costOfRevenue": 410228500, "grossProfit": 75135475, "grossProfitRatio": 0.154802332, "researchAndDevelopmentExpenses": 0, "generalAndAdministrativeExpenses": 0, "sellingAndMarketingExpenses": 0, "sellingGeneralAndAdministrativeExpenses": 37525474, "otherExpenses": 27139194, "operatingExpenses": 64664669, "costAndExpenses": 474893169, "interestIncome": 10144913, "interestExpense": 9966471, "depreciationAndAmortization": 72794124, "ebitda": 88134526, "ebitdaratio": 0.181584401, "operatingIncome": -6461489.335725, "operatingIncomeRatio": -0.0133126677, "totalOtherIncomeExpensesNet": -57971205.048978, "incomeBeforeTax": -52597274.528771, "incomeBeforeTaxRatio": -0.1083666634, "incomeTaxExpense": 50031462, "netIncome": -95193328.136593, "netIncomeRatio": -0.1961277165, "eps": -0.55, "epsdiluted": -0.55, "weightedAverageShsOut": 171795205, "weightedAverageShsOutDil": 172048434, "link": "", "finalLink": "", "calculatedOtherExpenses": 44071490.335725, "calculatedOperatingExpenses": 81596964.335725, "calculatedNetInterest": 178442, "calculatedOtherIncome": -46314227.193045996, "calculatedIncomeNonControlling": -7435408.392177999, "calculatedEbitda": 66332634.664275}, {"date": "2012-12-31", "symbol": "HBM", "reportedCurrency": "USD", "cik": "0001322422", "fillingDate": "2013-03-28", "acceptedDate": "2013-03-28 16:50:45", "calendarYear": "2012", "period": "FY", "revenue": 706201059, "costOfRevenue": 507580189, "grossProfit": 198620869, "grossProfitRatio": 0.2812525799, "researchAndDevelopmentExpenses": 0, "generalAndAdministrativeExpenses": 0, "sellingAndMarketingExpenses": 0, "sellingGeneralAndAdministrativeExpenses": 39721359, "otherExpenses": 52983926, "operatingExpenses": 92705286, "costAndExpenses": 600285475, "interestIncome": 6249308, "interestExpense": 3051777, "depreciationAndAmortization": 77002100, "ebitda": 177283555, "ebitdaratio": 0.2510383603, "operatingIncome": 106038217, "operatingIncomeRatio": 0.150153014, "totalOtherIncomeExpensesNet": -44809665.973081, "incomeBeforeTax": 52420011, "incomeBeforeTaxRatio": 0.0742281688, "incomeTaxExpense": 73700029, "netIncome": -18603178.432496, "netIncomeRatio": -0.0263426091, "eps": -0.11, "epsdiluted": -0.11, "weightedAverageShsOut": 171960783, "weightedAverageShsOutDil": 171960783, "link": "https://www.sec.gov/Archives/edgar/data/1322422/000110465913025425/0001104659-13-025425-index.html", "finalLink": "https://www.sec.gov/Archives/edgar/data/1322422/000110465913025425/a13-8934_140f.htm", "calculatedOtherExpenses": 52861293, "calculatedOperatingExpenses": 92582652, "calculatedNetInterest": 3197531, "calculatedOtherIncome": -56815737, "calculatedIncomeNonControlling": -2676839.567504, "calculatedEbitda": 183040317}, {"date": "2011-12-31", "symbol": "HBM", "reportedCurrency": "USD", "cik": "0001322422", "fillingDate": "2012-04-02", "acceptedDate": "2012-04-01 20:00:00", "calendarYear": "2011", "period": "FY", "revenue": 872494613, "costOfRevenue": 575293829, "grossProfit": 297200783, "grossProfitRatio": 0.3406333736, "researchAndDevelopmentExpenses": 45957884, "generalAndAdministrativeExpenses": 0, "sellingAndMarketingExpenses": 0, "sellingGeneralAndAdministrativeExpenses": 37940254, "otherExpenses": 1.4901161193847656e-08, "operatingExpenses": 89707149, "costAndExpenses": 665000979, "interestIncome": 8589618, "interestExpense": 6469147, "depreciationAndAmortization": 102449559, "ebitda": 318532810, "ebitdaratio": 0.3650828397, "operatingIncome": 207493633, "operatingIncomeRatio": 0.2378165212, "totalOtherIncomeExpensesNet": -4888344.760039, "incomeBeforeTax": 204725759, "incomeBeforeTaxRatio": 0.2346441525, "incomeTaxExpense": 131076395, "netIncome": -150729676.787463, "netIncomeRatio": -0.1727571432, "eps": -0.9, "epsdiluted": -0.9, "weightedAverageShsOut": 167863427, "weightedAverageShsOutDil": 167863427, "link": "", "finalLink": "", "calculatedOtherExpenses": 5809012, "calculatedOperatingExpenses": 89707150, "calculatedNetInterest": 2120471, "calculatedOtherIncome": -4888345, "calculatedIncomeNonControlling": 224379040.787463, "calculatedEbitda": 309943192}, {"date": "2010-12-31", "symbol": "HBM", "reportedCurrency": "USD", "cik": "0001322422", "fillingDate": "2011-03-31", "acceptedDate": "2011-03-30 20:00:00", "calendarYear": "2010", "period": "FY", "revenue": 778693409, "costOfRevenue": 451033834, "grossProfit": 327659574, "grossProfitRatio": 0.4207812352, "researchAndDevelopmentExpenses": 0, "generalAndAdministrativeExpenses": 34637458, "sellingAndMarketingExpenses": 0, "sellingGeneralAndAdministrativeExpenses": 34637458, "otherExpenses": 116209406, "operatingExpenses": 150846864, "costAndExpenses": 601880699, "interestIncome": 6119020, "interestExpense": 964845, "depreciationAndAmortization": 103382458, "ebitda": 286314189, "ebitdaratio": 0.3676853899, "operatingIncome": 176812709, "operatingIncomeRatio": 0.227063319, "totalOtherIncomeExpensesNet": -23887178.051512, "incomeBeforeTax": 158079707, "incomeBeforeTaxRatio": 0.2030063506, "incomeTaxExpense": 88052911, "netIncome": 72973324, "netIncomeRatio": 0.0937125233, "eps": 0.16, "epsdiluted": 0.14, "weightedAverageShsOut": 150636835, "weightedAverageShsOutDil": 151336399, "link": "", "finalLink": "", "calculatedOtherExpenses": 116209407, "calculatedOperatingExpenses": 150846865, "calculatedNetInterest": 5154175, "calculatedOtherIncome": -23887177, "calculatedIncomeNonControlling": -2946528, "calculatedEbitda": 280195167}, {"date": "2009-12-31", "symbol": "HBM", "reportedCurrency": "USD", "cik": "0001322422", "fillingDate": "2009-12-31", "acceptedDate": "2009-12-30 19:00:00", "calendarYear": "2009", "period": "FY", "revenue": 688302931, "costOfRevenue": 483049374, "grossProfit": 205253557, "grossProfitRatio": 0.2982023582, "researchAndDevelopmentExpenses": 0, "generalAndAdministrativeExpenses": 46669850, "sellingAndMarketingExpenses": 0, "sellingGeneralAndAdministrativeExpenses": 46669850, "otherExpenses": 117439595, "operatingExpenses": 164109445, "costAndExpenses": 647158819, "interestIncome": 4531563, "interestExpense": 147072, "depreciationAndAmortization": 96199980, "ebitda": 141875656, "ebitdaratio": 0.2061238591, "operatingIncome": 41144112, "operatingIncomeRatio": 0.0597761689, "totalOtherIncomeExpensesNet": 90028650, "incomeBeforeTax": 135557253, "incomeBeforeTaxRatio": 0.1969441754, "incomeTaxExpense": 27820647, "netIncome": 107698405, "netIncomeRatio": 0.1564694848, "eps": 0.7, "epsdiluted": 0.7, "weightedAverageShsOut": 153460823, "weightedAverageShsOutDil": 154067282, "link": "", "finalLink": "", "calculatedOtherExpenses": 117439595, "calculatedOperatingExpenses": 164109445, "calculatedNetInterest": 4384491, "calculatedOtherIncome": 90028650, "calculatedIncomeNonControlling": 38201, "calculatedEbitda": 137344092}, {"date": "2008-12-31", "symbol": "HBM", "reportedCurrency": "USD", "cik": "0001322422", "fillingDate": "2008-12-31", "acceptedDate": "2008-12-30 19:00:00", "calendarYear": "2008", "period": "FY", "revenue": 806815119, "costOfRevenue": 563365653, "grossProfit": 243449465, "grossProfitRatio": 0.3017413285, "researchAndDevelopmentExpenses": 0, "generalAndAdministrativeExpenses": 0, "sellingAndMarketingExpenses": 0, "sellingGeneralAndAdministrativeExpenses": 34946589, "otherExpenses": 40915365, "operatingExpenses": 75861955, "costAndExpenses": 639227608, "interestIncome": 0, "interestExpense": 0, "depreciationAndAmortization": 72551355, "ebitda": 233993426, "ebitdaratio": 0.2900211224, "operatingIncome": 167587510, "operatingIncomeRatio": 0.2077148857, "totalOtherIncomeExpensesNet": 2928512, "incomeBeforeTax": 139400986, "incomeBeforeTaxRatio": 0.1727793428, "incomeTaxExpense": 79127362, "netIncome": 60273623, "netIncomeRatio": 0.07470562, "eps": 0.44, "epsdiluted": 0.44, "weightedAverageShsOut": 135902627, "weightedAverageShsOutDil": 136713080, "link": "", "finalLink": "", "calculatedOtherExpenses": 40915366, "calculatedOperatingExpenses": 75861955, "calculatedNetInterest": 0, "calculatedOtherIncome": -28186524, "calculatedIncomeNonControlling": 1, "calculatedEbitda": 240138865}, {"date": "2007-12-31", "symbol": "HBM", "reportedCurrency": "USD", "cik": "0001322422", "fillingDate": "2007-12-31", "acceptedDate": "2007-12-30 19:00:00", "calendarYear": "2007", "period": "FY", "revenue": 1282279107, "costOfRevenue": 737905685, "grossProfit": 544373422, "grossProfitRatio": 0.4245358277, "researchAndDevelopmentExpenses": 0, "generalAndAdministrativeExpenses": 0, "sellingAndMarketingExpenses": 0, "sellingGeneralAndAdministrativeExpenses": 30462486, "otherExpenses": 121737857, "operatingExpenses": 152200343, "costAndExpenses": 890106028, "interestIncome": 0, "interestExpense": 0, "depreciationAndAmortization": 95624558, "ebitda": 531431889, "ebitdaratio": 0.4144432256, "operatingIncome": 392173078, "operatingIncomeRatio": 0.3058406525, "totalOtherIncomeExpensesNet": -43634252.246794, "incomeBeforeTax": 369035645, "incomeBeforeTaxRatio": 0.2877966612, "incomeTaxExpense": 139671816, "netIncome": 229363829, "netIncomeRatio": 0.1788720005, "eps": 1.81, "epsdiluted": 1.79, "weightedAverageShsOut": 126847106, "weightedAverageShsOutDil": 128507554, "link": "", "finalLink": "", "calculatedOtherExpenses": 121737858, "calculatedOperatingExpenses": 152200344, "calculatedNetInterest": 0, "calculatedOtherIncome": -23137433, "calculatedIncomeNonControlling": 0, "calculatedEbitda": 487797636}, {"date": "2006-12-31", "symbol": "HBM", "reportedCurrency": "USD", "cik": "0001322422", "fillingDate": "2006-12-31", "acceptedDate": "2006-12-30 19:00:00", "calendarYear": "2006", "period": "FY", "revenue": 968602436, "costOfRevenue": 513085964, "grossProfit": 455516472, "grossProfitRatio": 0.470282187, "researchAndDevelopmentExpenses": 0, "generalAndAdministrativeExpenses": 0, "sellingAndMarketingExpenses": 0, "sellingGeneralAndAdministrativeExpenses": 22269217, "otherExpenses": 48466884, "operatingExpenses": 70736101, "costAndExpenses": 583822065, "interestIncome": 0, "interestExpense": 0, "depreciationAndAmortization": 62232326, "ebitda": 428762868, "ebitdaratio": 0.442661357, "operatingIncome": 384780370, "operatingIncomeRatio": 0.3972531517, "totalOtherIncomeExpensesNet": 18249828, "incomeBeforeTax": 379590768, "incomeBeforeTaxRatio": 0.3918953271, "incomeTaxExpense": -104272477.693892, "netIncome": 483863246, "netIncomeRatio": 0.4995478311, "eps": 4.56, "epsdiluted": 4.02, "weightedAverageShsOut": 105979721, "weightedAverageShsOutDil": 120334201, "link": "", "finalLink": "", "calculatedOtherExpenses": 48466885, "calculatedOperatingExpenses": 70736102, "calculatedNetInterest": 0, "calculatedOtherIncome": -5189602, "calculatedIncomeNonControlling": -0.3061079978942871, "calculatedEbitda": 447012696}, {"date": "2005-12-31", "symbol": "HBM", "reportedCurrency": "USD", "cik": "0001322422", "fillingDate": "2006-03-22", "acceptedDate": "2006-03-21 19:00:00", "calendarYear": "2005", "period": "FY", "revenue": 561415532, "costOfRevenue": 413740313, "grossProfit": 147675219, "grossProfitRatio": 0.263040851, "researchAndDevelopmentExpenses": 0, "generalAndAdministrativeExpenses": 0, "sellingAndMarketingExpenses": 0, "sellingGeneralAndAdministrativeExpenses": 16893404, "otherExpenses": 57450490, "operatingExpenses": 74343895, "costAndExpenses": 488084208, "interestIncome": 0, "interestExpense": 0, "depreciationAndAmortization": 47737213, "ebitda": 114874289, "ebitdaratio": 0.204615446, "operatingIncome": 73331324, "operatingIncomeRatio": 0.1306186237, "totalOtherIncomeExpensesNet": 6194248, "incomeBeforeTax": 64076115, "incomeBeforeTaxRatio": 0.1141331354, "incomeTaxExpense": -9299121.749613, "netIncome": 73375236, "netIncomeRatio": 0.1306968412, "eps": 0.9, "epsdiluted": 0.87, "weightedAverageShsOut": 82008190, "weightedAverageShsOutDil": 84767082, "link": "https://www.sec.gov/Archives/edgar/data/1322422/000104746906003814/a2168606zex-99_2.htm", "finalLink": "https://www.sec.gov/Archives/edgar/data/1322422/000104746906003814/a2168606zex-99_2.htm", "calculatedOtherExpenses": 57450491, "calculatedOperatingExpenses": 74343895, "calculatedNetInterest": 0, "calculatedOtherIncome": -9255209, "calculatedIncomeNonControlling": 0.7496130019426346, "calculatedEbitda": 121068537}, {"date": "2004-12-31", "symbol": "HBM", "reportedCurrency": "USD", "cik": "0001322422", "fillingDate": "2004-12-31", "acceptedDate": "2004-12-30 19:00:00", "calendarYear": "2004", "period": "FY", "revenue": 11086063, "costOfRevenue": 11713277, "grossProfit": -627214.8002729993, "grossProfitRatio": -0.056576874, "researchAndDevelopmentExpenses": 0, "generalAndAdministrativeExpenses": 0, "sellingAndMarketingExpenses": 0, "sellingGeneralAndAdministrativeExpenses": 4379689, "otherExpenses": 2642787, "operatingExpenses": 7022476, "costAndExpenses": 18735754, "interestIncome": 0, "interestExpense": 0, "depreciationAndAmortization": 1200359, "ebitda": -6750461.676677, "ebitdaratio": -0.6089142343, "operatingIncome": -7649691.383699, "operatingIncomeRatio": -0.6900277632, "totalOtherIncomeExpensesNet": 301129, "incomeBeforeTax": -8645415.675379, "incomeBeforeTaxRatio": -0.7798454266, "incomeTaxExpense": -393464.987439, "netIncome": -8251950.68794, "netIncomeRatio": -0.7443535679, "eps": -0.93, "epsdiluted": -0.93, "weightedAverageShsOut": 8894235, "weightedAverageShsOutDil": 8894235, "link": "", "finalLink": "", "calculatedOtherExpenses": 2642787.5834260006, "calculatedOperatingExpenses": 7022476.583426001, "calculatedNetInterest": 0, "calculatedOtherIncome": -995724.2916800007, "calculatedIncomeNonControlling": -9.313225746154785e-10, "calculatedEbitda": -6449332.383699}, {"date": "2003-12-31", "symbol": "HBM", "reportedCurrency": "USD", "cik": "0001322422", "fillingDate": "2003-12-31", "acceptedDate": "2003-12-30 19:00:00", "calendarYear": "2003", "period": "FY", "revenue": 5835.267626, "costOfRevenue": 0, "grossProfit": 5835.267626, "grossProfitRatio": 1, "researchAndDevelopmentExpenses": 0, "generalAndAdministrativeExpenses": 0, "sellingAndMarketingExpenses": 0, "sellingGeneralAndAdministrativeExpenses": 4128250, "otherExpenses": 4212.774816999678, "operatingExpenses": 4132462, "costAndExpenses": 4132462, "interestIncome": 0, "interestExpense": 0, "depreciationAndAmortization": 4212.774817, "ebitda": -4281883.448877, "ebitdaratio": -733.7938417423, "operatingIncome": -4126627.69805, "operatingIncomeRatio": -707.187392685, "totalOtherIncomeExpensesNet": 159468, "incomeBeforeTax": -3967159.1724059996, "incomeBeforeTaxRatio": -679.8589930528, "incomeTaxExpense": -159468.5256450004, "netIncome": -3967159.172405, "netIncomeRatio": -679.8589930526, "eps": -1.05, "epsdiluted": -0.91, "weightedAverageShsOut": 3769526, "weightedAverageShsOutDil": 4372545, "link": "", "finalLink": "", "calculatedOtherExpenses": 4212.965675999876, "calculatedOperatingExpenses": 4132462.965676, "calculatedNetInterest": 0, "calculatedOtherIncome": 159468.52564400015, "calculatedIncomeNonControlling": 159468.52564400062, "calculatedEbitda": -4122414.9232329996}, {"date": "2002-12-31", "symbol": "HBM", "reportedCurrency": "USD", "cik": "0001322422", "fillingDate": "2002-12-31", "acceptedDate": "2002-12-30 19:00:00", "calendarYear": "2002", "period": "FY", "revenue": 1393.626414, "costOfRevenue": 0, "grossProfit": 1393.626414, "grossProfitRatio": 1, "researchAndDevelopmentExpenses": 0, "generalAndAdministrativeExpenses": 0, "sellingAndMarketingExpenses": 0, "sellingGeneralAndAdministrativeExpenses": 401762, "otherExpenses": 1021.3998520000023, "operatingExpenses": 402783, "costAndExpenses": 402783, "interestIncome": 0, "interestExpense": 0, "depreciationAndAmortization": 1021.399851, "ebitda": -258088.305353, "ebitdaratio": -185.1918869794, "operatingIncome": -401389.815221, "operatingIncomeRatio": -288.0182315639, "totalOtherIncomeExpensesNet": -142280.110016, "incomeBeforeTax": -543669.925237, "incomeBeforeTaxRatio": -390.1116682171, "incomeTaxExpense": 201044, "netIncome": -602434.082233, "netIncomeRatio": -432.2780310283, "eps": -0.2, "epsdiluted": -0.2, "weightedAverageShsOut": 2955666, "weightedAverageShsOutDil": 2955666, "link": "", "finalLink": "", "calculatedOtherExpenses": 1021.4416349999956, "calculatedOperatingExpenses": 402783.441635, "calculatedNetInterest": 0, "calculatedOtherIncome": -142280.110016, "calculatedIncomeNonControlling": -142279.84300400002, "calculatedEbitda": -400368.41537}, {"date": "2001-12-31", "symbol": "HBM", "reportedCurrency": "USD", "cik": "0001322422", "fillingDate": "2001-12-31", "acceptedDate": "2001-12-30 19:00:00", "calendarYear": "2001", "period": "FY", "revenue": 613.701177, "costOfRevenue": 0, "grossProfit": 613.701177, "grossProfitRatio": 1, "researchAndDevelopmentExpenses": 0, "generalAndAdministrativeExpenses": 0, "sellingAndMarketingExpenses": 0, "sellingGeneralAndAdministrativeExpenses": 187029, "otherExpenses": 0, "operatingExpenses": 187029, "costAndExpenses": 187029, "interestIncome": 0, "interestExpense": 0, "depreciationAndAmortization": 2667608, "ebitda": 2481191, "ebitdaratio": 4042.9969303676, "operatingIncome": -186416.286637, "operatingIncomeRatio": -303.7574207504, "totalOtherIncomeExpensesNet": -2667608.26141, "incomeBeforeTax": -2854024.5480469996, "incomeBeforeTaxRatio": -4650.5117718668, "incomeTaxExpense": 24039, "netIncome": -2878064.42292, "netIncomeRatio": -4689.6837268409, "eps": -2.44, "epsdiluted": -2.44, "weightedAverageShsOut": 1181630, "weightedAverageShsOutDil": 1181630, "link": "", "finalLink": "", "calculatedOtherExpenses": 0.9878140000218991, "calculatedOperatingExpenses": 187029.98781400002, "calculatedNetInterest": 0, "calculatedOtherIncome": -2667608.26141, "calculatedIncomeNonControlling": 0.8748730001971126, "calculatedEbitda": 2481191.713363}, {"date": "2000-12-31", "symbol": "HBM", "reportedCurrency": "USD", "cik": "0001322422", "fillingDate": "2000-12-31", "acceptedDate": "2000-12-30 19:00:00", "calendarYear": "2000", "period": "FY", "revenue": 250.083361, "costOfRevenue": 0, "grossProfit": 250.083361, "grossProfitRatio": 1, "researchAndDevelopmentExpenses": 0, "generalAndAdministrativeExpenses": 0, "sellingAndMarketingExpenses": 0, "sellingGeneralAndAdministrativeExpenses": 147721, "otherExpenses": 0, "operatingExpenses": 147721, "costAndExpenses": 147721, "interestIncome": 0, "interestExpense": 0, "depreciationAndAmortization": 4236257, "ebitda": 1970657, "ebitdaratio": 7880.0026704616, "operatingIncome": -2265599.866622, "operatingIncomeRatio": -9059.3786710264, "totalOtherIncomeExpensesNet": -2118128.70957, "incomeBeforeTax": -4383728.576192, "incomeBeforeTaxRatio": -17529.0693417704, "incomeTaxExpense": -2118128.70957, "netIncome": -2265599.866622, "netIncomeRatio": -9059.3786710264, "eps": -1.95, "epsdiluted": -1.95, "weightedAverageShsOut": 1162700, "weightedAverageShsOutDil": 1162700, "link": "", "finalLink": "", "calculatedOtherExpenses": 2118128.949983, "calculatedOperatingExpenses": 2265849.949983, "calculatedNetInterest": 0, "calculatedOtherIncome": -2118128.70957, "calculatedIncomeNonControlling": 0.0, "calculatedEbitda": 1970657.133378}, {"date": "1999-12-31", "symbol": "HBM", "reportedCurrency": "USD", "cik": "0001322422", "fillingDate": "1999-12-31", "acceptedDate": "1999-12-30 19:00:00", "calendarYear": "1999", "period": "FY", "revenue": 14.499458, "costOfRevenue": 0, "grossProfit": 14.499458, "grossProfitRatio": 1, "researchAndDevelopmentExpenses": 0, "generalAndAdministrativeExpenses": 0, "sellingAndMarketingExpenses": 0, "sellingGeneralAndAdministrativeExpenses": 97149, "otherExpenses": 0, "operatingExpenses": 97149, "costAndExpenses": 97149, "interestIncome": 0, "interestExpense": 0, "depreciationAndAmortization": 1929188, "ebitda": 948929, "ebitdaratio": 65445, "operatingIncome": -980259.333163, "operatingIncomeRatio": -67606.61903107, "totalOtherIncomeExpensesNet": -1046064.087604, "incomeBeforeTax": -2026323.420767, "incomeBeforeTaxRatio": -139751.6666324355, "incomeTaxExpense": -883124.702243, "netIncome": -1143198.718524, "netIncomeRatio": -78844.2380759336, "eps": -1.23, "epsdiluted": -1.23, "weightedAverageShsOut": 931368, "weightedAverageShsOutDil": 931368, "link": "", "finalLink": "", "calculatedOtherExpenses": 883124.832621, "calculatedOperatingExpenses": 980273.8326209999, "calculatedNetInterest": 0, "calculatedOtherIncome": -1046064.087604, "calculatedIncomeNonControlling": 0.0, "calculatedEbitda": 948928.666837}, {"date": "1998-12-31", "symbol": "HBM", "reportedCurrency": "USD", "cik": "0001322422", "fillingDate": "1998-12-31", "acceptedDate": "1998-12-30 19:00:00", "calendarYear": "1998", "period": "FY", "revenue": 365.893287, "costOfRevenue": 0, "grossProfit": 365.893287, "grossProfitRatio": 1, "researchAndDevelopmentExpenses": 0, "generalAndAdministrativeExpenses": 0, "sellingAndMarketingExpenses": 0, "sellingGeneralAndAdministrativeExpenses": 199075, "otherExpenses": 5670.371093000023, "operatingExpenses": 204746, "costAndExpenses": 204746, "interestIncome": 0, "interestExpense": 0, "depreciationAndAmortization": 5670.371092, "ebitda": -198709.949958, "ebitdaratio": -543.0817044698, "operatingIncome": -204380.32105, "operatingIncomeRatio": -558.5790401506, "totalOtherIncomeExpensesNet": 0, "incomeBeforeTax": 0, "incomeBeforeTaxRatio": 0, "incomeTaxExpense": 0, "netIncome": -204380.32105, "netIncomeRatio": -558.5790401506, "eps": -0.26, "epsdiluted": -0.26, "weightedAverageShsOut": 800614, "weightedAverageShsOutDil": 800614, "link": "", "finalLink": "", "calculatedOtherExpenses": 5671.214337000012, "calculatedOperatingExpenses": 204746.214337, "calculatedNetInterest": 0, "calculatedOtherIncome": 204380.32105, "calculatedIncomeNonControlling": 204380.32105, "calculatedEbitda": -198709.949958}, {"date": "1997-12-31", "symbol": "HBM", "reportedCurrency": "USD", "cik": "0001322422", "fillingDate": "1997-12-31", "acceptedDate": "1997-12-30 19:00:00", "calendarYear": "1997", "period": "FY", "revenue": 0, "costOfRevenue": 0, "grossProfit": 0, "grossProfitRatio": 0, "researchAndDevelopmentExpenses": 0, "generalAndAdministrativeExpenses": 0, "sellingAndMarketingExpenses": 0, "sellingGeneralAndAdministrativeExpenses": 709035, "otherExpenses": 8385.744234999991, "operatingExpenses": 717421, "costAndExpenses": 717421, "interestIncome": 0, "interestExpense": 0, "depreciationAndAmortization": 8385.744235, "ebitda": 1119790, "ebitdaratio": 0, "operatingIncome": -2546247.379455, "operatingIncomeRatio": 0, "totalOtherIncomeExpensesNet": -1828825.995807, "incomeBeforeTax": -4375073.375262, "incomeBeforeTaxRatio": 0, "incomeTaxExpense": 1827681, "netIncome": -2545102.725367, "netIncomeRatio": 0, "eps": -3.63, "epsdiluted": -3.63, "weightedAverageShsOut": 700440, "weightedAverageShsOutDil": 700440, "link": "", "finalLink": "", "calculatedOtherExpenses": 1837212.3794550002, "calculatedOperatingExpenses": 2546247.379455, "calculatedNetInterest": 0, "calculatedOtherIncome": -1828825.9958069995, "calculatedIncomeNonControlling": -3657651.649895, "calculatedEbitda": -2537861.63522}]}