{"originalCurrency": "USD", "convertedCurrency": "USD", "report": [{"date": "2023-12-31", "symbol": "HCC", "reportedCurrency": "USD", "cik": "0001691303", "fillingDate": "2024-02-14", "acceptedDate": "2024-02-14 16:46:32", "calendarYear": "2023", "period": "FY", "revenue": 1676625000, "costOfRevenue": 1075111000, "grossProfit": 601514000, "grossProfitRatio": 0.3587647804, "researchAndDevelopmentExpenses": 0, "generalAndAdministrativeExpenses": 0, "sellingAndMarketingExpenses": 0, "sellingGeneralAndAdministrativeExpenses": 51817000, "otherExpenses": -1027000, "operatingExpenses": 51817000, "costAndExpenses": 1126928000, "interestIncome": 40699000, "interestExpense": 17960000, "depreciationAndAmortization": 127356000, "ebitda": 716725000, "ebitdaratio": 0.4274808022, "operatingIncome": 541406000, "operatingIncomeRatio": 0.3229141877, "totalOtherIncomeExpensesNet": -21017000, "incomeBeforeTax": 551419000, "incomeBeforeTaxRatio": 0.3288863043, "incomeTaxExpense": 72790000, "netIncome": 478629000, "netIncomeRatio": 0.2854717066, "eps": 9.21, "epsdiluted": 9.2, "weightedAverageShsOut": 51973000, "weightedAverageShsOutDil": 52045000, "link": "https://www.sec.gov/Archives/edgar/data/1691303/000169130324000008/0001691303-24-000008-index.htm", "finalLink": "https://www.sec.gov/Archives/edgar/data/1691303/000169130324000008/hcc-20231231.htm", "calculatedOtherExpenses": 8291000, "calculatedOperatingExpenses": 60108000, "calculatedNetInterest": 22739000, "calculatedOtherIncome": -12726000, "calculatedIncomeNonControlling": 0, "calculatedEbitda": 668762000}, {"date": "2022-12-31", "symbol": "HCC", "reportedCurrency": "USD", "cik": "0001691303", "fillingDate": "2023-02-15", "acceptedDate": "2023-02-15 16:43:57", "calendarYear": "2022", "period": "FY", "revenue": 1738738000, "costOfRevenue": 737652000, "grossProfit": 1001086000, "grossProfitRatio": 0.575754369, "researchAndDevelopmentExpenses": 0, "generalAndAdministrativeExpenses": 0, "sellingAndMarketingExpenses": 0, "sellingGeneralAndAdministrativeExpenses": 48791000, "otherExpenses": 127416000, "operatingExpenses": 176207000, "costAndExpenses": 913859000, "interestIncome": 12438000, "interestExpense": 18995000, "depreciationAndAmortization": 162189000, "ebitda": 963613000, "ebitdaratio": 0.5542025308, "operatingIncome": 801424000, "operatingIncomeRatio": 0.4609228072, "totalOtherIncomeExpensesNet": -18320000, "incomeBeforeTax": 783104000, "incomeBeforeTaxRatio": 0.4503864297, "incomeTaxExpense": 141806000, "netIncome": 641298000, "netIncomeRatio": 0.3688295764, "eps": 12.42, "epsdiluted": 12.4, "weightedAverageShsOut": 51622000, "weightedAverageShsOutDil": 51715000, "link": "https://www.sec.gov/Archives/edgar/data/1691303/000169130323000010/0001691303-23-000010-index.htm", "finalLink": "https://www.sec.gov/Archives/edgar/data/1691303/000169130323000010/hcc-20221231.htm", "calculatedOtherExpenses": 150871000, "calculatedOperatingExpenses": 199662000, "calculatedNetInterest": -6557000, "calculatedOtherIncome": -11763000, "calculatedIncomeNonControlling": 0, "calculatedEbitda": 963613000}, {"date": "2021-12-31", "symbol": "HCC", "reportedCurrency": "USD", "cik": "0001691303", "fillingDate": "2022-02-22", "acceptedDate": "2022-02-22 16:50:45", "calendarYear": "2021", "period": "FY", "revenue": 1059216000, "costOfRevenue": 583181000, "grossProfit": 476035000, "grossProfitRatio": 0.4494220253, "researchAndDevelopmentExpenses": 0, "generalAndAdministrativeExpenses": 0, "sellingAndMarketingExpenses": 0, "sellingGeneralAndAdministrativeExpenses": 35593000, "otherExpenses": 141418000, "operatingExpenses": 177011000, "costAndExpenses": 760192000, "interestIncome": 1111000, "interestExpense": 35389000, "depreciationAndAmortization": 197980000, "ebitda": 441733000, "ebitdaratio": 0.4170376958, "operatingIncome": 243753000, "operatingIncomeRatio": 0.2301258667, "totalOtherIncomeExpensesNet": -43776000, "incomeBeforeTax": 199977000, "incomeBeforeTaxRatio": 0.1887971858, "incomeTaxExpense": 49096000, "netIncome": 150881000, "netIncomeRatio": 0.1424459223, "eps": 2.94, "epsdiluted": 2.93, "weightedAverageShsOut": 51382000, "weightedAverageShsOutDil": 51445000, "link": "https://www.sec.gov/Archives/edgar/data/1691303/000169130322000006/0001691303-22-000006-index.htm", "finalLink": "https://www.sec.gov/Archives/edgar/data/1691303/000169130322000006/hcc-20211231.htm", "calculatedOtherExpenses": 196689000, "calculatedOperatingExpenses": 232282000, "calculatedNetInterest": -34278000, "calculatedOtherIncome": -9498000, "calculatedIncomeNonControlling": 0, "calculatedEbitda": 441733000}, {"date": "2020-12-31", "symbol": "HCC", "reportedCurrency": "USD", "cik": "0001691303", "fillingDate": "2021-02-24", "acceptedDate": "2021-02-24 16:46:21", "calendarYear": "2020", "period": "FY", "revenue": 782738000, "costOfRevenue": 658906000, "grossProfit": 123832000, "grossProfitRatio": 0.158203639, "researchAndDevelopmentExpenses": 0, "generalAndAdministrativeExpenses": 0, "sellingAndMarketingExpenses": 0, "sellingGeneralAndAdministrativeExpenses": 32879000, "otherExpenses": 118092000, "operatingExpenses": 150971000, "costAndExpenses": 809877000, "interestIncome": 32310000, "interestExpense": 32310000, "depreciationAndAmortization": 118092000, "ebitda": 94497000, "ebitdaratio": 0.12072622, "operatingIncome": -23595000, "operatingIncomeRatio": -0.0301441862, "totalOtherIncomeExpensesNet": -32310000, "incomeBeforeTax": -55905000, "incomeBeforeTaxRatio": -0.0714223661, "incomeTaxExpense": -20144000, "netIncome": -35761000, "netIncomeRatio": -0.0456870626, "eps": -0.7, "epsdiluted": -0.7, "weightedAverageShsOut": 51168000, "weightedAverageShsOutDil": 51168000, "link": "https://www.sec.gov/Archives/edgar/data/1691303/000169130321000010/0001691303-21-000010-index.htm", "finalLink": "https://www.sec.gov/Archives/edgar/data/1691303/000169130321000010/hcc-20201231.htm", "calculatedOtherExpenses": 114548000, "calculatedOperatingExpenses": 147427000, "calculatedNetInterest": 0, "calculatedOtherIncome": -32310000, "calculatedIncomeNonControlling": 0, "calculatedEbitda": 94497000}, {"date": "2019-12-31", "symbol": "HCC", "reportedCurrency": "USD", "cik": "0001691303", "fillingDate": "2020-02-19", "acceptedDate": "2020-02-19 16:47:06", "calendarYear": "2019", "period": "FY", "revenue": 1268309000, "costOfRevenue": 750573000, "grossProfit": 517736000, "grossProfitRatio": 0.4082096713, "researchAndDevelopmentExpenses": 0, "generalAndAdministrativeExpenses": 37014000, "sellingAndMarketingExpenses": 0, "sellingGeneralAndAdministrativeExpenses": 37014000, "otherExpenses": 97330000, "operatingExpenses": 134344000, "costAndExpenses": 884917000, "interestIncome": 29335000, "interestExpense": 29335000, "depreciationAndAmortization": 120145000, "ebitda": 503537000, "ebitdaratio": 0.3970144499, "operatingIncome": 383392000, "operatingIncomeRatio": 0.3022859571, "totalOtherIncomeExpensesNet": -16276000, "incomeBeforeTax": 367116000, "incomeBeforeTaxRatio": 0.2894531222, "incomeTaxExpense": 65417000, "netIncome": 301699000, "netIncomeRatio": 0.2378749973, "eps": 5.87, "epsdiluted": 5.86, "weightedAverageShsOut": 51363000, "weightedAverageShsOutDil": 51493000, "link": "https://www.sec.gov/Archives/edgar/data/1691303/000169130320000014/0001691303-20-000014-index.htm", "finalLink": "https://www.sec.gov/Archives/edgar/data/1691303/000169130320000014/a123119form10-k.htm", "calculatedOtherExpenses": 97330000, "calculatedOperatingExpenses": 134344000, "calculatedNetInterest": 0, "calculatedOtherIncome": -16276000, "calculatedIncomeNonControlling": 0, "calculatedEbitda": 503537000}, {"date": "2018-12-31", "symbol": "HCC", "reportedCurrency": "USD", "cik": "0001691303", "fillingDate": "2019-02-21", "acceptedDate": "2019-02-21 16:46:50", "calendarYear": "2018", "period": "FY", "revenue": 1378007000, "costOfRevenue": 726817000, "grossProfit": 651190000, "grossProfitRatio": 0.4725592831, "researchAndDevelopmentExpenses": 0, "generalAndAdministrativeExpenses": 36626000, "sellingAndMarketingExpenses": 0, "sellingGeneralAndAdministrativeExpenses": 36626000, "otherExpenses": 97209000, "operatingExpenses": 133835000, "costAndExpenses": 860652000, "interestIncome": 0, "interestExpense": 37314000, "depreciationAndAmortization": 97209000, "ebitda": 605496000, "ebitdaratio": 0.4393997999, "operatingIncome": 508287000, "operatingIncomeRatio": 0.3688566168, "totalOtherIncomeExpensesNet": -9068000, "incomeBeforeTax": 470973000, "incomeBeforeTaxRatio": 0.3417783799, "incomeTaxExpense": -225814000, "netIncome": 696787000, "netIncomeRatio": 0.5056483748, "eps": 13.19, "epsdiluted": 13.17, "weightedAverageShsOut": 52812000, "weightedAverageShsOutDil": 52918000, "link": "https://www.sec.gov/Archives/edgar/data/1691303/000169130319000007/0001691303-19-000007-index.htm", "finalLink": "https://www.sec.gov/Archives/edgar/data/1691303/000169130319000007/a123118form10-k.htm", "calculatedOtherExpenses": 106277000, "calculatedOperatingExpenses": 142903000, "calculatedNetInterest": -37314000, "calculatedOtherIncome": 0, "calculatedIncomeNonControlling": 0, "calculatedEbitda": 605496000}, {"date": "2017-12-31", "symbol": "HCC", "reportedCurrency": "USD", "cik": "0001691303", "fillingDate": "2018-02-14", "acceptedDate": "2018-02-14 17:09:58", "calendarYear": "2017", "period": "FY", "revenue": 1169092000, "costOfRevenue": 620952000, "grossProfit": 548140000, "grossProfitRatio": 0.4688595936, "researchAndDevelopmentExpenses": 0, "generalAndAdministrativeExpenses": 36453000, "sellingAndMarketingExpenses": 0, "sellingGeneralAndAdministrativeExpenses": 36453000, "otherExpenses": 75413000, "operatingExpenses": 111866000, "costAndExpenses": 732818000, "interestIncome": 0, "interestExpense": 6947000, "depreciationAndAmortization": 75413000, "ebitda": 498814000, "ebitdaratio": 0.4266678756, "operatingIncome": 423401000, "operatingIncomeRatio": 0.3621622593, "totalOtherIncomeExpensesNet": -12873000, "incomeBeforeTax": 416454000, "incomeBeforeTaxRatio": 0.3562200409, "incomeTaxExpense": -38592000, "netIncome": 455046000, "netIncomeRatio": 0.3892302744, "eps": 8.62, "epsdiluted": 8.62, "weightedAverageShsOut": 52800000, "weightedAverageShsOutDil": 52806000, "link": "https://www.sec.gov/Archives/edgar/data/1691303/000169130318000010/0001691303-18-000010-index.htm", "finalLink": "https://www.sec.gov/Archives/edgar/data/1691303/000169130318000010/a123117form10-k.htm", "calculatedOtherExpenses": 88286000, "calculatedOperatingExpenses": 124739000, "calculatedNetInterest": -6947000, "calculatedOtherIncome": 0, "calculatedIncomeNonControlling": 0, "calculatedEbitda": 498814000}, {"date": "2016-12-31", "symbol": "HCC", "reportedCurrency": "USD", "cik": "0001691303", "fillingDate": "2016-12-31", "acceptedDate": "2016-12-30 19:00:00", "calendarYear": "2016", "period": "FY", "revenue": 0, "costOfRevenue": 0, "grossProfit": 0, "grossProfitRatio": 0, "researchAndDevelopmentExpenses": 0, "generalAndAdministrativeExpenses": 0, "sellingAndMarketingExpenses": 0, "sellingGeneralAndAdministrativeExpenses": 0, "otherExpenses": 0, "operatingExpenses": 0, "costAndExpenses": 0, "interestIncome": 0, "interestExpense": 0, "depreciationAndAmortization": 0, "ebitda": 0, "ebitdaratio": 0, "operatingIncome": 0, "operatingIncomeRatio": 0, "totalOtherIncomeExpensesNet": 0, "incomeBeforeTax": 0, "incomeBeforeTaxRatio": 0, "incomeTaxExpense": 0, "netIncome": 0, "netIncomeRatio": 0, "eps": 0, "epsdiluted": 0, "weightedAverageShsOut": 52640001, "weightedAverageShsOutDil": 52681000, "link": "", "finalLink": "", "calculatedOtherExpenses": 0, "calculatedOperatingExpenses": 0, "calculatedNetInterest": 0, "calculatedOtherIncome": 0, "calculatedIncomeNonControlling": 0, "calculatedEbitda": 0}, {"date": "2015-12-31", "symbol": "HCC", "reportedCurrency": "USD", "cik": "0001691303", "fillingDate": "2015-12-31", "acceptedDate": "2015-12-30 19:00:00", "calendarYear": "2015", "period": "FY", "revenue": 544733000, "costOfRevenue": 628987000, "grossProfit": -84254000, "grossProfitRatio": -0.1546702697, "researchAndDevelopmentExpenses": 0, "generalAndAdministrativeExpenses": 69821000, "sellingAndMarketingExpenses": 0, "sellingGeneralAndAdministrativeExpenses": 69821000, "otherExpenses": 123633000, "operatingExpenses": 193454000, "costAndExpenses": 822441000, "interestIncome": 0, "interestExpense": 51077000, "depreciationAndAmortization": 123633000, "ebitda": -154075000, "ebitdaratio": -0.2828449901, "operatingIncome": -319526000, "operatingIncomeRatio": -0.5865736058, "totalOtherIncomeExpensesNet": -22585000, "incomeBeforeTax": -351370000, "incomeBeforeTaxRatio": -0.6450316026, "incomeTaxExpense": -40789000, "netIncome": -310581000, "netIncomeRatio": -0.570152717, "eps": -5.9, "epsdiluted": -5.9, "weightedAverageShsOut": 52681000, "weightedAverageShsOutDil": 52681000, "link": "", "finalLink": "", "calculatedOtherExpenses": 165451000, "calculatedOperatingExpenses": 235272000, "calculatedNetInterest": -51077000, "calculatedOtherIncome": 19233000, "calculatedIncomeNonControlling": 0, "calculatedEbitda": -195893000}]}