{"originalCurrency": "USD", "convertedCurrency": "USD", "report": [{"date": "2023-12-31", "symbol": "HCXY", "reportedCurrency": "USD", "cik": "0001280784", "fillingDate": "2024-02-15", "acceptedDate": "2024-02-15 16:17:43", "calendarYear": "2023", "period": "FY", "revenue": 426495000, "costOfRevenue": 50258000, "grossProfit": 376237000, "grossProfitRatio": 0.8821604005, "researchAndDevelopmentExpenses": 0, "generalAndAdministrativeExpenses": 18696000, "sellingAndMarketingExpenses": 0, "sellingGeneralAndAdministrativeExpenses": 18696000, "otherExpenses": 96778000, "operatingExpenses": 89011000, "costAndExpenses": 165732000, "interestIncome": 434425000, "interestExpense": 67620000, "depreciationAndAmortization": 190000, "ebitda": 268693000, "ebitdaratio": 0.6300026964, "operatingIncome": 268693000, "operatingIncomeRatio": 0.6300026964, "totalOtherIncomeExpensesNet": 68791000, "incomeBeforeTax": 337484000, "incomeBeforeTaxRatio": 0.7912964982, "incomeTaxExpense": -190000, "netIncome": 337484000, "netIncomeRatio": 0.7912964982, "eps": 2.32, "epsdiluted": 2.31, "weightedAverageShsOut": 144091000, "weightedAverageShsOutDil": 144826000, "link": "https://www.sec.gov/Archives/edgar/data/1280784/000128078424000007/0001280784-24-000007-index.htm", "finalLink": "https://www.sec.gov/Archives/edgar/data/1280784/000128078424000007/htgc-20231231.htm", "calculatedOtherExpenses": 88848000, "calculatedOperatingExpenses": 107544000, "calculatedNetInterest": 366805000, "calculatedOtherIncome": -298014000, "calculatedIncomeNonControlling": 190000, "calculatedEbitda": 268883000}, {"date": "2022-12-31", "symbol": "HCXY", "reportedCurrency": "USD", "cik": "0001280784", "fillingDate": "2023-02-16", "acceptedDate": "2023-02-16 16:08:16", "calendarYear": "2022", "period": "FY", "revenue": 184638000, "costOfRevenue": 43852000, "grossProfit": 140786000, "grossProfitRatio": 0.7624974274, "researchAndDevelopmentExpenses": 0, "generalAndAdministrativeExpenses": 16948000, "sellingAndMarketingExpenses": 0, "sellingGeneralAndAdministrativeExpenses": 16948000, "otherExpenses": 65609000, "operatingExpenses": 82557000, "costAndExpenses": 141941000, "interestIncome": 307258000, "interestExpense": 54749000, "depreciationAndAmortization": 204000, "ebitda": 273131000, "ebitdaratio": 1.4792783717, "operatingIncome": 272927000, "operatingIncomeRatio": 1.4781735071, "totalOtherIncomeExpensesNet": -170846000, "incomeBeforeTax": 102081000, "incomeBeforeTaxRatio": 0.5528710233, "incomeTaxExpense": -54749000, "netIncome": 156830000, "netIncomeRatio": 0.8493917828, "eps": 1.25, "epsdiluted": 1.24, "weightedAverageShsOut": 125189000, "weightedAverageShsOutDil": 126659000, "link": "https://www.sec.gov/Archives/edgar/data/1280784/000095017023003044/0000950170-23-003044-index.htm", "finalLink": "https://www.sec.gov/Archives/edgar/data/1280784/000095017023003044/htgc-20221231.htm", "calculatedOtherExpenses": -149089000, "calculatedOperatingExpenses": -132141000, "calculatedNetInterest": 252509000, "calculatedOtherIncome": -423355000, "calculatedIncomeNonControlling": 0, "calculatedEbitda": 273131000}, {"date": "2021-12-31", "symbol": "HCXY", "reportedCurrency": "USD", "cik": "0001280784", "fillingDate": "2022-02-22", "acceptedDate": "2022-02-22 16:31:34", "calendarYear": "2021", "period": "FY", "revenue": 255135000, "costOfRevenue": 36970000, "grossProfit": 218165000, "grossProfitRatio": 0.8550963216, "researchAndDevelopmentExpenses": 0, "generalAndAdministrativeExpenses": 16111000, "sellingAndMarketingExpenses": 0, "sellingGeneralAndAdministrativeExpenses": 16111000, "otherExpenses": 64869000, "operatingExpenses": 80980000, "costAndExpenses": 80980000, "interestIncome": 253360000, "interestExpense": 54447000, "depreciationAndAmortization": 317000, "ebitda": 174472000, "ebitdaratio": 0.6838418876, "operatingIncome": 174155000, "operatingIncomeRatio": 0.6825994082, "totalOtherIncomeExpensesNet": -58866000, "incomeBeforeTax": 174155000, "incomeBeforeTaxRatio": 0.6825994082, "incomeTaxExpense": -58866000, "netIncome": 174155000, "netIncomeRatio": 0.6825994082, "eps": 1.5, "epsdiluted": 1.49, "weightedAverageShsOut": 114742000, "weightedAverageShsOutDil": 115955000, "link": "https://www.sec.gov/Archives/edgar/data/1280784/000095017022001628/0000950170-22-001628-index.htm", "finalLink": "https://www.sec.gov/Archives/edgar/data/1280784/000095017022001628/htgc_10k_2021.htm", "calculatedOtherExpenses": 27899000, "calculatedOperatingExpenses": 44010000, "calculatedNetInterest": 198913000, "calculatedOtherIncome": -198913000, "calculatedIncomeNonControlling": 58866000, "calculatedEbitda": 174472000}, {"date": "2020-12-31", "symbol": "HCXY", "reportedCurrency": "USD", "cik": "0001280784", "fillingDate": "2021-02-23", "acceptedDate": "2021-02-23 16:31:15", "calendarYear": "2020", "period": "FY", "revenue": 297774000, "costOfRevenue": 28996000, "grossProfit": 268778000, "grossProfitRatio": 0.9026241378, "researchAndDevelopmentExpenses": 0, "generalAndAdministrativeExpenses": 18910000, "sellingAndMarketingExpenses": 0, "sellingGeneralAndAdministrativeExpenses": 18910000, "otherExpenses": 51603000, "operatingExpenses": 70513000, "costAndExpenses": 70513000, "interestIncome": 263379000, "interestExpense": 59605000, "depreciationAndAmortization": 415000, "ebitda": 227676000, "ebitdaratio": 0.7645932822, "operatingIncome": 227261000, "operatingIncomeRatio": 0.7631996078, "totalOtherIncomeExpensesNet": -59605000, "incomeBeforeTax": 227261000, "incomeBeforeTaxRatio": 0.7631996078, "incomeTaxExpense": -59605000, "netIncome": 227261000, "netIncomeRatio": 0.7631996078, "eps": 2.02, "epsdiluted": 2.01, "weightedAverageShsOut": 111985000, "weightedAverageShsOutDil": 112267000, "link": "https://www.sec.gov/Archives/edgar/data/1280784/000156459021007594/0001564590-21-007594-index.htm", "finalLink": "https://www.sec.gov/Archives/edgar/data/1280784/000156459021007594/htgc-10k_20201231.htm", "calculatedOtherExpenses": 22607000, "calculatedOperatingExpenses": 41517000, "calculatedNetInterest": 203774000, "calculatedOtherIncome": -203774000, "calculatedIncomeNonControlling": 59605000, "calculatedEbitda": 227676000}, {"date": "2019-12-31", "symbol": "HCXY", "reportedCurrency": "USD", "cik": "0001280784", "fillingDate": "2020-02-20", "acceptedDate": "2020-02-20 16:16:22", "calendarYear": "2019", "period": "FY", "revenue": 243604000, "costOfRevenue": 30993000, "grossProfit": 212611000, "grossProfitRatio": 0.8727730251, "researchAndDevelopmentExpenses": 0, "generalAndAdministrativeExpenses": 19183000, "sellingAndMarketingExpenses": 0, "sellingGeneralAndAdministrativeExpenses": 19183000, "otherExpenses": 50823000, "operatingExpenses": 70006000, "costAndExpenses": 70006000, "interestIncome": 247513000, "interestExpense": 54596000, "depreciationAndAmortization": 262000, "ebitda": 173860000, "ebitdaratio": 0.7136992824, "operatingIncome": 173598000, "operatingIncomeRatio": 0.7126237664, "totalOtherIncomeExpensesNet": -54596000, "incomeBeforeTax": 173598000, "incomeBeforeTaxRatio": 0.7126237664, "incomeTaxExpense": -54596000, "netIncome": 173598000, "netIncomeRatio": 0.7126237664, "eps": 1.71, "epsdiluted": 1.71, "weightedAverageShsOut": 101132000, "weightedAverageShsOutDil": 101569000, "link": "https://www.sec.gov/Archives/edgar/data/1280784/000156459020005567/0001564590-20-005567-index.htm", "finalLink": "https://www.sec.gov/Archives/edgar/data/1280784/000156459020005567/htgc-10k_20191231.htm", "calculatedOtherExpenses": 19830000, "calculatedOperatingExpenses": 39013000, "calculatedNetInterest": 192917000, "calculatedOtherIncome": -192917000, "calculatedIncomeNonControlling": 54596000, "calculatedEbitda": 173860000}, {"date": "2018-12-31", "symbol": "HCXY", "reportedCurrency": "USD", "cik": "0001280784", "fillingDate": "2019-02-21", "acceptedDate": "2019-02-21 16:11:33", "calendarYear": "2018", "period": "FY", "revenue": 136085000, "costOfRevenue": 25062000, "grossProfit": 111023000, "grossProfitRatio": 0.8158356909, "researchAndDevelopmentExpenses": 0, "generalAndAdministrativeExpenses": 15488000, "sellingAndMarketingExpenses": 0, "sellingGeneralAndAdministrativeExpenses": 15488000, "otherExpenses": 44101000, "operatingExpenses": 59589000, "costAndExpenses": 59589000, "interestIncome": 190636000, "interestExpense": 39435000, "depreciationAndAmortization": 199000, "ebitda": 116130000, "ebitdaratio": 0.8533637065, "operatingIncome": 115931000, "operatingIncomeRatio": 0.8519013852, "totalOtherIncomeExpensesNet": -39435000, "incomeBeforeTax": 76496000, "incomeBeforeTaxRatio": 0.5621192637, "incomeTaxExpense": 0, "netIncome": 76496000, "netIncomeRatio": 0.5621192637, "eps": 0.84, "epsdiluted": 0.84, "weightedAverageShsOut": 90929000, "weightedAverageShsOutDil": 91057000, "link": "https://www.sec.gov/Archives/edgar/data/1280784/000156459019003680/0001564590-19-003680-index.htm", "finalLink": "https://www.sec.gov/Archives/edgar/data/1280784/000156459019003680/htgc-10k_20181231.htm", "calculatedOtherExpenses": -20396000, "calculatedOperatingExpenses": -4908000, "calculatedNetInterest": 151201000, "calculatedOtherIncome": -190636000, "calculatedIncomeNonControlling": 0, "calculatedEbitda": 116130000}, {"date": "2017-12-31", "symbol": "HCXY", "reportedCurrency": "USD", "cik": "0001280784", "fillingDate": "2018-02-22", "acceptedDate": "2018-02-22 16:23:26", "calendarYear": "2017", "period": "FY", "revenue": 135577000, "costOfRevenue": 24555000, "grossProfit": 111022000, "grossProfitRatio": 0.8188852091, "researchAndDevelopmentExpenses": 0, "generalAndAdministrativeExpenses": 16105000, "sellingAndMarketingExpenses": 0, "sellingGeneralAndAdministrativeExpenses": 16105000, "otherExpenses": 40474000, "operatingExpenses": 56579000, "costAndExpenses": 94436000, "interestIncome": 172196000, "interestExpense": 37857000, "depreciationAndAmortization": 201000, "ebitda": 117056000, "ebitdaratio": 0.8633912832, "operatingIncome": 67800000, "operatingIncomeRatio": 0.5000848226, "totalOtherIncomeExpensesNet": 11198000, "incomeBeforeTax": 78998000, "incomeBeforeTaxRatio": 0.5826799531, "incomeTaxExpense": 49055000, "netIncome": 78998000, "netIncomeRatio": 0.5826799531, "eps": 0.95, "epsdiluted": 0.95, "weightedAverageShsOut": 82519000, "weightedAverageShsOutDil": 82640000, "link": "https://www.sec.gov/Archives/edgar/data/1280784/000156459018002885/0001564590-18-002885-index.htm", "finalLink": "https://www.sec.gov/Archives/edgar/data/1280784/000156459018002885/htgc-10k_20171231.htm", "calculatedOtherExpenses": 27117000, "calculatedOperatingExpenses": 43222000, "calculatedNetInterest": 134339000, "calculatedOtherIncome": -123141000, "calculatedIncomeNonControlling": -49055000, "calculatedEbitda": 68001000}, {"date": "2016-12-31", "symbol": "HCXY", "reportedCurrency": "USD", "cik": "0001280784", "fillingDate": "2017-02-23", "acceptedDate": "2017-02-23 16:16:02", "calendarYear": "2016", "period": "FY", "revenue": 111394000, "costOfRevenue": 22500000, "grossProfit": 88894000, "grossProfitRatio": 0.7980142557, "researchAndDevelopmentExpenses": 0, "generalAndAdministrativeExpenses": 16106000, "sellingAndMarketingExpenses": 0, "sellingGeneralAndAdministrativeExpenses": 16106000, "otherExpenses": 8000000, "operatingExpenses": 42691000, "costAndExpenses": 82707000, "interestIncome": 158727000, "interestExpense": 32016000, "depreciationAndAmortization": 202000, "ebitda": 100921000, "ebitdaratio": 0.9059823689, "operatingIncome": 76020000, "operatingIncomeRatio": 0.6824425014, "totalOtherIncomeExpensesNet": -7317000, "incomeBeforeTax": 68703000, "incomeBeforeTaxRatio": 0.6167567373, "incomeTaxExpense": 24699000, "netIncome": 68703000, "netIncomeRatio": 0.6167567373, "eps": 0.91, "epsdiluted": 0.91, "weightedAverageShsOut": 73753000, "weightedAverageShsOutDil": 73775000, "link": "https://www.sec.gov/Archives/edgar/data/1280784/000156459017002220/0001564590-17-002220-index.htm", "finalLink": "https://www.sec.gov/Archives/edgar/data/1280784/000156459017002220/htgc-10k_20161231.htm", "calculatedOtherExpenses": -3232000, "calculatedOperatingExpenses": 12874000, "calculatedNetInterest": 126711000, "calculatedOtherIncome": -134028000, "calculatedIncomeNonControlling": -24699000, "calculatedEbitda": 76222000}, {"date": "2015-12-31", "symbol": "HCXY", "reportedCurrency": "USD", "cik": "0001280784", "fillingDate": "2016-02-25", "acceptedDate": "2016-02-25 16:15:57", "calendarYear": "2015", "period": "FY", "revenue": 95713000, "costOfRevenue": 20713000, "grossProfit": 75000000, "grossProfitRatio": 0.7835926154, "researchAndDevelopmentExpenses": 0, "generalAndAdministrativeExpenses": 16658000, "sellingAndMarketingExpenses": 0, "sellingGeneralAndAdministrativeExpenses": 16658000, "otherExpenses": 1000, "operatingExpenses": 52797000, "costAndExpenses": 83630000, "interestIncome": 140266000, "interestExpense": 30834000, "depreciationAndAmortization": 193000, "ebitda": 73943000, "ebitdaratio": 0.7725491835, "operatingIncome": 56636000, "operatingIncomeRatio": 0.5917273516, "totalOtherIncomeExpensesNet": -13720000, "incomeBeforeTax": 42916000, "incomeBeforeTaxRatio": 0.4483821424, "incomeTaxExpense": 17114000, "netIncome": 42916000, "netIncomeRatio": 0.4483821424, "eps": 0.6, "epsdiluted": 0.59, "weightedAverageShsOut": 69479000, "weightedAverageShsOutDil": 69663000, "link": "https://www.sec.gov/Archives/edgar/data/1280784/000156459016013376/0001564590-16-013376-index.htm", "finalLink": "https://www.sec.gov/Archives/edgar/data/1280784/000156459016013376/htgc-10k_20151231.htm", "calculatedOtherExpenses": 1706000, "calculatedOperatingExpenses": 18364000, "calculatedNetInterest": 109432000, "calculatedOtherIncome": -123152000, "calculatedIncomeNonControlling": -17114000, "calculatedEbitda": 56829000}, {"date": "2014-12-31", "symbol": "HCXY", "reportedCurrency": "USD", "cik": "0001280784", "fillingDate": "2015-03-02", "acceptedDate": "2015-03-02 16:32:03", "calendarYear": "2014", "period": "FY", "revenue": 115062000, "costOfRevenue": 16604000, "grossProfit": 98458000, "grossProfitRatio": 0.8556951904, "researchAndDevelopmentExpenses": 0, "generalAndAdministrativeExpenses": 10209000, "sellingAndMarketingExpenses": 0, "sellingGeneralAndAdministrativeExpenses": 10209000, "otherExpenses": 1581000, "operatingExpenses": 43874000, "costAndExpenses": 70334000, "interestIncome": 126618000, "interestExpense": 28041000, "depreciationAndAmortization": 266000, "ebitda": 99495000, "ebitdaratio": 0.8647077228, "operatingIncome": 56284000, "operatingIncomeRatio": 0.4891623646, "totalOtherIncomeExpensesNet": 14904000, "incomeBeforeTax": 71188000, "incomeBeforeTaxRatio": 0.618692531, "incomeTaxExpense": 42945000, "netIncome": 71188000, "netIncomeRatio": 0.618692531, "eps": 1.12, "epsdiluted": 1.1, "weightedAverageShsOut": 61862000, "weightedAverageShsOutDil": 63225000, "link": "https://www.sec.gov/Archives/edgar/data/1280784/000156459015001201/0001564590-15-001201-index.htm", "finalLink": "https://www.sec.gov/Archives/edgar/data/1280784/000156459015001201/htgc-10k_20141231.htm", "calculatedOtherExpenses": 31965000, "calculatedOperatingExpenses": 42174000, "calculatedNetInterest": 98577000, "calculatedOtherIncome": -83673000, "calculatedIncomeNonControlling": -42945000, "calculatedEbitda": 56550000}, {"date": "2013-12-31", "symbol": "HCXY", "reportedCurrency": "USD", "cik": "0001280784", "fillingDate": "2014-02-27", "acceptedDate": "2014-02-27 16:11:49", "calendarYear": "2013", "period": "FY", "revenue": 135760000, "costOfRevenue": 16179000, "grossProfit": 119581000, "grossProfitRatio": 0.8808264585, "researchAndDevelopmentExpenses": 0, "generalAndAdministrativeExpenses": 9354000, "sellingAndMarketingExpenses": 0, "sellingGeneralAndAdministrativeExpenses": 9354000, "otherExpenses": 26960000, "operatingExpenses": 36314000, "costAndExpenses": 66648000, "interestIncome": 123671000, "interestExpense": 30334000, "depreciationAndAmortization": 252000, "ebitda": 130032000, "ebitdaratio": 0.9578078963, "operatingIncome": 57023000, "operatingIncomeRatio": 0.4200279906, "totalOtherIncomeExpensesNet": 42423000, "incomeBeforeTax": 99446000, "incomeBeforeTaxRatio": 0.7325132587, "incomeTaxExpense": 72757000, "netIncome": 99446000, "netIncomeRatio": 0.7325132587, "eps": 1.67, "epsdiluted": 1.63, "weightedAverageShsOut": 58838000, "weightedAverageShsOutDil": 60292000, "link": "https://www.sec.gov/Archives/edgar/data/1280784/000119312514072989/0001193125-14-072989-index.htm", "finalLink": "https://www.sec.gov/Archives/edgar/data/1280784/000119312514072989/d674917d10k.htm", "calculatedOtherExpenses": 53204000, "calculatedOperatingExpenses": 62558000, "calculatedNetInterest": 93337000, "calculatedOtherIncome": -50914000, "calculatedIncomeNonControlling": -72757000, "calculatedEbitda": 57275000}, {"date": "2012-12-31", "symbol": "HCXY", "reportedCurrency": "USD", "cik": "0001280784", "fillingDate": "2013-02-28", "acceptedDate": "2013-02-28 16:37:45", "calendarYear": "2012", "period": "FY", "revenue": 76337000, "costOfRevenue": 13326000, "grossProfit": 63011000, "grossProfitRatio": 0.8254319662, "researchAndDevelopmentExpenses": 0, "generalAndAdministrativeExpenses": 8108000, "sellingAndMarketingExpenses": 0, "sellingGeneralAndAdministrativeExpenses": 8108000, "otherExpenses": -1348000, "operatingExpenses": 29578000, "costAndExpenses": 49413000, "interestIncome": 87603000, "interestExpense": 19835000, "depreciationAndAmortization": 289000, "ebitda": 66883000, "ebitdaratio": 0.8761544205, "operatingIncome": 38190000, "operatingIncomeRatio": 0.5002816459, "totalOtherIncomeExpensesNet": 8569000, "incomeBeforeTax": 46759000, "incomeBeforeTaxRatio": 0.6125338958, "incomeTaxExpense": 28404000, "netIncome": 46759000, "netIncomeRatio": 0.6125338958, "eps": 0.93, "epsdiluted": 0.93, "weightedAverageShsOut": 49068000, "weightedAverageShsOutDil": 49156000, "link": "https://www.sec.gov/Archives/edgar/data/1280784/000119312513084470/0001193125-13-084470-index.htm", "finalLink": "https://www.sec.gov/Archives/edgar/data/1280784/000119312513084470/d483390d10k.htm", "calculatedOtherExpenses": 16713000, "calculatedOperatingExpenses": 24821000, "calculatedNetInterest": 67768000, "calculatedOtherIncome": -59199000, "calculatedIncomeNonControlling": -28404000, "calculatedEbitda": 38479000}, {"date": "2011-12-31", "symbol": "HCXY", "reportedCurrency": "USD", "cik": "0001280784", "fillingDate": "2012-03-09", "acceptedDate": "2012-03-09 16:06:25", "calendarYear": "2011", "period": "FY", "revenue": 66603000, "costOfRevenue": 13260000, "grossProfit": 53343000, "grossProfitRatio": 0.8009098689, "researchAndDevelopmentExpenses": 0, "generalAndAdministrativeExpenses": 27015000, "sellingAndMarketingExpenses": 0, "sellingGeneralAndAdministrativeExpenses": 27015000, "otherExpenses": 19023000, "operatingExpenses": 27015000, "costAndExpenses": 40267000, "interestIncome": 70346000, "interestExpense": 13252000, "depreciationAndAmortization": 348000, "ebitda": 60536000, "ebitdaratio": 0.9089080071, "operatingIncome": 79855000, "operatingIncomeRatio": 1.1989700164, "totalOtherIncomeExpensesNet": -32919000, "incomeBeforeTax": 46936000, "incomeBeforeTaxRatio": 0.7047130009, "incomeTaxExpense": -19667000, "netIncome": 46936000, "netIncomeRatio": 0.7047130009, "eps": 1.08, "epsdiluted": 1.07, "weightedAverageShsOut": 42988000, "weightedAverageShsOutDil": 43299000, "link": "https://www.sec.gov/Archives/edgar/data/1280784/000119312512106898/0001193125-12-106898-index.htm", "finalLink": "https://www.sec.gov/Archives/edgar/data/1280784/000119312512106898/d310436d10k.htm", "calculatedOtherExpenses": -53527000, "calculatedOperatingExpenses": -26512000, "calculatedNetInterest": 57094000, "calculatedOtherIncome": -90013000, "calculatedIncomeNonControlling": 19667000, "calculatedEbitda": 80203000}, {"date": "2010-12-31", "symbol": "HCXY", "reportedCurrency": "USD", "cik": "0001280784", "fillingDate": "2011-03-29", "acceptedDate": "2011-03-29 17:03:15", "calendarYear": "2010", "period": "FY", "revenue": 5764000, "costOfRevenue": 10474000, "grossProfit": -4710000, "grossProfitRatio": -0.8171408744, "researchAndDevelopmentExpenses": 0, "generalAndAdministrativeExpenses": 21528000, "sellingAndMarketingExpenses": 0, "sellingGeneralAndAdministrativeExpenses": 21528000, "otherExpenses": 14442000, "operatingExpenses": 21528000, "costAndExpenses": 30100000, "interestIncome": 54417000, "interestExpense": 8572000, "depreciationAndAmortization": 400000, "ebitda": 13954000, "ebitdaratio": 2.420888272, "operatingIncome": 24600000, "operatingIncomeRatio": 4.267869535, "totalOtherIncomeExpensesNet": -19618000, "incomeBeforeTax": 4982000, "incomeBeforeTaxRatio": 0.8643303262, "incomeTaxExpense": -11170000, "netIncome": 5106000, "netIncomeRatio": 0.8858431645, "eps": 0.12, "epsdiluted": 0.12, "weightedAverageShsOut": 36156000, "weightedAverageShsOutDil": 36694000, "link": "https://www.sec.gov/Archives/edgar/data/1280784/000119312511081409/0001193125-11-081409-index.htm", "finalLink": "https://www.sec.gov/Archives/edgar/data/1280784/000119312511081409/d10k.htm", "calculatedOtherExpenses": -50838000, "calculatedOperatingExpenses": -29310000, "calculatedNetInterest": 45845000, "calculatedOtherIncome": -65463000, "calculatedIncomeNonControlling": 11046000, "calculatedEbitda": 25000000}, {"date": "2009-12-31", "symbol": "HCXY", "reportedCurrency": "USD", "cik": "0001280784", "fillingDate": "2010-03-12", "acceptedDate": "2010-03-12 17:07:20", "calendarYear": "2009", "period": "FY", "revenue": 35358000, "costOfRevenue": 10737000, "grossProfit": 24621000, "grossProfitRatio": 0.6963346343, "researchAndDevelopmentExpenses": 0, "generalAndAdministrativeExpenses": 21786000, "sellingAndMarketingExpenses": 0, "sellingGeneralAndAdministrativeExpenses": 21786000, "otherExpenses": 14505000, "operatingExpenses": 21786000, "costAndExpenses": 31173000, "interestIncome": 62200000, "interestExpense": 9387000, "depreciationAndAmortization": 367000, "ebitda": 23326000, "ebitdaratio": 0.6597092596, "operatingIncome": 31027000, "operatingIncomeRatio": 0.8775100402, "totalOtherIncomeExpensesNet": 12077000, "incomeBeforeTax": 13572000, "incomeBeforeTaxRatio": 0.3838452401, "incomeTaxExpense": 21464000, "netIncome": 13572000, "netIncomeRatio": 0.3838452401, "eps": 0.38, "epsdiluted": 0.37, "weightedAverageShsOut": 34486000, "weightedAverageShsOutDil": 34891000, "link": "https://www.sec.gov/Archives/edgar/data/1280784/000119312510055525/0001193125-10-055525-index.htm", "finalLink": "https://www.sec.gov/Archives/edgar/data/1280784/000119312510055525/d10k.htm", "calculatedOtherExpenses": -28192000, "calculatedOperatingExpenses": -6406000, "calculatedNetInterest": 52813000, "calculatedOtherIncome": -70268000, "calculatedIncomeNonControlling": -21464000, "calculatedEbitda": 31394000}, {"date": "2008-12-31", "symbol": "HCXY", "reportedCurrency": "USD", "cik": "0001280784", "fillingDate": "2009-03-16", "acceptedDate": "2009-03-16 15:14:10", "calendarYear": "2008", "period": "FY", "revenue": 43931000, "costOfRevenue": 11595000, "grossProfit": 32336000, "grossProfitRatio": 0.7360633721, "researchAndDevelopmentExpenses": 0, "generalAndAdministrativeExpenses": 6899000, "sellingAndMarketingExpenses": 0, "sellingGeneralAndAdministrativeExpenses": 6899000, "otherExpenses": 16037000, "operatingExpenses": 22936000, "costAndExpenses": 35854000, "interestIncome": 67283000, "interestExpense": 13121000, "depreciationAndAmortization": 306000, "ebitda": 34422000, "ebitdaratio": 0.7835469259, "operatingIncome": 39981000, "operatingIncomeRatio": 0.9100862717, "totalOtherIncomeExpensesNet": -18986000, "incomeBeforeTax": 20995000, "incomeBeforeTaxRatio": 0.4779085384, "incomeTaxExpense": -5865000, "netIncome": 20995000, "netIncomeRatio": 0.4779085384, "eps": 0.64, "epsdiluted": 0.64, "weightedAverageShsOut": 32619000, "weightedAverageShsOutDil": 32619000, "link": "https://www.sec.gov/Archives/edgar/data/1280784/000119312509055279/0001193125-09-055279-index.htm", "finalLink": "https://www.sec.gov/Archives/edgar/data/1280784/000119312509055279/d10k.htm", "calculatedOtherExpenses": -14544000, "calculatedOperatingExpenses": -7645000, "calculatedNetInterest": 54162000, "calculatedOtherIncome": -73148000, "calculatedIncomeNonControlling": 5865000, "calculatedEbitda": 40287000}, {"date": "2007-12-31", "symbol": "HCXY", "reportedCurrency": "USD", "cik": "0001280784", "fillingDate": "2008-03-12", "acceptedDate": "2008-03-12 17:00:38", "calendarYear": "2007", "period": "FY", "revenue": 59539000, "costOfRevenue": 9135000, "grossProfit": 50404000, "grossProfitRatio": 0.846571155, "researchAndDevelopmentExpenses": 0, "generalAndAdministrativeExpenses": 5437000, "sellingAndMarketingExpenses": 0, "sellingGeneralAndAdministrativeExpenses": 5437000, "otherExpenses": 11693000, "operatingExpenses": 17130000, "costAndExpenses": 21393000, "interestIncome": 48757000, "interestExpense": 4404000, "depreciationAndAmortization": 204000, "ebitda": 47019000, "ebitdaratio": 0.7897176641, "operatingIncome": 32491000, "operatingIncomeRatio": 0.5457095349, "totalOtherIncomeExpensesNet": 9918000, "incomeBeforeTax": 42409000, "incomeBeforeTaxRatio": 0.7122894237, "incomeTaxExpense": 2000, "netIncome": 42409000, "netIncomeRatio": 0.7122894237, "eps": 1.5, "epsdiluted": 1.49, "weightedAverageShsOut": 28295000, "weightedAverageShsOutDil": 28387000, "link": "https://www.sec.gov/Archives/edgar/data/1280784/000119312508054268/0001193125-08-054268-index.htm", "finalLink": "https://www.sec.gov/Archives/edgar/data/1280784/000119312508054268/d10k.htm", "calculatedOtherExpenses": 12476000, "calculatedOperatingExpenses": 17913000, "calculatedNetInterest": 44353000, "calculatedOtherIncome": -34435000, "calculatedIncomeNonControlling": -2000, "calculatedEbitda": 32695000}, {"date": "2006-12-31", "symbol": "HCXY", "reportedCurrency": "USD", "cik": "0001280784", "fillingDate": "2007-03-09", "acceptedDate": "2007-03-09 17:22:22", "calendarYear": "2006", "period": "FY", "revenue": 24641840, "costOfRevenue": 5778862000000, "grossProfit": -5778837358160, "grossProfitRatio": -234513.224587125, "researchAndDevelopmentExpenses": 0, "generalAndAdministrativeExpenses": 5408785, "sellingAndMarketingExpenses": 0, "sellingGeneralAndAdministrativeExpenses": 5408785, "otherExpenses": 7849457, "operatingExpenses": 13258242, "costAndExpenses": 18385639000000, "interestIncome": 26278090, "interestExpense": 5770485, "depreciationAndAmortization": 65185, "ebitda": 17862356, "ebitdaratio": 0.7248791486, "operatingIncome": 11122817000000, "operatingIncomeRatio": 451379, "totalOtherIncomeExpensesNet": -11122805616402, "incomeBeforeTax": 11383598, "incomeBeforeTaxRatio": 0.4619621749, "incomeTaxExpense": 643088, "netIncome": 11383598, "netIncomeRatio": 0.4619621749, "eps": 0.85, "epsdiluted": 0.84, "weightedAverageShsOut": 13352000, "weightedAverageShsOutDil": 13527000, "link": "https://www.sec.gov/Archives/edgar/data/1280784/000119312507051057/0001193125-07-051057-index.htm", "finalLink": "https://www.sec.gov/Archives/edgar/data/1280784/000119312507051057/d10k.htm", "calculatedOtherExpenses": -16901659766945, "calculatedOperatingExpenses": -16901654358160, "calculatedNetInterest": 20507605, "calculatedOtherIncome": -11122826124007, "calculatedIncomeNonControlling": -643088, "calculatedEbitda": 11122817065185}, {"date": "2005-12-31", "symbol": "HCXY", "reportedCurrency": "USD", "cik": "0001280784", "fillingDate": "2006-03-07", "acceptedDate": "2006-03-07 17:04:22", "calendarYear": "2005", "period": "FY", "revenue": 9700894, "costOfRevenue": 3705784000000, "grossProfit": -3705774299106, "grossProfitRatio": -382003.3802148544, "researchAndDevelopmentExpenses": 0, "generalAndAdministrativeExpenses": 6242822, "sellingAndMarketingExpenses": 0, "sellingGeneralAndAdministrativeExpenses": 6242822, "otherExpenses": 3151043000000, "operatingExpenses": 5436081000000, "costAndExpenses": 9141865000000, "interestIncome": 9791214, "interestExpense": 1800536, "depreciationAndAmortization": -766564, "ebitda": 3393537, "ebitdaratio": 0.3498169344, "operatingIncome": 1524778000000, "operatingIncomeRatio": 157179, "totalOtherIncomeExpensesNet": -1524775640435, "incomeBeforeTax": 2359565, "incomeBeforeTaxRatio": 0.2432317063, "incomeTaxExpense": 255000, "netIncome": 2104565, "netIncomeRatio": 0.2169454691, "eps": 0.3, "epsdiluted": 0.3, "weightedAverageShsOut": 6939000, "weightedAverageShsOutDil": 7016000, "link": "https://www.sec.gov/Archives/edgar/data/1280784/000119312506047261/0001193125-06-047261-index.htm", "finalLink": "https://www.sec.gov/Archives/edgar/data/1280784/000119312506047261/d10k.htm", "calculatedOtherExpenses": -5230558541928, "calculatedOperatingExpenses": -5230552299106, "calculatedNetInterest": 7990678, "calculatedOtherIncome": -1524783631113, "calculatedIncomeNonControlling": 0, "calculatedEbitda": 1524777233436}, {"date": "2004-12-31", "symbol": "HCXY", "reportedCurrency": "USD", "cik": "0001280784", "fillingDate": "2004-12-31", "acceptedDate": "2004-12-30 19:00:00", "calendarYear": "2004", "period": "FY", "revenue": 0, "costOfRevenue": 0, "grossProfit": 0, "grossProfitRatio": 0, "researchAndDevelopmentExpenses": 0, "generalAndAdministrativeExpenses": 411418, "sellingAndMarketingExpenses": 0, "sellingGeneralAndAdministrativeExpenses": 411418, "otherExpenses": -2453240, "operatingExpenses": -2041822, "costAndExpenses": -2041822, "interestIncome": 214100, "interestExpense": 0, "depreciationAndAmortization": 7533, "ebitda": -2034289, "ebitdaratio": 0, "operatingIncome": -2041822, "operatingIncomeRatio": 0, "totalOtherIncomeExpensesNet": 0, "incomeBeforeTax": -2041822, "incomeBeforeTaxRatio": 0, "incomeTaxExpense": 0, "netIncome": -2041822, "netIncomeRatio": 0, "eps": -1.72, "epsdiluted": -1.58, "weightedAverageShsOut": 1187000, "weightedAverageShsOutDil": 1293000, "link": "", "finalLink": "", "calculatedOtherExpenses": 1630404, "calculatedOperatingExpenses": 2041822, "calculatedNetInterest": 214100, "calculatedOtherIncome": -214100, "calculatedIncomeNonControlling": 0, "calculatedEbitda": -2034289}]}