{"originalCurrency": "USD", "convertedCurrency": "USD", "report": [{"date": "2024-01-28", "symbol": "HD", "reportedCurrency": "USD", "cik": "0000354950", "fillingDate": "2024-03-13", "acceptedDate": "2024-03-13 16:31:59", "calendarYear": "2023", "period": "FY", "revenue": 152669000000, "costOfRevenue": 104382000000, "grossProfit": 48287000000, "grossProfitRatio": 0.316285559, "researchAndDevelopmentExpenses": 0, "generalAndAdministrativeExpenses": 25498000000, "sellingAndMarketingExpenses": 1100000000, "sellingGeneralAndAdministrativeExpenses": 26598000000, "otherExpenses": -1000000, "operatingExpenses": 26598000000, "costAndExpenses": 130980000000, "interestIncome": 178000000, "interestExpense": 1943000000, "depreciationAndAmortization": 3247000000, "ebitda": 24936000000, "ebitdaratio": 0.1633337482, "operatingIncome": 21689000000, "operatingIncomeRatio": 0.1420655143, "totalOtherIncomeExpensesNet": -1765000000, "incomeBeforeTax": 19924000000, "incomeBeforeTaxRatio": 0.1305045556, "incomeTaxExpense": 4781000000, "netIncome": 15143000000, "netIncomeRatio": 0.0991884404, "eps": 15.16, "epsdiluted": 15.11, "weightedAverageShsOut": 999000000, "weightedAverageShsOutDil": 1002000000, "link": "https://www.sec.gov/Archives/edgar/data/354950/000035495024000062/0000354950-24-000062-index.htm", "finalLink": "https://www.sec.gov/Archives/edgar/data/354950/000035495024000062/hd-20240128.htm", "calculatedOtherExpenses": 0, "calculatedOperatingExpenses": 26598000000, "calculatedNetInterest": -1765000000, "calculatedOtherIncome": 0, "calculatedIncomeNonControlling": 0, "calculatedEbitda": 24936000000}, {"date": "2023-01-29", "symbol": "HD", "reportedCurrency": "USD", "cik": "0000354950", "fillingDate": "2023-03-15", "acceptedDate": "2023-03-15 16:22:15", "calendarYear": "2022", "period": "FY", "revenue": 157403000000, "costOfRevenue": 104625000000, "grossProfit": 52778000000, "grossProfitRatio": 0.3353049179, "researchAndDevelopmentExpenses": 0, "generalAndAdministrativeExpenses": 25199000000, "sellingAndMarketingExpenses": 1085000000, "sellingGeneralAndAdministrativeExpenses": 26284000000, "otherExpenses": 2455000000, "operatingExpenses": 28739000000, "costAndExpenses": 133364000000, "interestIncome": 55000000, "interestExpense": 1617000000, "depreciationAndAmortization": 3030000000, "ebitda": 27069000000, "ebitdaratio": 0.1719725799, "operatingIncome": 24039000000, "operatingIncomeRatio": 0.1527226292, "totalOtherIncomeExpensesNet": -1562000000, "incomeBeforeTax": 22477000000, "incomeBeforeTaxRatio": 0.1427990572, "incomeTaxExpense": 5372000000, "netIncome": 17105000000, "netIncomeRatio": 0.1086701016, "eps": 16.74, "epsdiluted": 16.69, "weightedAverageShsOut": 1022000000, "weightedAverageShsOutDil": 1025000000, "link": "https://www.sec.gov/Archives/edgar/data/354950/000035495023000059/0000354950-23-000059-index.htm", "finalLink": "https://www.sec.gov/Archives/edgar/data/354950/000035495023000059/hd-20230129.htm", "calculatedOtherExpenses": 2455000000, "calculatedOperatingExpenses": 28739000000, "calculatedNetInterest": -1562000000, "calculatedOtherIncome": 0, "calculatedIncomeNonControlling": 0, "calculatedEbitda": 27069000000}, {"date": "2022-01-30", "symbol": "HD", "reportedCurrency": "USD", "cik": "0000354950", "fillingDate": "2022-03-23", "acceptedDate": "2022-03-23 16:25:53", "calendarYear": "2021", "period": "FY", "revenue": 151157000000, "costOfRevenue": 100325000000, "grossProfit": 50832000000, "grossProfitRatio": 0.3362861131, "researchAndDevelopmentExpenses": 0, "generalAndAdministrativeExpenses": 24362000000, "sellingAndMarketingExpenses": 1044000000, "sellingGeneralAndAdministrativeExpenses": 25406000000, "otherExpenses": 2386000000, "operatingExpenses": 27792000000, "costAndExpenses": 128117000000, "interestIncome": 44000000, "interestExpense": 1347000000, "depreciationAndAmortization": 2906000000, "ebitda": 25946000000, "ebitdaratio": 0.1716493447, "operatingIncome": 23040000000, "operatingIncomeRatio": 0.1524243006, "totalOtherIncomeExpensesNet": -1303000000, "incomeBeforeTax": 21737000000, "incomeBeforeTaxRatio": 0.1438041242, "incomeTaxExpense": 5304000000, "netIncome": 16433000000, "netIncomeRatio": 0.10871478, "eps": 15.59, "epsdiluted": 15.53, "weightedAverageShsOut": 1054000000, "weightedAverageShsOutDil": 1058000000, "link": "https://www.sec.gov/Archives/edgar/data/354950/000035495022000070/0000354950-22-000070-index.htm", "finalLink": "https://www.sec.gov/Archives/edgar/data/354950/000035495022000070/hd-20220130.htm", "calculatedOtherExpenses": 2386000000, "calculatedOperatingExpenses": 27792000000, "calculatedNetInterest": -1303000000, "calculatedOtherIncome": 0, "calculatedIncomeNonControlling": 0, "calculatedEbitda": 25946000000}, {"date": "2021-01-31", "symbol": "HD", "reportedCurrency": "USD", "cik": "0000354950", "fillingDate": "2021-03-24", "acceptedDate": "2021-03-24 16:46:14", "calendarYear": "2020", "period": "FY", "revenue": 132110000000, "costOfRevenue": 87257000000, "grossProfit": 44853000000, "grossProfitRatio": 0.3395125274, "researchAndDevelopmentExpenses": 0, "generalAndAdministrativeExpenses": 23538000000, "sellingAndMarketingExpenses": 909000000, "sellingGeneralAndAdministrativeExpenses": 24447000000, "otherExpenses": 2128000000, "operatingExpenses": 26575000000, "costAndExpenses": 113832000000, "interestIncome": 47000000, "interestExpense": 1347000000, "depreciationAndAmortization": 2566000000, "ebitda": 20844000000, "ebitdaratio": 0.1577776096, "operatingIncome": 18278000000, "operatingIncomeRatio": 0.1383544016, "totalOtherIncomeExpensesNet": -1300000000, "incomeBeforeTax": 16978000000, "incomeBeforeTaxRatio": 0.128514117, "incomeTaxExpense": 4112000000, "netIncome": 12866000000, "netIncomeRatio": 0.0973885399, "eps": 11.98, "epsdiluted": 11.94, "weightedAverageShsOut": 1074000000, "weightedAverageShsOutDil": 1078000000, "link": "https://www.sec.gov/Archives/edgar/data/354950/000035495021000089/0000354950-21-000089-index.htm", "finalLink": "https://www.sec.gov/Archives/edgar/data/354950/000035495021000089/hd-20210131.htm", "calculatedOtherExpenses": 2128000000, "calculatedOperatingExpenses": 26575000000, "calculatedNetInterest": -1300000000, "calculatedOtherIncome": 0, "calculatedIncomeNonControlling": 0, "calculatedEbitda": 20844000000}, {"date": "2020-02-02", "symbol": "HD", "reportedCurrency": "USD", "cik": "0000354950", "fillingDate": "2020-03-25", "acceptedDate": "2020-03-25 16:41:53", "calendarYear": "2019", "period": "FY", "revenue": 110225000000, "costOfRevenue": 72653000000, "grossProfit": 37572000000, "grossProfitRatio": 0.3408664096, "researchAndDevelopmentExpenses": 0, "generalAndAdministrativeExpenses": 18836000000, "sellingAndMarketingExpenses": 904000000, "sellingGeneralAndAdministrativeExpenses": 19740000000, "otherExpenses": 1989000000, "operatingExpenses": 21729000000, "costAndExpenses": 94382000000, "interestIncome": 73000000, "interestExpense": 1201000000, "depreciationAndAmortization": 2369000000, "ebitda": 18212000000, "ebitdaratio": 0.1652256748, "operatingIncome": 15843000000, "operatingIncomeRatio": 0.1437332729, "totalOtherIncomeExpensesNet": -1128000000, "incomeBeforeTax": 14715000000, "incomeBeforeTaxRatio": 0.1334996598, "incomeTaxExpense": 3473000000, "netIncome": 11242000000, "netIncomeRatio": 0.1019913813, "eps": 10.29, "epsdiluted": 10.25, "weightedAverageShsOut": 1093000000, "weightedAverageShsOutDil": 1097000000, "link": "https://www.sec.gov/Archives/edgar/data/354950/000035495020000015/0000354950-20-000015-index.htm", "finalLink": "https://www.sec.gov/Archives/edgar/data/354950/000035495020000015/hd10k02022020.htm", "calculatedOtherExpenses": 1989000000, "calculatedOperatingExpenses": 21729000000, "calculatedNetInterest": -1128000000, "calculatedOtherIncome": 0, "calculatedIncomeNonControlling": 0, "calculatedEbitda": 18212000000}, {"date": "2019-02-03", "symbol": "HD", "reportedCurrency": "USD", "cik": "0000354950", "fillingDate": "2019-03-28", "acceptedDate": "2019-03-28 16:42:29", "calendarYear": "2018", "period": "FY", "revenue": 108203000000, "costOfRevenue": 71043000000, "grossProfit": 37160000000, "grossProfitRatio": 0.3434285556, "researchAndDevelopmentExpenses": 0, "generalAndAdministrativeExpenses": 19513000000, "sellingAndMarketingExpenses": 921000000, "sellingGeneralAndAdministrativeExpenses": 19513000000, "otherExpenses": -16000000, "operatingExpenses": 21383000000, "costAndExpenses": 92426000000, "interestIncome": 93000000, "interestExpense": 1051000000, "depreciationAndAmortization": 2152000000, "ebitda": 18006000000, "ebitdaratio": 0.1664094341, "operatingIncome": 15530000000, "operatingIncomeRatio": 0.1435265196, "totalOtherIncomeExpensesNet": -263000000, "incomeBeforeTax": 14556000000, "incomeBeforeTaxRatio": 0.1345249208, "incomeTaxExpense": 3435000000, "netIncome": 11121000000, "netIncomeRatio": 0.1027790357, "eps": 9.78, "epsdiluted": 9.73, "weightedAverageShsOut": 1137000000, "weightedAverageShsOutDil": 1143000000, "link": "https://www.sec.gov/Archives/edgar/data/354950/000035495019000010/0000354950-19-000010-index.htm", "finalLink": "https://www.sec.gov/Archives/edgar/data/354950/000035495019000010/hd_10kx02032019.htm", "calculatedOtherExpenses": 2117000000, "calculatedOperatingExpenses": 21630000000, "calculatedNetInterest": -958000000, "calculatedOtherIncome": -16000000, "calculatedIncomeNonControlling": 0, "calculatedEbitda": 17682000000}, {"date": "2018-01-28", "symbol": "HD", "reportedCurrency": "USD", "cik": "0000354950", "fillingDate": "2018-03-22", "acceptedDate": "2018-03-22 16:56:00", "calendarYear": "2017", "period": "FY", "revenue": 100904000000, "costOfRevenue": 66548000000, "grossProfit": 34356000000, "grossProfitRatio": 0.3404820423, "researchAndDevelopmentExpenses": 0, "generalAndAdministrativeExpenses": 17864000000, "sellingAndMarketingExpenses": 797000000, "sellingGeneralAndAdministrativeExpenses": 17864000000, "otherExpenses": 1811000000, "operatingExpenses": 19675000000, "costAndExpenses": 86223000000, "interestIncome": 74000000, "interestExpense": 1057000000, "depreciationAndAmortization": 2062000000, "ebitda": 16817000000, "ebitdaratio": 0.1666633632, "operatingIncome": 14681000000, "operatingIncomeRatio": 0.1454947277, "totalOtherIncomeExpensesNet": -983000000, "incomeBeforeTax": 13698000000, "incomeBeforeTaxRatio": 0.1357527947, "incomeTaxExpense": 5068000000, "netIncome": 8630000000, "netIncomeRatio": 0.0855268374, "eps": 7.33, "epsdiluted": 7.29, "weightedAverageShsOut": 1178000000, "weightedAverageShsOutDil": 1184000000, "link": "https://www.sec.gov/Archives/edgar/data/354950/000035495018000019/0000354950-18-000019-index.htm", "finalLink": "https://www.sec.gov/Archives/edgar/data/354950/000035495018000019/hd_10k01282018.htm", "calculatedOtherExpenses": 1811000000, "calculatedOperatingExpenses": 19675000000, "calculatedNetInterest": -983000000, "calculatedOtherIncome": 0, "calculatedIncomeNonControlling": 0, "calculatedEbitda": 16743000000}, {"date": "2017-01-29", "symbol": "HD", "reportedCurrency": "USD", "cik": "0000354950", "fillingDate": "2017-03-23", "acceptedDate": "2017-03-23 16:29:46", "calendarYear": "2016", "period": "FY", "revenue": 94595000000, "costOfRevenue": 62282000000, "grossProfit": 32313000000, "grossProfitRatio": 0.3415931075, "researchAndDevelopmentExpenses": 0, "generalAndAdministrativeExpenses": 17132000000, "sellingAndMarketingExpenses": 789000000, "sellingGeneralAndAdministrativeExpenses": 17132000000, "otherExpenses": 1754000000, "operatingExpenses": 18886000000, "costAndExpenses": 81168000000, "interestIncome": 36000000, "interestExpense": 972000000, "depreciationAndAmortization": 1973000000, "ebitda": 15436000000, "ebitdaratio": 0.1631798721, "operatingIncome": 13427000000, "operatingIncomeRatio": 0.1419419631, "totalOtherIncomeExpensesNet": -936000000, "incomeBeforeTax": 12491000000, "incomeBeforeTaxRatio": 0.1320471484, "incomeTaxExpense": 4534000000, "netIncome": 7957000000, "netIncomeRatio": 0.0841164966, "eps": 6.47, "epsdiluted": 6.45, "weightedAverageShsOut": 1229000000, "weightedAverageShsOutDil": 1234000000, "link": "https://www.sec.gov/Archives/edgar/data/354950/000035495017000005/0000354950-17-000005-index.htm", "finalLink": "https://www.sec.gov/Archives/edgar/data/354950/000035495017000005/hd-01292017x10xk.htm", "calculatedOtherExpenses": 1754000000, "calculatedOperatingExpenses": 18886000000, "calculatedNetInterest": -936000000, "calculatedOtherIncome": 0, "calculatedIncomeNonControlling": 0, "calculatedEbitda": 15400000000}, {"date": "2016-01-31", "symbol": "HD", "reportedCurrency": "USD", "cik": "0000354950", "fillingDate": "2016-03-24", "acceptedDate": "2016-03-24 16:05:36", "calendarYear": "2015", "period": "FY", "revenue": 88519000000, "costOfRevenue": 58254000000, "grossProfit": 30265000000, "grossProfitRatio": 0.341903998, "researchAndDevelopmentExpenses": 0, "generalAndAdministrativeExpenses": 16062000000, "sellingAndMarketingExpenses": 739000000, "sellingGeneralAndAdministrativeExpenses": 16801000000, "otherExpenses": 1690000000, "operatingExpenses": 18491000000, "costAndExpenses": 76745000000, "interestIncome": 166000000, "interestExpense": 919000000, "depreciationAndAmortization": 1863000000, "ebitda": 13803000000, "ebitdaratio": 0.1559326246, "operatingIncome": 11774000000, "operatingIncomeRatio": 0.133010992, "totalOtherIncomeExpensesNet": -753000000, "incomeBeforeTax": 11021000000, "incomeBeforeTaxRatio": 0.1245043437, "incomeTaxExpense": 4012000000, "netIncome": 7009000000, "netIncomeRatio": 0.0791807409, "eps": 5.49, "epsdiluted": 5.46, "weightedAverageShsOut": 1277000000, "weightedAverageShsOutDil": 1283000000, "link": "https://www.sec.gov/Archives/edgar/data/354950/000035495016000060/0000354950-16-000060-index.htm", "finalLink": "https://www.sec.gov/Archives/edgar/data/354950/000035495016000060/hd-1312016x10xk.htm", "calculatedOtherExpenses": 1690000000, "calculatedOperatingExpenses": 18491000000, "calculatedNetInterest": -753000000, "calculatedOtherIncome": 0, "calculatedIncomeNonControlling": 0, "calculatedEbitda": 13637000000}, {"date": "2015-02-01", "symbol": "HD", "reportedCurrency": "USD", "cik": "0000354950", "fillingDate": "2015-03-26", "acceptedDate": "2015-03-26 16:03:43", "calendarYear": "2014", "period": "FY", "revenue": 83176000000, "costOfRevenue": 54222000000, "grossProfit": 28954000000, "grossProfitRatio": 0.3481052227, "researchAndDevelopmentExpenses": 0, "generalAndAdministrativeExpenses": 16280000000, "sellingAndMarketingExpenses": 554000000, "sellingGeneralAndAdministrativeExpenses": 16834000000, "otherExpenses": 1651000000, "operatingExpenses": 18485000000, "costAndExpenses": 72707000000, "interestIncome": 337000000, "interestExpense": 830000000, "depreciationAndAmortization": 1786000000, "ebitda": 12592000000, "ebitdaratio": 0.151389824, "operatingIncome": 10469000000, "operatingIncomeRatio": 0.1258656343, "totalOtherIncomeExpensesNet": -493000000, "incomeBeforeTax": 9976000000, "incomeBeforeTaxRatio": 0.1199384438, "incomeTaxExpense": 3631000000, "netIncome": 6345000000, "netIncomeRatio": 0.0762840242, "eps": 4.74, "epsdiluted": 4.71, "weightedAverageShsOut": 1338000000, "weightedAverageShsOutDil": 1346000000, "link": "https://www.sec.gov/Archives/edgar/data/354950/000035495015000008/0000354950-15-000008-index.htm", "finalLink": "https://www.sec.gov/Archives/edgar/data/354950/000035495015000008/hd-212015x10xk.htm", "calculatedOtherExpenses": 1651000000, "calculatedOperatingExpenses": 18485000000, "calculatedNetInterest": -493000000, "calculatedOtherIncome": 0, "calculatedIncomeNonControlling": 0, "calculatedEbitda": 12255000000}, {"date": "2014-02-02", "symbol": "HD", "reportedCurrency": "USD", "cik": "0000354950", "fillingDate": "2014-03-27", "acceptedDate": "2014-03-27 16:14:17", "calendarYear": "2013", "period": "FY", "revenue": 78812000000, "costOfRevenue": 51422000000, "grossProfit": 27390000000, "grossProfitRatio": 0.3475359082, "researchAndDevelopmentExpenses": 0, "generalAndAdministrativeExpenses": 16597000000, "sellingAndMarketingExpenses": 751000000, "sellingGeneralAndAdministrativeExpenses": 16597000000, "otherExpenses": 1627000000, "operatingExpenses": 18224000000, "costAndExpenses": 69646000000, "interestIncome": 12000000, "interestExpense": 711000000, "depreciationAndAmortization": 1757000000, "ebitda": 10935000000, "ebitdaratio": 0.1387479064, "operatingIncome": 9166000000, "operatingIncomeRatio": 0.116302086, "totalOtherIncomeExpensesNet": -699000000, "incomeBeforeTax": 8467000000, "incomeBeforeTaxRatio": 0.1074328782, "incomeTaxExpense": 3082000000, "netIncome": 5385000000, "netIncomeRatio": 0.0683271583, "eps": 3.78, "epsdiluted": 3.76, "weightedAverageShsOut": 1425000000, "weightedAverageShsOutDil": 1434000000, "link": "https://www.sec.gov/Archives/edgar/data/354950/000035495014000008/0000354950-14-000008-index.htm", "finalLink": "https://www.sec.gov/Archives/edgar/data/354950/000035495014000008/hd-222014x10xk.htm", "calculatedOtherExpenses": 1627000000, "calculatedOperatingExpenses": 18224000000, "calculatedNetInterest": -699000000, "calculatedOtherIncome": 0, "calculatedIncomeNonControlling": 0, "calculatedEbitda": 10923000000}, {"date": "2013-02-03", "symbol": "HD", "reportedCurrency": "USD", "cik": "0000354950", "fillingDate": "2013-03-28", "acceptedDate": "2013-03-28 16:22:36", "calendarYear": "2012", "period": "FY", "revenue": 74754000000, "costOfRevenue": 48912000000, "grossProfit": 25842000000, "grossProfitRatio": 0.3456938759, "researchAndDevelopmentExpenses": 0, "generalAndAdministrativeExpenses": 16508000000, "sellingAndMarketingExpenses": 746000000, "sellingGeneralAndAdministrativeExpenses": 16508000000, "otherExpenses": 67000000, "operatingExpenses": 18076000000, "costAndExpenses": 66988000000, "interestIncome": 20000000, "interestExpense": 632000000, "depreciationAndAmortization": 1684000000, "ebitda": 9537000000, "ebitdaratio": 0.1275784573, "operatingIncome": 7766000000, "operatingIncomeRatio": 0.1038874174, "totalOtherIncomeExpensesNet": 67000000, "incomeBeforeTax": 7221000000, "incomeBeforeTaxRatio": 0.0965968376, "incomeTaxExpense": 2686000000, "netIncome": 4535000000, "netIncomeRatio": 0.06066565, "eps": 3.03, "epsdiluted": 3, "weightedAverageShsOut": 1499000000, "weightedAverageShsOutDil": 1511000000, "link": "https://www.sec.gov/Archives/edgar/data/354950/000035495013000008/0000354950-13-000008-index.htm", "finalLink": "https://www.sec.gov/Archives/edgar/data/354950/000035495013000008/hd-232013x10xk.htm", "calculatedOtherExpenses": 1568000000, "calculatedOperatingExpenses": 18076000000, "calculatedNetInterest": -612000000, "calculatedOtherIncome": 67000000, "calculatedIncomeNonControlling": 0, "calculatedEbitda": 9450000000}, {"date": "2012-01-29", "symbol": "HD", "reportedCurrency": "USD", "cik": "0000354950", "fillingDate": "2012-03-22", "acceptedDate": "2012-03-22 16:14:41", "calendarYear": "2011", "period": "FY", "revenue": 70395000000, "costOfRevenue": 46133000000, "grossProfit": 24262000000, "grossProfitRatio": 0.3446551602, "researchAndDevelopmentExpenses": 0, "generalAndAdministrativeExpenses": 16028000000, "sellingAndMarketingExpenses": 0, "sellingGeneralAndAdministrativeExpenses": 16028000000, "otherExpenses": 1573000000, "operatingExpenses": 17601000000, "costAndExpenses": 63734000000, "interestIncome": 13000000, "interestExpense": 606000000, "depreciationAndAmortization": 1682000000, "ebitda": 8356000000, "ebitdaratio": 0.1187016123, "operatingIncome": 6661000000, "operatingIncomeRatio": 0.0946231977, "totalOtherIncomeExpensesNet": -593000000, "incomeBeforeTax": 6068000000, "incomeBeforeTaxRatio": 0.0861993039, "incomeTaxExpense": 2185000000, "netIncome": 3883000000, "netIncomeRatio": 0.0551601676, "eps": 2.49, "epsdiluted": 2.47, "weightedAverageShsOut": 1562000000, "weightedAverageShsOutDil": 1570000000, "link": "https://www.sec.gov/Archives/edgar/data/354950/000035495012000003/0000354950-12-000003-index.htm", "finalLink": "https://www.sec.gov/Archives/edgar/data/354950/000035495012000003/hd-1292012x10xk.htm", "calculatedOtherExpenses": 1573000000, "calculatedOperatingExpenses": 17601000000, "calculatedNetInterest": -593000000, "calculatedOtherIncome": 0, "calculatedIncomeNonControlling": 0, "calculatedEbitda": 8343000000}, {"date": "2011-01-30", "symbol": "HD", "reportedCurrency": "USD", "cik": "0000354950", "fillingDate": "2011-03-24", "acceptedDate": "2011-03-24 16:21:02", "calendarYear": "2010", "period": "FY", "revenue": 67997000000, "costOfRevenue": 44693000000, "grossProfit": 23304000000, "grossProfitRatio": 0.3427210024, "researchAndDevelopmentExpenses": 0, "generalAndAdministrativeExpenses": 15849000000, "sellingAndMarketingExpenses": 0, "sellingGeneralAndAdministrativeExpenses": 15849000000, "otherExpenses": 1616000000, "operatingExpenses": 17465000000, "costAndExpenses": 62158000000, "interestIncome": 15000000, "interestExpense": 530000000, "depreciationAndAmortization": 1718000000, "ebitda": 7572000000, "ebitdaratio": 0.111357854, "operatingIncome": 5839000000, "operatingIncomeRatio": 0.0858714355, "totalOtherIncomeExpensesNet": -51000000, "incomeBeforeTax": 5273000000, "incomeBeforeTaxRatio": 0.0775475389, "incomeTaxExpense": 1935000000, "netIncome": 3338000000, "netIncomeRatio": 0.049090401, "eps": 2.03, "epsdiluted": 2.01, "weightedAverageShsOut": 1648000000, "weightedAverageShsOutDil": 1658000000, "link": "https://www.sec.gov/Archives/edgar/data/354950/000119312511076501/0001193125-11-076501-index.htm", "finalLink": "https://www.sec.gov/Archives/edgar/data/354950/000119312511076501/d10k.htm", "calculatedOtherExpenses": 1616000000, "calculatedOperatingExpenses": 17465000000, "calculatedNetInterest": -515000000, "calculatedOtherIncome": -51000000, "calculatedIncomeNonControlling": 0, "calculatedEbitda": 7557000000}, {"date": "2010-01-31", "symbol": "HD", "reportedCurrency": "USD", "cik": "0000354950", "fillingDate": "2010-03-25", "acceptedDate": "2010-03-25 16:38:52", "calendarYear": "2009", "period": "FY", "revenue": 66176000000, "costOfRevenue": 43764000000, "grossProfit": 22412000000, "grossProfitRatio": 0.3386726306, "researchAndDevelopmentExpenses": 0, "generalAndAdministrativeExpenses": 0, "sellingAndMarketingExpenses": 0, "sellingGeneralAndAdministrativeExpenses": 15902000000, "otherExpenses": 1707000000, "operatingExpenses": 17609000000, "costAndExpenses": 61373000000, "interestIncome": 18000000, "interestExpense": 676000000, "depreciationAndAmortization": 1707000000, "ebitda": 6528000000, "ebitdaratio": 0.0986460348, "operatingIncome": 4803000000, "operatingIncomeRatio": 0.0725791828, "totalOtherIncomeExpensesNet": -163000000, "incomeBeforeTax": 3982000000, "incomeBeforeTaxRatio": 0.0601728723, "incomeTaxExpense": 1362000000, "netIncome": 2661000000, "netIncomeRatio": 0.0402109526, "eps": 1.58, "epsdiluted": 1.57, "weightedAverageShsOut": 1683000000, "weightedAverageShsOutDil": 1692000000, "link": "https://www.sec.gov/Archives/edgar/data/354950/000119312510067178/0001193125-10-067178-index.htm", "finalLink": "https://www.sec.gov/Archives/edgar/data/354950/000119312510067178/d10k.htm", "calculatedOtherExpenses": 1707000000, "calculatedOperatingExpenses": 17609000000, "calculatedNetInterest": -658000000, "calculatedOtherIncome": -163000000, "calculatedIncomeNonControlling": -41000000, "calculatedEbitda": 6510000000}, {"date": "2009-02-01", "symbol": "HD", "reportedCurrency": "USD", "cik": "0000354950", "fillingDate": "2009-04-02", "acceptedDate": "2009-04-02 16:12:35", "calendarYear": "2008", "period": "FY", "revenue": 71288000000, "costOfRevenue": 47298000000, "grossProfit": 23990000000, "grossProfitRatio": 0.3365222758, "researchAndDevelopmentExpenses": 0, "generalAndAdministrativeExpenses": 17846000000, "sellingAndMarketingExpenses": 0, "sellingGeneralAndAdministrativeExpenses": 17846000000, "otherExpenses": 1785000000, "operatingExpenses": 19631000000, "costAndExpenses": 66929000000, "interestIncome": 18000000, "interestExpense": 624000000, "depreciationAndAmortization": 1902000000, "ebitda": 6279000000, "ebitdaratio": 0.0880793401, "operatingIncome": 4359000000, "operatingIncomeRatio": 0.061146336, "totalOtherIncomeExpensesNet": -163000000, "incomeBeforeTax": 3590000000, "incomeBeforeTaxRatio": 0.0503591067, "incomeTaxExpense": 1278000000, "netIncome": 2260000000, "netIncomeRatio": 0.0317023903, "eps": 1.34, "epsdiluted": 1.34, "weightedAverageShsOut": 1682000000, "weightedAverageShsOutDil": 1686000000, "link": "https://www.sec.gov/Archives/edgar/data/354950/000095014409002875/0000950144-09-002875-index.htm", "finalLink": "https://www.sec.gov/Archives/edgar/data/354950/000095014409002875/x17422e10vk.htm", "calculatedOtherExpenses": 1785000000, "calculatedOperatingExpenses": 19631000000, "calculatedNetInterest": -606000000, "calculatedOtherIncome": -163000000, "calculatedIncomeNonControlling": 52000000, "calculatedEbitda": 6261000000}, {"date": "2008-02-03", "symbol": "HD", "reportedCurrency": "USD", "cik": "0000354950", "fillingDate": "2008-04-03", "acceptedDate": "2008-04-03 16:36:42", "calendarYear": "2007", "period": "FY", "revenue": 77349000000, "costOfRevenue": 51352000000, "grossProfit": 25997000000, "grossProfitRatio": 0.3361000142, "researchAndDevelopmentExpenses": 0, "generalAndAdministrativeExpenses": 17053000000, "sellingAndMarketingExpenses": 0, "sellingGeneralAndAdministrativeExpenses": 17053000000, "otherExpenses": 1702000000, "operatingExpenses": 18755000000, "costAndExpenses": 70107000000, "interestIncome": -74000000, "interestExpense": 437000000, "depreciationAndAmortization": 1906000000, "ebitda": 9148000000, "ebitdaratio": 0.1182691438, "operatingIncome": 7242000000, "operatingIncomeRatio": 0.0936275841, "totalOtherIncomeExpensesNet": -622000000, "incomeBeforeTax": 6620000000, "incomeBeforeTaxRatio": 0.0855861097, "incomeTaxExpense": 2410000000, "netIncome": 4395000000, "netIncomeRatio": 0.0568203855, "eps": 2.38, "epsdiluted": 2.37, "weightedAverageShsOut": 1849000000, "weightedAverageShsOutDil": 1856000000, "link": "https://www.sec.gov/Archives/edgar/data/354950/000104746908004077/0001047469-08-004077-index.htm", "finalLink": "https://www.sec.gov/Archives/edgar/data/354950/000104746908004077/a2183971z10-k.htm", "calculatedOtherExpenses": 1702000000, "calculatedOperatingExpenses": 18755000000, "calculatedNetInterest": -511000000, "calculatedOtherIncome": -111000000, "calculatedIncomeNonControlling": -185000000, "calculatedEbitda": 9148000000}, {"date": "2007-01-28", "symbol": "HD", "reportedCurrency": "USD", "cik": "0000354950", "fillingDate": "2007-03-29", "acceptedDate": "2007-03-29 17:08:40", "calendarYear": "2006", "period": "FY", "revenue": 90837000000, "costOfRevenue": 61054000000, "grossProfit": 29783000000, "grossProfitRatio": 0.3278730033, "researchAndDevelopmentExpenses": 0, "generalAndAdministrativeExpenses": 18348000000, "sellingAndMarketingExpenses": 0, "sellingGeneralAndAdministrativeExpenses": 18348000000, "otherExpenses": 1762000000, "operatingExpenses": 20110000000, "costAndExpenses": 81164000000, "interestIncome": 27000000, "interestExpense": 365000000, "depreciationAndAmortization": 1886000000, "ebitda": 11559000000, "ebitdaratio": 0.1272499092, "operatingIncome": 9673000000, "operatingIncomeRatio": 0.1064874445, "totalOtherIncomeExpensesNet": -365000000, "incomeBeforeTax": 9308000000, "incomeBeforeTaxRatio": 0.1024692581, "incomeTaxExpense": 3547000000, "netIncome": 5761000000, "netIncomeRatio": 0.0634212931, "eps": 2.8, "epsdiluted": 2.79, "weightedAverageShsOut": 2054000000, "weightedAverageShsOutDil": 2062000000, "link": "https://www.sec.gov/Archives/edgar/data/354950/000104746907002295/0001047469-07-002295-index.htm", "finalLink": "https://www.sec.gov/Archives/edgar/data/354950/000104746907002295/a2176777z10-k.htm", "calculatedOtherExpenses": 1762000000, "calculatedOperatingExpenses": 20110000000, "calculatedNetInterest": -338000000, "calculatedOtherIncome": -27000000, "calculatedIncomeNonControlling": 0, "calculatedEbitda": 11559000000}, {"date": "2006-01-29", "symbol": "HD", "reportedCurrency": "USD", "cik": "0000354950", "fillingDate": "2006-03-29", "acceptedDate": "2006-03-29 17:08:36", "calendarYear": "2005", "period": "FY", "revenue": 81511000000, "costOfRevenue": 54191000000, "grossProfit": 27320000000, "grossProfitRatio": 0.3351694863, "researchAndDevelopmentExpenses": 0, "generalAndAdministrativeExpenses": 16485000000, "sellingAndMarketingExpenses": 0, "sellingGeneralAndAdministrativeExpenses": 16485000000, "otherExpenses": 1472000000, "operatingExpenses": 17957000000, "costAndExpenses": 72148000000, "interestIncome": 62000000, "interestExpense": 81000000, "depreciationAndAmortization": 1579000000, "ebitda": 10942000000, "ebitdaratio": 0.1342395505, "operatingIncome": 9363000000, "operatingIncomeRatio": 0.1148679319, "totalOtherIncomeExpensesNet": -81000000, "incomeBeforeTax": 9282000000, "incomeBeforeTaxRatio": 0.113874201, "incomeTaxExpense": 3444000000, "netIncome": 5838000000, "netIncomeRatio": 0.071622235, "eps": 2.73, "epsdiluted": 2.72, "weightedAverageShsOut": 2138000000, "weightedAverageShsOutDil": 2147000000, "link": "https://www.sec.gov/Archives/edgar/data/354950/000104746906004211/0001047469-06-004211-index.htm", "finalLink": "https://www.sec.gov/Archives/edgar/data/354950/000104746906004211/a2168212z10-k.htm", "calculatedOtherExpenses": 1472000000, "calculatedOperatingExpenses": 17957000000, "calculatedNetInterest": -19000000, "calculatedOtherIncome": -62000000, "calculatedIncomeNonControlling": 0, "calculatedEbitda": 10942000000}, {"date": "2005-01-30", "symbol": "HD", "reportedCurrency": "USD", "cik": "0000354950", "fillingDate": "2005-04-11", "acceptedDate": "2005-04-11 15:11:28", "calendarYear": "2004", "period": "FY", "revenue": 73094000000, "costOfRevenue": 48664000000, "grossProfit": 24430000000, "grossProfitRatio": 0.3342271595, "researchAndDevelopmentExpenses": 0, "generalAndAdministrativeExpenses": 1399000000, "sellingAndMarketingExpenses": 15105000000, "sellingGeneralAndAdministrativeExpenses": 16504000000, "otherExpenses": 0, "operatingExpenses": 16504000000, "costAndExpenses": 65168000000, "interestIncome": 0, "interestExpense": 14000000, "depreciationAndAmortization": 1319000000, "ebitda": 9245000000, "ebitdaratio": 0.1264809697, "operatingIncome": 7926000000, "operatingIncomeRatio": 0.1084357129, "totalOtherIncomeExpensesNet": -14000000, "incomeBeforeTax": 7912000000, "incomeBeforeTaxRatio": 0.1082441787, "incomeTaxExpense": 2911000000, "netIncome": 5001000000, "netIncomeRatio": 0.0684187485, "eps": 2.27, "epsdiluted": 2.26, "weightedAverageShsOut": 2207000000, "weightedAverageShsOutDil": 2216000000, "link": "https://www.sec.gov/Archives/edgar/data/354950/000104746905009783/0001047469-05-009783-index.htm", "finalLink": "https://www.sec.gov/Archives/edgar/data/354950/000104746905009783/a2153171z10-k.htm", "calculatedOtherExpenses": 0, "calculatedOperatingExpenses": 16504000000, "calculatedNetInterest": -14000000, "calculatedOtherIncome": 0, "calculatedIncomeNonControlling": 0, "calculatedEbitda": 9245000000}, {"date": "2004-02-01", "symbol": "HD", "reportedCurrency": "USD", "cik": "0000354950", "fillingDate": "2004-04-12", "acceptedDate": "2004-04-12 16:22:26", "calendarYear": "2003", "period": "FY", "revenue": 64816000000, "costOfRevenue": 44236000000, "grossProfit": 20580000000, "grossProfitRatio": 0.317514194, "researchAndDevelopmentExpenses": 0, "generalAndAdministrativeExpenses": 1232000000, "sellingAndMarketingExpenses": 12502000000, "sellingGeneralAndAdministrativeExpenses": 13734000000, "otherExpenses": 0, "operatingExpenses": 13734000000, "costAndExpenses": 57970000000, "interestIncome": 0, "interestExpense": 3000000, "depreciationAndAmortization": 1076000000, "ebitda": 7922000000, "ebitdaratio": 0.1222229079, "operatingIncome": 6846000000, "operatingIncomeRatio": 0.1056220686, "totalOtherIncomeExpensesNet": -3000000, "incomeBeforeTax": 6843000000, "incomeBeforeTaxRatio": 0.1055757838, "incomeTaxExpense": 2539000000, "netIncome": 4304000000, "netIncomeRatio": 0.0664033572, "eps": 1.88, "epsdiluted": 1.88, "weightedAverageShsOut": 2283000000, "weightedAverageShsOutDil": 2289000000, "link": "https://www.sec.gov/Archives/edgar/data/354950/000104746904011651/0001047469-04-011651-index.htm", "finalLink": "https://www.sec.gov/Archives/edgar/data/354950/000104746904011651/a2132560z10-k.htm", "calculatedOtherExpenses": 0, "calculatedOperatingExpenses": 13734000000, "calculatedNetInterest": -3000000, "calculatedOtherIncome": 0, "calculatedIncomeNonControlling": 0, "calculatedEbitda": 7922000000}, {"date": "2003-02-02", "symbol": "HD", "reportedCurrency": "USD", "cik": "0000354950", "fillingDate": "2003-04-21", "acceptedDate": "2003-04-18 19:57:26", "calendarYear": "2002", "period": "FY", "revenue": 58247000000, "costOfRevenue": 40139000000, "grossProfit": 18108000000, "grossProfitRatio": 0.3108829639, "researchAndDevelopmentExpenses": 0, "generalAndAdministrativeExpenses": 12278000000, "sellingAndMarketingExpenses": 0, "sellingGeneralAndAdministrativeExpenses": 12278000000, "otherExpenses": 0, "operatingExpenses": 12278000000, "costAndExpenses": 52417000000, "interestIncome": 0, "interestExpense": -42000000, "depreciationAndAmortization": 903000000, "ebitda": 6733000000, "ebitdaratio": 0.1155939362, "operatingIncome": 5830000000, "operatingIncomeRatio": 0.1000909918, "totalOtherIncomeExpensesNet": 42000000, "incomeBeforeTax": 5872000000, "incomeBeforeTaxRatio": 0.100812059, "incomeTaxExpense": 2208000000, "netIncome": 3664000000, "netIncomeRatio": 0.0629045273, "eps": 1.57, "epsdiluted": 1.56, "weightedAverageShsOut": 2336000000, "weightedAverageShsOutDil": 2344000000, "link": "https://www.sec.gov/Archives/edgar/data/354950/000095014403005180/0000950144-03-005180-index.htm", "finalLink": "https://www.sec.gov/Archives/edgar/data/354950/000095014403005180/g81844e10vk.txt", "calculatedOtherExpenses": 0, "calculatedOperatingExpenses": 12278000000, "calculatedNetInterest": 42000000, "calculatedOtherIncome": 0, "calculatedIncomeNonControlling": 0, "calculatedEbitda": 6733000000}, {"date": "2002-02-03", "symbol": "HD", "reportedCurrency": "USD", "cik": "0000354950", "fillingDate": "2002-04-19", "acceptedDate": "2002-04-19 00:00:00", "calendarYear": "2001", "period": "FY", "revenue": 53553000000, "costOfRevenue": 37406000000, "grossProfit": 16147000000, "grossProfitRatio": 0.3015143876, "researchAndDevelopmentExpenses": 0, "generalAndAdministrativeExpenses": 11215000000, "sellingAndMarketingExpenses": 0, "sellingGeneralAndAdministrativeExpenses": 11215000000, "otherExpenses": 0, "operatingExpenses": 11215000000, "costAndExpenses": 48621000000, "interestIncome": 0, "interestExpense": -25000000, "depreciationAndAmortization": 764000000, "ebitda": 5696000000, "ebitdaratio": 0.1063619218, "operatingIncome": 4932000000, "operatingIncomeRatio": 0.0920956809, "totalOtherIncomeExpensesNet": 25000000, "incomeBeforeTax": 4957000000, "incomeBeforeTaxRatio": 0.0925625082, "incomeTaxExpense": 1913000000, "netIncome": 3044000000, "netIncomeRatio": 0.0568408866, "eps": 1.3, "epsdiluted": 1.29, "weightedAverageShsOut": 2335000000, "weightedAverageShsOutDil": 2353000000, "link": "https://www.sec.gov/Archives/edgar/data/354950/000095014402004155/0000950144-02-004155-index.htm", "finalLink": "https://www.sec.gov/Archives/edgar/data/354950/000095014402004155/g75478e10-k.txt", "calculatedOtherExpenses": 0, "calculatedOperatingExpenses": 11215000000, "calculatedNetInterest": 25000000, "calculatedOtherIncome": 0, "calculatedIncomeNonControlling": 0, "calculatedEbitda": 5696000000}, {"date": "2001-01-28", "symbol": "HD", "reportedCurrency": "USD", "cik": "0000354950", "fillingDate": "2001-04-23", "acceptedDate": "2001-04-23 00:00:00", "calendarYear": "2000", "period": "FY", "revenue": 45738000000, "costOfRevenue": 32057000000, "grossProfit": 13681000000, "grossProfitRatio": 0.2991167082, "researchAndDevelopmentExpenses": 0, "generalAndAdministrativeExpenses": 0, "sellingAndMarketingExpenses": 0, "sellingGeneralAndAdministrativeExpenses": 9490000000, "otherExpenses": 0, "operatingExpenses": 9490000000, "costAndExpenses": 41547000000, "interestIncome": 0, "interestExpense": -26000000, "depreciationAndAmortization": 601000000, "ebitda": 4792000000, "ebitdaratio": 0.1047706502, "operatingIncome": 4191000000, "operatingIncomeRatio": 0.0916305916, "totalOtherIncomeExpensesNet": 26000000, "incomeBeforeTax": 4217000000, "incomeBeforeTaxRatio": 0.0921990467, "incomeTaxExpense": 1636000000, "netIncome": 2581000000, "netIncomeRatio": 0.0564301019, "eps": 1.11, "epsdiluted": 1.1, "weightedAverageShsOut": 2315000000, "weightedAverageShsOutDil": 2352000000, "link": "https://www.sec.gov/Archives/edgar/data/354950/000095014401005194/0000950144-01-005194-index.htm", "finalLink": "https://www.sec.gov/Archives/edgar/data/354950/000095014401005194/g68482e10-k.txt", "calculatedOtherExpenses": 0, "calculatedOperatingExpenses": 9490000000, "calculatedNetInterest": 26000000, "calculatedOtherIncome": 0, "calculatedIncomeNonControlling": 0, "calculatedEbitda": 4792000000}, {"date": "2000-01-30", "symbol": "HD", "reportedCurrency": "USD", "cik": "0000354950", "fillingDate": "2000-04-21", "acceptedDate": "2000-04-21 00:00:00", "calendarYear": "1999", "period": "FY", "revenue": 38434000000, "costOfRevenue": 26560000000, "grossProfit": 11874000000, "grossProfitRatio": 0.3089452048, "researchAndDevelopmentExpenses": 0, "generalAndAdministrativeExpenses": 7616000000, "sellingAndMarketingExpenses": 0, "sellingGeneralAndAdministrativeExpenses": 7616000000, "otherExpenses": 463000000, "operatingExpenses": 8079000000, "costAndExpenses": 34639000000, "interestIncome": 0, "interestExpense": -9000000, "depreciationAndAmortization": 463000000, "ebitda": 4258000000, "ebitdaratio": 0.1107873237, "operatingIncome": 3795000000, "operatingIncomeRatio": 0.0987406983, "totalOtherIncomeExpensesNet": 9000000, "incomeBeforeTax": 3804000000, "incomeBeforeTaxRatio": 0.098974866, "incomeTaxExpense": 1484000000, "netIncome": 2320000000, "netIncomeRatio": 0.0603632201, "eps": 1.03, "epsdiluted": 1, "weightedAverageShsOut": 2244000000, "weightedAverageShsOutDil": 2342000000, "link": "https://www.sec.gov/Archives/edgar/data/354950/000095014400005338/0000950144-00-005338-index.htm", "finalLink": "https://www.sec.gov/Archives/edgar/data/354950/000095014400005338/0000950144-00-005338.txt", "calculatedOtherExpenses": 463000000, "calculatedOperatingExpenses": 8079000000, "calculatedNetInterest": 9000000, "calculatedOtherIncome": 0, "calculatedIncomeNonControlling": 0, "calculatedEbitda": 4258000000}, {"date": "1999-01-31", "symbol": "HD", "reportedCurrency": "USD", "cik": "0000354950", "fillingDate": "1999-04-19", "acceptedDate": "1999-04-19 00:00:00", "calendarYear": "1998", "period": "FY", "revenue": 30219000000, "costOfRevenue": 21241000000, "grossProfit": 8978000000, "grossProfitRatio": 0.2970978523, "researchAndDevelopmentExpenses": 0, "generalAndAdministrativeExpenses": 5944000000, "sellingAndMarketingExpenses": 0, "sellingGeneralAndAdministrativeExpenses": 5944000000, "otherExpenses": 373000000, "operatingExpenses": 6317000000, "costAndExpenses": 27558000000, "interestIncome": 0, "interestExpense": 7000000, "depreciationAndAmortization": 373000000, "ebitda": 3004000000, "ebitdaratio": 0.0994076574, "operatingIncome": 2661000000, "operatingIncomeRatio": 0.0880571826, "totalOtherIncomeExpensesNet": 30000000, "incomeBeforeTax": 2654000000, "incomeBeforeTaxRatio": 0.0878255402, "incomeTaxExpense": 1040000000, "netIncome": 1614000000, "netIncomeRatio": 0.0534101062, "eps": 0.73, "epsdiluted": 0.71, "weightedAverageShsOut": 2210958904, "weightedAverageShsOutDil": 2273239437, "link": "https://www.sec.gov/Archives/edgar/data/354950/000095014499004643/0000950144-99-004643-index.htm", "finalLink": "https://www.sec.gov/Archives/edgar/data/354950/0000950144-99-004643.txt", "calculatedOtherExpenses": 373000000, "calculatedOperatingExpenses": 6317000000, "calculatedNetInterest": -7000000, "calculatedOtherIncome": 0, "calculatedIncomeNonControlling": 0, "calculatedEbitda": 3034000000}, {"date": "1998-02-01", "symbol": "HD", "reportedCurrency": "USD", "cik": "0000354950", "fillingDate": "1998-04-23", "acceptedDate": "1998-04-23 00:00:00", "calendarYear": "1997", "period": "FY", "revenue": 24156000000, "costOfRevenue": 17092000000, "grossProfit": 7064000000, "grossProfitRatio": 0.2924325219, "researchAndDevelopmentExpenses": 0, "generalAndAdministrativeExpenses": 4781000000, "sellingAndMarketingExpenses": -16000000, "sellingGeneralAndAdministrativeExpenses": 4765000000, "otherExpenses": 283000000, "operatingExpenses": 5048000000, "costAndExpenses": 22140000000, "interestIncome": 0, "interestExpense": 118000000, "depreciationAndAmortization": 283000000, "ebitda": 2359000000, "ebitdaratio": 0.0976568968, "operatingIncome": 2016000000, "operatingIncomeRatio": 0.0834575261, "totalOtherIncomeExpensesNet": -60000000, "incomeBeforeTax": 1898000000, "incomeBeforeTaxRatio": 0.0785726114, "incomeTaxExpense": 738000000, "netIncome": 1160000000, "netIncomeRatio": 0.0480211956, "eps": 0.53, "epsdiluted": 0.52, "weightedAverageShsOut": 2188679245, "weightedAverageShsOutDil": 2230769231, "link": "https://www.sec.gov/Archives/edgar/data/354950/000095014498005045/0000950144-98-005045-index.htm", "finalLink": "https://www.sec.gov/Archives/edgar/data/354950/0000950144-98-005045.txt", "calculatedOtherExpenses": 283000000, "calculatedOperatingExpenses": 5048000000, "calculatedNetInterest": -118000000, "calculatedOtherIncome": 0, "calculatedIncomeNonControlling": 0, "calculatedEbitda": 2299000000}, {"date": "1997-02-02", "symbol": "HD", "reportedCurrency": "USD", "cik": "0000354950", "fillingDate": "1997-04-22", "acceptedDate": "1997-04-22 00:00:00", "calendarYear": "1996", "period": "FY", "revenue": 19535500000, "costOfRevenue": 13869100000, "grossProfit": 5666400000, "grossProfitRatio": 0.2900565637, "researchAndDevelopmentExpenses": 0, "generalAndAdministrativeExpenses": 3900000000, "sellingAndMarketingExpenses": 400000, "sellingGeneralAndAdministrativeExpenses": 3900400000, "otherExpenses": 232300000, "operatingExpenses": 4132700000, "costAndExpenses": 18001800000, "interestIncome": 0, "interestExpense": -1000000, "depreciationAndAmortization": 232300000, "ebitda": 1740400000, "ebitdaratio": 0.0890890942, "operatingIncome": 1533700000, "operatingIncomeRatio": 0.0785083566, "totalOtherIncomeExpensesNet": 25600000, "incomeBeforeTax": 1534700000, "incomeBeforeTaxRatio": 0.0785595454, "incomeTaxExpense": 597000000, "netIncome": 937700000, "netIncomeRatio": 0.0479997952, "eps": 0.43, "epsdiluted": 0.43, "weightedAverageShsOut": 2181395349, "weightedAverageShsOutDil": 2181395349, "link": "https://www.sec.gov/Archives/edgar/data/354950/000095014497004508/0000950144-97-004508-index.htm", "finalLink": "https://www.sec.gov/Archives/edgar/data/354950/0000950144-97-004508.txt", "calculatedOtherExpenses": 232300000, "calculatedOperatingExpenses": 4132700000, "calculatedNetInterest": 1000000, "calculatedOtherIncome": 0, "calculatedIncomeNonControlling": 0, "calculatedEbitda": 1766000000}, {"date": "1996-01-28", "symbol": "HD", "reportedCurrency": "USD", "cik": "0000354950", "fillingDate": "1996-04-08", "acceptedDate": "1996-04-08 00:00:00", "calendarYear": "1995", "period": "FY", "revenue": 15470400000, "costOfRevenue": 11003600000, "grossProfit": 4466800000, "grossProfitRatio": 0.2887320302, "researchAndDevelopmentExpenses": 0, "generalAndAdministrativeExpenses": 3106000000, "sellingAndMarketingExpenses": -300000, "sellingGeneralAndAdministrativeExpenses": 3105700000, "otherExpenses": 181200000, "operatingExpenses": 3286900000, "costAndExpenses": 14290500000, "interestIncome": 0, "interestExpense": -15400000, "depreciationAndAmortization": 181200000, "ebitda": 1341500000, "ebitdaratio": 0.0867139828, "operatingIncome": 1179900000, "operatingIncomeRatio": 0.0762682284, "totalOtherIncomeExpensesNet": 19600000, "incomeBeforeTax": 1195300000, "incomeBeforeTaxRatio": 0.0772636777, "incomeTaxExpense": 463800000, "netIncome": 731500000, "netIncomeRatio": 0.0472838453, "eps": 0.35, "epsdiluted": 0.34, "weightedAverageShsOut": 2090000000, "weightedAverageShsOutDil": 2151470588, "link": "https://www.sec.gov/Archives/edgar/data/354950/000035495096000002/0000354950-96-000002-index.htm", "finalLink": "https://www.sec.gov/Archives/edgar/data/354950/0000354950-96-000002.txt", "calculatedOtherExpenses": 181200000, "calculatedOperatingExpenses": 3286900000, "calculatedNetInterest": 15400000, "calculatedOtherIncome": 0, "calculatedIncomeNonControlling": 0, "calculatedEbitda": 1361100000}, {"date": "1995-01-29", "symbol": "HD", "reportedCurrency": "USD", "cik": "0000354950", "fillingDate": "1995-04-20", "acceptedDate": "1995-04-20 00:00:00", "calendarYear": "1994", "period": "FY", "revenue": 12476700000, "costOfRevenue": 8861600000, "grossProfit": 3615100000, "grossProfitRatio": 0.2897480904, "researchAndDevelopmentExpenses": 0, "generalAndAdministrativeExpenses": 2498000000, "sellingAndMarketingExpenses": 300000, "sellingGeneralAndAdministrativeExpenses": 2498300000, "otherExpenses": 129600000, "operatingExpenses": 2627900000, "costAndExpenses": 11489500000, "interestIncome": 0, "interestExpense": 7400000, "depreciationAndAmortization": 129600000, "ebitda": 1088300000, "ebitdaratio": 0.0872265904, "operatingIncome": 987200000, "operatingIncomeRatio": 0.0791234862, "totalOtherIncomeExpensesNet": 28500000, "incomeBeforeTax": 979800000, "incomeBeforeTaxRatio": 0.0785303806, "incomeTaxExpense": 375300000, "netIncome": 604500000, "netIncomeRatio": 0.0484503114, "eps": 0.29, "epsdiluted": 0.29, "weightedAverageShsOut": 2084482759, "weightedAverageShsOutDil": 2084482759, "link": "https://www.sec.gov/Archives/edgar/data/354950/000035495095000002/0000354950-95-000002-index.htm", "finalLink": "https://www.sec.gov/Archives/edgar/data/354950/0000354950-95-000002.txt", "calculatedOtherExpenses": 129600000, "calculatedOperatingExpenses": 2627900000, "calculatedNetInterest": -7400000, "calculatedOtherIncome": 0, "calculatedIncomeNonControlling": 0, "calculatedEbitda": 1116800000}, {"date": "1994-01-30", "symbol": "HD", "reportedCurrency": "USD", "cik": "0000354950", "fillingDate": "1994-04-22", "acceptedDate": "1994-04-22 00:00:00", "calendarYear": "1993", "period": "FY", "revenue": 9238800000, "costOfRevenue": 6595600000, "grossProfit": 2643200000, "grossProfitRatio": 0.2860977616, "researchAndDevelopmentExpenses": 0, "generalAndAdministrativeExpenses": 0, "sellingAndMarketingExpenses": 0, "sellingGeneralAndAdministrativeExpenses": 1846700000, "otherExpenses": 89800000, "operatingExpenses": 1936500000, "costAndExpenses": 8532100000, "interestIncome": 0, "interestExpense": -30200000, "depreciationAndAmortization": 89800000, "ebitda": 735600000, "ebitdaratio": 0.07962073, "operatingIncome": 706700000, "operatingIncomeRatio": 0.0764926181, "totalOtherIncomeExpensesNet": 60900000, "incomeBeforeTax": 736900000, "incomeBeforeTaxRatio": 0.0797614409, "incomeTaxExpense": 279500000, "netIncome": 457400000, "netIncomeRatio": 0.0495085942, "eps": 0.23, "epsdiluted": 0.23, "weightedAverageShsOut": 1988695652, "weightedAverageShsOutDil": 1988695652, "link": "https://www.sec.gov/Archives/edgar/data/354950/000035495094000001/0000354950-94-000001-index.htm", "finalLink": "https://www.sec.gov/Archives/edgar/data/354950/0000354950-94-000001.txt", "calculatedOtherExpenses": 89800000, "calculatedOperatingExpenses": 1936500000, "calculatedNetInterest": 30200000, "calculatedOtherIncome": 0, "calculatedIncomeNonControlling": 0, "calculatedEbitda": 796500000}, {"date": "1993-01-31", "symbol": "HD", "reportedCurrency": "USD", "cik": "0000354950", "fillingDate": "1993-01-31", "acceptedDate": "1993-01-31 00:00:00", "calendarYear": "1992", "period": "FY", "revenue": 7148400000, "costOfRevenue": 5109900000, "grossProfit": 2038500000, "grossProfitRatio": 0.2851687091, "researchAndDevelopmentExpenses": 0, "generalAndAdministrativeExpenses": 0, "sellingAndMarketingExpenses": 0, "sellingGeneralAndAdministrativeExpenses": 1419600000, "otherExpenses": 69500000, "operatingExpenses": 1489100000, "costAndExpenses": 6599000000, "interestIncome": 0, "interestExpense": -26600000, "depreciationAndAmortization": 69500000, "ebitda": 551300000, "ebitdaratio": 0.0771221532, "operatingIncome": 549400000, "operatingIncomeRatio": 0.0768563595, "totalOtherIncomeExpensesNet": 67600000, "incomeBeforeTax": 576000000, "incomeBeforeTaxRatio": 0.0805774719, "incomeTaxExpense": 213100000, "netIncome": 362900000, "netIncomeRatio": 0.0507666051, "eps": 0.19, "epsdiluted": 0.19, "weightedAverageShsOut": 1910000000, "weightedAverageShsOutDil": 1910000000, "link": null, "finalLink": null, "calculatedOtherExpenses": 69500000, "calculatedOperatingExpenses": 1489100000, "calculatedNetInterest": 26600000, "calculatedOtherIncome": 0, "calculatedIncomeNonControlling": 0, "calculatedEbitda": 618900000}, {"date": "1992-01-31", "symbol": "HD", "reportedCurrency": "USD", "cik": "0000354950", "fillingDate": "1992-01-31", "acceptedDate": "1992-01-31 00:00:00", "calendarYear": "1991", "period": "FY", "revenue": 5136700000, "costOfRevenue": 3640000000, "grossProfit": 1496700000, "grossProfitRatio": 0.2913738392, "researchAndDevelopmentExpenses": 0, "generalAndAdministrativeExpenses": 0, "sellingAndMarketingExpenses": 0, "sellingGeneralAndAdministrativeExpenses": 1062700000, "otherExpenses": 52300000, "operatingExpenses": 1115000000, "costAndExpenses": 4755000000, "interestIncome": 0, "interestExpense": -14500000, "depreciationAndAmortization": 52300000, "ebitda": 407200000, "ebitdaratio": 0.0792726848, "operatingIncome": 381700000, "operatingIncomeRatio": 0.0743084081, "totalOtherIncomeExpensesNet": 26800000, "incomeBeforeTax": 396200000, "incomeBeforeTaxRatio": 0.0771312321, "incomeTaxExpense": 147000000, "netIncome": 249200000, "netIncomeRatio": 0.0485136372, "eps": 0.13, "epsdiluted": 0.13, "weightedAverageShsOut": 1916923077, "weightedAverageShsOutDil": 1916923077, "link": null, "finalLink": null, "calculatedOtherExpenses": 52300000, "calculatedOperatingExpenses": 1115000000, "calculatedNetInterest": 14500000, "calculatedOtherIncome": 0, "calculatedIncomeNonControlling": 0, "calculatedEbitda": 434000000}, {"date": "1991-01-31", "symbol": "HD", "reportedCurrency": "USD", "cik": "0000354950", "fillingDate": "1991-01-31", "acceptedDate": "1991-01-31 00:00:00", "calendarYear": "1990", "period": "FY", "revenue": 3815400000, "costOfRevenue": 2716700000, "grossProfit": 1098700000, "grossProfitRatio": 0.2879645647, "researchAndDevelopmentExpenses": 0, "generalAndAdministrativeExpenses": 0, "sellingAndMarketingExpenses": 0, "sellingGeneralAndAdministrativeExpenses": 798600000, "otherExpenses": 34400000, "operatingExpenses": 833000000, "costAndExpenses": 3549700000, "interestIncome": 0, "interestExpense": 5900000, "depreciationAndAmortization": 34400000, "ebitda": 282500000, "ebitdaratio": 0.0740420402, "operatingIncome": 265700000, "operatingIncomeRatio": 0.0696388321, "totalOtherIncomeExpensesNet": 17600000, "incomeBeforeTax": 259800000, "incomeBeforeTaxRatio": 0.0680924674, "incomeTaxExpense": 96400000, "netIncome": 163400000, "netIncomeRatio": 0.0428264402, "eps": 0.1, "epsdiluted": 0.1, "weightedAverageShsOut": 1634000000, "weightedAverageShsOutDil": 1634000000, "link": null, "finalLink": null, "calculatedOtherExpenses": 34400000, "calculatedOperatingExpenses": 833000000, "calculatedNetInterest": -5900000, "calculatedOtherIncome": 0, "calculatedIncomeNonControlling": 0, "calculatedEbitda": 300100000}, {"date": "1990-01-31", "symbol": "HD", "reportedCurrency": "USD", "cik": "0000354950", "fillingDate": "1990-01-31", "acceptedDate": "1990-01-31 00:00:00", "calendarYear": "1989", "period": "FY", "revenue": 2758500000, "costOfRevenue": 1970700000, "grossProfit": 787800000, "grossProfitRatio": 0.2855899946, "researchAndDevelopmentExpenses": 0, "generalAndAdministrativeExpenses": 0, "sellingAndMarketingExpenses": 0, "sellingGeneralAndAdministrativeExpenses": 582100000, "otherExpenses": 21100000, "operatingExpenses": 603200000, "costAndExpenses": 2573900000, "interestIncome": 0, "interestExpense": 2500000, "depreciationAndAmortization": 21100000, "ebitda": 192400000, "ebitdaratio": 0.0697480515, "operatingIncome": 184600000, "operatingIncomeRatio": 0.0669204278, "totalOtherIncomeExpensesNet": 13300000, "incomeBeforeTax": 182100000, "incomeBeforeTaxRatio": 0.0660141381, "incomeTaxExpense": 70100000, "netIncome": 112000000, "netIncomeRatio": 0.0406017763, "eps": 0.07, "epsdiluted": 0.07, "weightedAverageShsOut": 1600000000, "weightedAverageShsOutDil": 1600000000, "link": null, "finalLink": null, "calculatedOtherExpenses": 21100000, "calculatedOperatingExpenses": 603200000, "calculatedNetInterest": -2500000, "calculatedOtherIncome": 0, "calculatedIncomeNonControlling": 0, "calculatedEbitda": 205700000}, {"date": "1989-01-31", "symbol": "HD", "reportedCurrency": "USD", "cik": "0000354950", "fillingDate": "1989-01-31", "acceptedDate": "1989-01-31 00:00:00", "calendarYear": "1988", "period": "FY", "revenue": 1999500000, "costOfRevenue": 1445200000, "grossProfit": 554300000, "grossProfitRatio": 0.2772193048, "researchAndDevelopmentExpenses": 0, "generalAndAdministrativeExpenses": 0, "sellingAndMarketingExpenses": 0, "sellingGeneralAndAdministrativeExpenses": 412900000, "otherExpenses": 14700000, "operatingExpenses": 427600000, "costAndExpenses": 1872800000, "interestIncome": 0, "interestExpense": 800000, "depreciationAndAmortization": 14700000, "ebitda": 140600000, "ebitdaratio": 0.0703175794, "operatingIncome": 126700000, "operatingIncomeRatio": 0.0633658415, "totalOtherIncomeExpensesNet": 800000, "incomeBeforeTax": 125900000, "incomeBeforeTaxRatio": 0.0629657414, "incomeTaxExpense": 49100000, "netIncome": 76800000, "netIncomeRatio": 0.0384096024, "eps": 0.05, "epsdiluted": 0.05, "weightedAverageShsOut": 1536000000, "weightedAverageShsOutDil": 1536000000, "link": null, "finalLink": null, "calculatedOtherExpenses": 14700000, "calculatedOperatingExpenses": 427600000, "calculatedNetInterest": -800000, "calculatedOtherIncome": 0, "calculatedIncomeNonControlling": 0, "calculatedEbitda": 141400000}, {"date": "1988-01-31", "symbol": "HD", "reportedCurrency": "USD", "cik": "0000354950", "fillingDate": "1988-01-31", "acceptedDate": "1988-01-31 00:00:00", "calendarYear": "1987", "period": "FY", "revenue": 1453700000, "costOfRevenue": 1039300000, "grossProfit": 414400000, "grossProfitRatio": 0.2850656944, "researchAndDevelopmentExpenses": 0, "generalAndAdministrativeExpenses": 0, "sellingAndMarketingExpenses": 0, "sellingGeneralAndAdministrativeExpenses": 305500000, "otherExpenses": 10600000, "operatingExpenses": 316100000, "costAndExpenses": 1355400000, "interestIncome": 0, "interestExpense": 2700000, "depreciationAndAmortization": 10600000, "ebitda": 108100000, "ebitdaratio": 0.0743619729, "operatingIncome": 98300000, "operatingIncomeRatio": 0.0676205544, "totalOtherIncomeExpensesNet": 800000, "incomeBeforeTax": 95600000, "incomeBeforeTaxRatio": 0.0657632249, "incomeTaxExpense": 41500000, "netIncome": 54100000, "netIncomeRatio": 0.0372153814, "eps": 0.04, "epsdiluted": 0.04, "weightedAverageShsOut": 1352500000, "weightedAverageShsOutDil": 1352500000, "link": null, "finalLink": null, "calculatedOtherExpenses": 10600000, "calculatedOperatingExpenses": 316100000, "calculatedNetInterest": -2700000, "calculatedOtherIncome": 0, "calculatedIncomeNonControlling": 0, "calculatedEbitda": 108900000}, {"date": "1987-01-31", "symbol": "HD", "reportedCurrency": "USD", "cik": "0000354950", "fillingDate": "1987-01-31", "acceptedDate": "1987-01-31 00:00:00", "calendarYear": "1986", "period": "FY", "revenue": 1011500000, "costOfRevenue": 725500000, "grossProfit": 286000000, "grossProfitRatio": 0.2827483935, "researchAndDevelopmentExpenses": 0, "generalAndAdministrativeExpenses": 0, "sellingAndMarketingExpenses": 0, "sellingGeneralAndAdministrativeExpenses": 219900000, "otherExpenses": 7800000, "operatingExpenses": 227700000, "costAndExpenses": 953200000, "interestIncome": 0, "interestExpense": 11200000, "depreciationAndAmortization": 7800000, "ebitda": 65100000, "ebitdaratio": 0.0643598616, "operatingIncome": 58300000, "operatingIncomeRatio": 0.0576371725, "totalOtherIncomeExpensesNet": 1000000, "incomeBeforeTax": 47100000, "incomeBeforeTaxRatio": 0.0465645082, "incomeTaxExpense": 23200000, "netIncome": 23900000, "netIncomeRatio": 0.0236282748, "eps": 0.02, "epsdiluted": 0.02, "weightedAverageShsOut": 1195000000, "weightedAverageShsOutDil": 1195000000, "link": null, "finalLink": null, "calculatedOtherExpenses": 7800000, "calculatedOperatingExpenses": 227700000, "calculatedNetInterest": -11200000, "calculatedOtherIncome": 0, "calculatedIncomeNonControlling": 0, "calculatedEbitda": 66100000}, {"date": "1986-01-31", "symbol": "HD", "reportedCurrency": "USD", "cik": "0000354950", "fillingDate": "1986-01-31", "acceptedDate": "1986-01-31 00:00:00", "calendarYear": "1985", "period": "FY", "revenue": 700700000, "costOfRevenue": 514900000, "grossProfit": 185800000, "grossProfitRatio": 0.265163408, "researchAndDevelopmentExpenses": 0, "generalAndAdministrativeExpenses": 0, "sellingAndMarketingExpenses": 0, "sellingGeneralAndAdministrativeExpenses": 162400000, "otherExpenses": 4400000, "operatingExpenses": 166800000, "costAndExpenses": 681700000, "interestIncome": 0, "interestExpense": 7400000, "depreciationAndAmortization": 4400000, "ebitda": 20600000, "ebitdaratio": 0.0293991723, "operatingIncome": 19000000, "operatingIncomeRatio": 0.0271157414, "totalOtherIncomeExpensesNet": 2800000, "incomeBeforeTax": 11600000, "incomeBeforeTaxRatio": 0.0165548737, "incomeTaxExpense": 3400000, "netIncome": 8200000, "netIncomeRatio": 0.0117025831, "eps": 0.01, "epsdiluted": 0.01, "weightedAverageShsOut": 820000000, "weightedAverageShsOutDil": 820000000, "link": null, "finalLink": null, "calculatedOtherExpenses": 4400000, "calculatedOperatingExpenses": 166800000, "calculatedNetInterest": -7400000, "calculatedOtherIncome": 0, "calculatedIncomeNonControlling": 0, "calculatedEbitda": 23400000}]}