{"originalCurrency": "USD", "convertedCurrency": "USD", "report": [{"date": "2023-10-31", "symbol": "HEI", "reportedCurrency": "USD", "cik": "0000046619", "fillingDate": "2023-12-20", "acceptedDate": "2023-12-20 16:41:51", "calendarYear": "2023", "period": "FY", "revenue": 2968105000, "costOfRevenue": 1814617000, "grossProfit": 1153488000, "grossProfitRatio": 0.3886277608, "researchAndDevelopmentExpenses": 95773000, "generalAndAdministrativeExpenses": 0, "sellingAndMarketingExpenses": 0, "sellingGeneralAndAdministrativeExpenses": 528149000, "otherExpenses": 2928000, "operatingExpenses": 528149000, "costAndExpenses": 2342766000, "interestIncome": 72984000, "interestExpense": 72984000, "depreciationAndAmortization": 130043000, "ebitda": 758310000, "ebitdaratio": 0.2554862446, "operatingIncome": 625339000, "operatingIncomeRatio": 0.2106862796, "totalOtherIncomeExpensesNet": 2928000, "incomeBeforeTax": 555283000, "incomeBeforeTaxRatio": 0.1870833411, "incomeTaxExpense": 110900000, "netIncome": 403596000, "netIncomeRatio": 0.1359776693, "eps": 2.94, "epsdiluted": 2.91, "weightedAverageShsOut": 137185000, "weightedAverageShsOutDil": 138905000, "link": "https://www.sec.gov/Archives/edgar/data/46619/000004661923000163/0000046619-23-000163-index.htm", "finalLink": "https://www.sec.gov/Archives/edgar/data/46619/000004661923000163/hei-20231031.htm", "calculatedOtherExpenses": -95773000, "calculatedOperatingExpenses": 528149000, "calculatedNetInterest": 0, "calculatedOtherIncome": -70056000, "calculatedIncomeNonControlling": 40787000, "calculatedEbitda": 755382000}, {"date": "2022-10-31", "symbol": "HEI", "reportedCurrency": "USD", "cik": "0000046619", "fillingDate": "2022-12-21", "acceptedDate": "2022-12-21 16:11:10", "calendarYear": "2022", "period": "FY", "revenue": 2208322000, "costOfRevenue": 1345563000, "grossProfit": 862759000, "grossProfitRatio": 0.3906853258, "researchAndDevelopmentExpenses": 76061000, "generalAndAdministrativeExpenses": 0, "sellingAndMarketingExpenses": 0, "sellingGeneralAndAdministrativeExpenses": 365915000, "otherExpenses": 565000, "operatingExpenses": 365915000, "costAndExpenses": 1711478000, "interestIncome": 6386000, "interestExpense": 6386000, "depreciationAndAmortization": 96898000, "ebitda": 593742000, "ebitdaratio": 0.2688656817, "operatingIncome": 496844000, "operatingIncomeRatio": 0.2249871169, "totalOtherIncomeExpensesNet": -5821000, "incomeBeforeTax": 491023000, "incomeBeforeTaxRatio": 0.2223511789, "incomeTaxExpense": 100400000, "netIncome": 351675000, "netIncomeRatio": 0.1592498739, "eps": 2.59, "epsdiluted": 2.55, "weightedAverageShsOut": 136010000, "weightedAverageShsOutDil": 138037000, "link": "https://www.sec.gov/Archives/edgar/data/46619/000004661922000066/0000046619-22-000066-index.htm", "finalLink": "https://www.sec.gov/Archives/edgar/data/46619/000004661922000066/hei-20221031.htm", "calculatedOtherExpenses": -76061000, "calculatedOperatingExpenses": 365915000, "calculatedNetInterest": 0, "calculatedOtherIncome": -5821000, "calculatedIncomeNonControlling": 38948000, "calculatedEbitda": 593742000}, {"date": "2021-10-31", "symbol": "HEI", "reportedCurrency": "USD", "cik": "0000046619", "fillingDate": "2021-12-21", "acceptedDate": "2021-12-21 16:06:41", "calendarYear": "2021", "period": "FY", "revenue": 1865682000, "costOfRevenue": 1138259000, "grossProfit": 727423000, "grossProfitRatio": 0.3898965633, "researchAndDevelopmentExpenses": 68877000, "generalAndAdministrativeExpenses": 0, "sellingAndMarketingExpenses": 0, "sellingGeneralAndAdministrativeExpenses": 334523000, "otherExpenses": 1443000, "operatingExpenses": 334523000, "costAndExpenses": 1472782000, "interestIncome": 7285000, "interestExpense": 7285000, "depreciationAndAmortization": 94462000, "ebitda": 487362000, "ebitdaratio": 0.2612245817, "operatingIncome": 392900000, "operatingIncomeRatio": 0.2105932308, "totalOtherIncomeExpensesNet": -5842000, "incomeBeforeTax": 387058000, "incomeBeforeTaxRatio": 0.2074619362, "incomeTaxExpense": 57300000, "netIncome": 304220000, "netIncomeRatio": 0.1630610147, "eps": 2.25, "epsdiluted": 2.21, "weightedAverageShsOut": 135326000, "weightedAverageShsOutDil": 137854000, "link": "https://www.sec.gov/Archives/edgar/data/46619/000004661921000085/0000046619-21-000085-index.htm", "finalLink": "https://www.sec.gov/Archives/edgar/data/46619/000004661921000085/hei-20211031.htm", "calculatedOtherExpenses": -68877000, "calculatedOperatingExpenses": 334523000, "calculatedNetInterest": 0, "calculatedOtherIncome": -5842000, "calculatedIncomeNonControlling": 25538000, "calculatedEbitda": 487362000}, {"date": "2020-10-31", "symbol": "HEI", "reportedCurrency": "USD", "cik": "0000046619", "fillingDate": "2020-12-23", "acceptedDate": "2020-12-23 15:22:18", "calendarYear": "2020", "period": "FY", "revenue": 1787009000, "costOfRevenue": 1104882000, "grossProfit": 682127000, "grossProfitRatio": 0.3817143618, "researchAndDevelopmentExpenses": 65559000, "generalAndAdministrativeExpenses": 0, "sellingAndMarketingExpenses": 0, "sellingGeneralAndAdministrativeExpenses": 305479000, "otherExpenses": 1366000, "operatingExpenses": 305479000, "costAndExpenses": 1410361000, "interestIncome": 13159000, "interestExpense": 13159000, "depreciationAndAmortization": 89927000, "ebitda": 466575000, "ebitdaratio": 0.2610926974, "operatingIncome": 376648000, "operatingIncomeRatio": 0.2107700633, "totalOtherIncomeExpensesNet": -11793000, "incomeBeforeTax": 364855000, "incomeBeforeTaxRatio": 0.204170768, "incomeTaxExpense": 29000000, "netIncome": 313984000, "netIncomeRatio": 0.1757036478, "eps": 2.33, "epsdiluted": 2.29, "weightedAverageShsOut": 134754000, "weightedAverageShsOutDil": 137302000, "link": "https://www.sec.gov/Archives/edgar/data/46619/000004661920000078/0000046619-20-000078-index.htm", "finalLink": "https://www.sec.gov/Archives/edgar/data/46619/000004661920000078/hei-20201031.htm", "calculatedOtherExpenses": -65559000, "calculatedOperatingExpenses": 305479000, "calculatedNetInterest": 0, "calculatedOtherIncome": -11793000, "calculatedIncomeNonControlling": 21871000, "calculatedEbitda": 466575000}, {"date": "2019-10-31", "symbol": "HEI", "reportedCurrency": "USD", "cik": "0000046619", "fillingDate": "2019-12-19", "acceptedDate": "2019-12-19 16:35:28", "calendarYear": "2019", "period": "FY", "revenue": 2055647000, "costOfRevenue": 1241807000, "grossProfit": 813840000, "grossProfitRatio": 0.3959045498, "researchAndDevelopmentExpenses": 66629999, "generalAndAdministrativeExpenses": 0, "sellingAndMarketingExpenses": 0, "sellingGeneralAndAdministrativeExpenses": 356743000, "otherExpenses": 2439000, "operatingExpenses": 356743000, "costAndExpenses": 1598550000, "interestIncome": 21695000, "interestExpense": 21695000, "depreciationAndAmortization": 85936000, "ebitda": 543033000, "ebitdaratio": 0.2641664644, "operatingIncome": 457097000, "operatingIncomeRatio": 0.2223616214, "totalOtherIncomeExpensesNet": -19256000, "incomeBeforeTax": 437841000, "incomeBeforeTaxRatio": 0.2129942544, "incomeTaxExpense": 78100000, "netIncome": 327896000, "netIncomeRatio": 0.1595098769, "eps": 2.45, "epsdiluted": 2.39, "weightedAverageShsOut": 133639999, "weightedAverageShsOutDil": 137350000, "link": "https://www.sec.gov/Archives/edgar/data/46619/000004661919000095/0000046619-19-000095-index.htm", "finalLink": "https://www.sec.gov/Archives/edgar/data/46619/000004661919000095/hei1031201910k.htm", "calculatedOtherExpenses": -66629999, "calculatedOperatingExpenses": 356743000, "calculatedNetInterest": 0, "calculatedOtherIncome": -19256000, "calculatedIncomeNonControlling": 31845000, "calculatedEbitda": 543033000}, {"date": "2018-10-31", "symbol": "HEI", "reportedCurrency": "USD", "cik": "0000046619", "fillingDate": "2018-12-20", "acceptedDate": "2018-12-20 16:32:04", "calendarYear": "2018", "period": "FY", "revenue": 1777721000, "costOfRevenue": 1087006000, "grossProfit": 690715000, "grossProfitRatio": 0.3885395965, "researchAndDevelopmentExpenses": 57450000, "generalAndAdministrativeExpenses": 314470000, "sellingAndMarketingExpenses": 0, "sellingGeneralAndAdministrativeExpenses": 314470000, "otherExpenses": -58000, "operatingExpenses": 314470000, "costAndExpenses": 1401476000, "interestIncome": 0, "interestExpense": 19901000, "depreciationAndAmortization": 77133000, "ebitda": 453378000, "ebitdaratio": 0.2550332701, "operatingIncome": 376245000, "operatingIncomeRatio": 0.2116445719, "totalOtherIncomeExpensesNet": -19959000, "incomeBeforeTax": 356286000, "incomeBeforeTaxRatio": 0.2004172758, "incomeTaxExpense": 70600000, "netIncome": 259233000, "netIncomeRatio": 0.1458232197, "eps": 1.96, "epsdiluted": 1.9, "weightedAverageShsOut": 132543000, "weightedAverageShsOutDil": 136696000, "link": "https://www.sec.gov/Archives/edgar/data/46619/000004661918000117/0000046619-18-000117-index.htm", "finalLink": "https://www.sec.gov/Archives/edgar/data/46619/000004661918000117/hei1031201810k.htm", "calculatedOtherExpenses": -57450000, "calculatedOperatingExpenses": 314470000, "calculatedNetInterest": -19901000, "calculatedOtherIncome": -58000, "calculatedIncomeNonControlling": 26453000, "calculatedEbitda": 453378000}, {"date": "2017-10-31", "symbol": "HEI", "reportedCurrency": "USD", "cik": "0000046619", "fillingDate": "2017-12-21", "acceptedDate": "2017-12-21 15:49:08", "calendarYear": "2017", "period": "FY", "revenue": 1524813000, "costOfRevenue": 950088000, "grossProfit": 574725000, "grossProfitRatio": 0.3769150709, "researchAndDevelopmentExpenses": 46473000, "generalAndAdministrativeExpenses": 268067000, "sellingAndMarketingExpenses": 0, "sellingGeneralAndAdministrativeExpenses": 268067000, "otherExpenses": 1092000, "operatingExpenses": 268067000, "costAndExpenses": 1218155000, "interestIncome": 0, "interestExpense": 9790000, "depreciationAndAmortization": 65915000, "ebitda": 372573000, "ebitdaratio": 0.2443401256, "operatingIncome": 306658000, "operatingIncomeRatio": 0.201111874, "totalOtherIncomeExpensesNet": -8698000, "incomeBeforeTax": 297960000, "incomeBeforeTaxRatio": 0.195407568, "incomeTaxExpense": 90300000, "netIncome": 185985000, "netIncomeRatio": 0.1219723337, "eps": 1.41, "epsdiluted": 1.37, "weightedAverageShsOut": 131703125, "weightedAverageShsOutDil": 135587500, "link": "https://www.sec.gov/Archives/edgar/data/46619/000004661917000085/0000046619-17-000085-index.htm", "finalLink": "https://www.sec.gov/Archives/edgar/data/46619/000004661917000085/hei1031201710k.htm", "calculatedOtherExpenses": -46473000, "calculatedOperatingExpenses": 268067000, "calculatedNetInterest": -9790000, "calculatedOtherIncome": 1092000, "calculatedIncomeNonControlling": 21675000, "calculatedEbitda": 372573000}, {"date": "2016-10-31", "symbol": "HEI", "reportedCurrency": "USD", "cik": "0000046619", "fillingDate": "2016-12-15", "acceptedDate": "2016-12-15 17:01:38", "calendarYear": "2016", "period": "FY", "revenue": 1376258000, "costOfRevenue": 860766000, "grossProfit": 515492000, "grossProfitRatio": 0.3745605838, "researchAndDevelopmentExpenses": 44726000, "generalAndAdministrativeExpenses": 250147000, "sellingAndMarketingExpenses": 0, "sellingGeneralAndAdministrativeExpenses": 250147000, "otherExpenses": -23000, "operatingExpenses": 250147000, "costAndExpenses": 1110913000, "interestIncome": 0, "interestExpense": 8272000, "depreciationAndAmortization": 60254000, "ebitda": 325599000, "ebitdaratio": 0.236582821, "operatingIncome": 265345000, "operatingIncomeRatio": 0.1928017857, "totalOtherIncomeExpensesNet": -8295000, "incomeBeforeTax": 257050000, "incomeBeforeTaxRatio": 0.1867745728, "incomeTaxExpense": 80900000, "netIncome": 156192000, "netIncomeRatio": 0.1134903485, "eps": 1.19, "epsdiluted": 1.17, "weightedAverageShsOut": 130947265, "weightedAverageShsOutDil": 133144531, "link": "https://www.sec.gov/Archives/edgar/data/46619/000004661916000162/0000046619-16-000162-index.htm", "finalLink": "https://www.sec.gov/Archives/edgar/data/46619/000004661916000162/hei1031201610k.htm", "calculatedOtherExpenses": -44726000, "calculatedOperatingExpenses": 250147000, "calculatedNetInterest": -8272000, "calculatedOtherIncome": -23000, "calculatedIncomeNonControlling": 19958000, "calculatedEbitda": 325599000}, {"date": "2015-10-31", "symbol": "HEI", "reportedCurrency": "USD", "cik": "0000046619", "fillingDate": "2015-12-17", "acceptedDate": "2015-12-17 17:15:42", "calendarYear": "2015", "period": "FY", "revenue": 1188648000, "costOfRevenue": 754469000, "grossProfit": 434179000, "grossProfitRatio": 0.3652712998, "researchAndDevelopmentExpenses": 38747000, "generalAndAdministrativeExpenses": 204523000, "sellingAndMarketingExpenses": 0, "sellingGeneralAndAdministrativeExpenses": 204523000, "otherExpenses": -66000, "operatingExpenses": 204523000, "costAndExpenses": 958992000, "interestIncome": 0, "interestExpense": 4626000, "depreciationAndAmortization": 47841000, "ebitda": 277497000, "ebitdaratio": 0.2334559937, "operatingIncome": 229656000, "operatingIncomeRatio": 0.1932077453, "totalOtherIncomeExpensesNet": -4692000, "incomeBeforeTax": 224964000, "incomeBeforeTaxRatio": 0.1892604034, "incomeTaxExpense": 71400000, "netIncome": 133364000, "netIncomeRatio": 0.1121980603, "eps": 1.02, "epsdiluted": 1.01, "weightedAverageShsOut": 130351562, "weightedAverageShsOutDil": 132443359, "link": "https://www.sec.gov/Archives/edgar/data/46619/000004661915000078/0000046619-15-000078-index.htm", "finalLink": "https://www.sec.gov/Archives/edgar/data/46619/000004661915000078/hei1031201510k.htm", "calculatedOtherExpenses": -38747000, "calculatedOperatingExpenses": 204523000, "calculatedNetInterest": -4626000, "calculatedOtherIncome": -66000, "calculatedIncomeNonControlling": 20200000, "calculatedEbitda": 277497000}, {"date": "2014-10-31", "symbol": "HEI", "reportedCurrency": "USD", "cik": "0000046619", "fillingDate": "2014-12-18", "acceptedDate": "2014-12-18 17:07:34", "calendarYear": "2014", "period": "FY", "revenue": 1132311000, "costOfRevenue": 733999000, "grossProfit": 398312000, "grossProfitRatio": 0.3517690811, "researchAndDevelopmentExpenses": 37377000, "generalAndAdministrativeExpenses": 194924000, "sellingAndMarketingExpenses": 0, "sellingGeneralAndAdministrativeExpenses": 194924000, "otherExpenses": 625000, "operatingExpenses": 194924000, "costAndExpenses": 928923000, "interestIncome": 0, "interestExpense": 5441000, "depreciationAndAmortization": 48382000, "ebitda": 251770000, "ebitdaratio": 0.2223505733, "operatingIncome": 203388000, "operatingIncomeRatio": 0.1796220296, "totalOtherIncomeExpensesNet": -4816000, "incomeBeforeTax": 198572000, "incomeBeforeTaxRatio": 0.1753687812, "incomeTaxExpense": 59800000, "netIncome": 121293000, "netIncomeRatio": 0.1071198637, "eps": 0.93, "epsdiluted": 0.92, "weightedAverageShsOut": 129810546, "weightedAverageShsOutDil": 131744140, "link": "https://www.sec.gov/Archives/edgar/data/46619/000004661914000056/0000046619-14-000056-index.htm", "finalLink": "https://www.sec.gov/Archives/edgar/data/46619/000004661914000056/hei1031201410k.htm", "calculatedOtherExpenses": -37377000, "calculatedOperatingExpenses": 194924000, "calculatedNetInterest": -5441000, "calculatedOtherIncome": 625000, "calculatedIncomeNonControlling": 17479000, "calculatedEbitda": 251770000}, {"date": "2013-10-31", "symbol": "HEI", "reportedCurrency": "USD", "cik": "0000046619", "fillingDate": "2013-12-19", "acceptedDate": "2013-12-19 16:52:45", "calendarYear": "2013", "period": "FY", "revenue": 1008757000, "costOfRevenue": 637576000, "grossProfit": 371181000, "grossProfitRatio": 0.3679587849, "researchAndDevelopmentExpenses": 32897000, "generalAndAdministrativeExpenses": 187591000, "sellingAndMarketingExpenses": 0, "sellingGeneralAndAdministrativeExpenses": 187591000, "otherExpenses": 888000, "operatingExpenses": 187591000, "costAndExpenses": 825167000, "interestIncome": 0, "interestExpense": 3717000, "depreciationAndAmortization": 37678000, "ebitda": 221268000, "ebitdaratio": 0.2193471768, "operatingIncome": 183590000, "operatingIncomeRatio": 0.1819962588, "totalOtherIncomeExpensesNet": -2829000, "incomeBeforeTax": 180761000, "incomeBeforeTaxRatio": 0.1791918173, "incomeTaxExpense": 56200000, "netIncome": 102396000, "netIncomeRatio": 0.1015071023, "eps": 0.79, "epsdiluted": 0.78, "weightedAverageShsOut": 129488281, "weightedAverageShsOutDil": 130824218, "link": "https://www.sec.gov/Archives/edgar/data/46619/000004661913000017/0000046619-13-000017-index.htm", "finalLink": "https://www.sec.gov/Archives/edgar/data/46619/000004661913000017/hei1031201310k.htm", "calculatedOtherExpenses": -32897000, "calculatedOperatingExpenses": 187591000, "calculatedNetInterest": -3717000, "calculatedOtherIncome": 888000, "calculatedIncomeNonControlling": 22165000, "calculatedEbitda": 221268000}, {"date": "2012-10-31", "symbol": "HEI", "reportedCurrency": "USD", "cik": "0000046619", "fillingDate": "2012-12-20", "acceptedDate": "2012-12-20 17:09:36", "calendarYear": "2012", "period": "FY", "revenue": 897347000, "costOfRevenue": 569911000, "grossProfit": 327436000, "grossProfitRatio": 0.3648934024, "researchAndDevelopmentExpenses": 30395000, "generalAndAdministrativeExpenses": 164142000, "sellingAndMarketingExpenses": 0, "sellingGeneralAndAdministrativeExpenses": 164142000, "otherExpenses": 0, "operatingExpenses": 164142000, "costAndExpenses": 734053000, "interestIncome": 0, "interestExpense": 2432000, "depreciationAndAmortization": 30656000, "ebitda": 193950000, "ebitdaratio": 0.2161371242, "operatingIncome": 163294000, "operatingIncomeRatio": 0.1819741973, "totalOtherIncomeExpensesNet": -2119000, "incomeBeforeTax": 161175000, "incomeBeforeTaxRatio": 0.1796127919, "incomeTaxExpense": 54500000, "netIncome": 85147000, "netIncomeRatio": 0.094887485, "eps": 0.66, "epsdiluted": 0.66, "weightedAverageShsOut": 128635253, "weightedAverageShsOutDil": 130124511, "link": "https://www.sec.gov/Archives/edgar/data/46619/000004661912000009/0000046619-12-000009-index.htm", "finalLink": "https://www.sec.gov/Archives/edgar/data/46619/000004661912000009/hei1031201210k.htm", "calculatedOtherExpenses": -30395000, "calculatedOperatingExpenses": 164142000, "calculatedNetInterest": -2432000, "calculatedOtherIncome": 313000, "calculatedIncomeNonControlling": 21528000, "calculatedEbitda": 193950000}, {"date": "2011-10-31", "symbol": "HEI", "reportedCurrency": "USD", "cik": "0000046619", "fillingDate": "2011-12-22", "acceptedDate": "2011-12-21 20:35:56", "calendarYear": "2011", "period": "FY", "revenue": 764891000, "costOfRevenue": 490450000, "grossProfit": 274441000, "grossProfitRatio": 0.358797528, "researchAndDevelopmentExpenses": 0, "generalAndAdministrativeExpenses": 136010000, "sellingAndMarketingExpenses": 0, "sellingGeneralAndAdministrativeExpenses": 136010000, "otherExpenses": 0, "operatingExpenses": 136010000, "costAndExpenses": 626460000, "interestIncome": 0, "interestExpense": 142000, "depreciationAndAmortization": 18543000, "ebitda": 156974000, "ebitdaratio": 0.2052240123, "operatingIncome": 138431000, "operatingIncomeRatio": 0.1809813424, "totalOtherIncomeExpensesNet": -78000, "incomeBeforeTax": 138353000, "incomeBeforeTaxRatio": 0.1808793671, "incomeTaxExpense": 42900000, "netIncome": 72820000, "netIncomeRatio": 0.0952031074, "eps": 0.57, "epsdiluted": 0.56, "weightedAverageShsOut": 127051007, "weightedAverageShsOutDil": 129703527, "link": "https://www.sec.gov/Archives/edgar/data/46619/000113379611000362/0001133796-11-000362-index.htm", "finalLink": "https://www.sec.gov/Archives/edgar/data/46619/000113379611000362/k237344_10k.htm", "calculatedOtherExpenses": 0, "calculatedOperatingExpenses": 136010000, "calculatedNetInterest": -142000, "calculatedOtherIncome": 64000, "calculatedIncomeNonControlling": 22633000, "calculatedEbitda": 156974000}, {"date": "2010-10-31", "symbol": "HEI", "reportedCurrency": "USD", "cik": "0000046619", "fillingDate": "2010-12-22", "acceptedDate": "2010-12-22 17:19:50", "calendarYear": "2010", "period": "FY", "revenue": 617020000, "costOfRevenue": 394673000, "grossProfit": 222347000, "grossProfitRatio": 0.3603562283, "researchAndDevelopmentExpenses": 0, "generalAndAdministrativeExpenses": 113174000, "sellingAndMarketingExpenses": 0, "sellingGeneralAndAdministrativeExpenses": 113174000, "otherExpenses": 0, "operatingExpenses": 113174000, "costAndExpenses": 507847000, "interestIncome": 0, "interestExpense": 508000, "depreciationAndAmortization": 17597000, "ebitda": 126770000, "ebitdaratio": 0.2054552527, "operatingIncome": 109173000, "operatingIncomeRatio": 0.1769359178, "totalOtherIncomeExpensesNet": -118000, "incomeBeforeTax": 109055000, "incomeBeforeTaxRatio": 0.176744676, "incomeTaxExpense": 36700000, "netIncome": 54938000, "netIncomeRatio": 0.0890376325, "eps": 0.44, "epsdiluted": 0.42, "weightedAverageShsOut": 125246078, "weightedAverageShsOutDil": 128825492, "link": "https://www.sec.gov/Archives/edgar/data/46619/000113379610000375/0001133796-10-000375-index.htm", "finalLink": "https://www.sec.gov/Archives/edgar/data/46619/000113379610000375/k204725_10k.htm", "calculatedOtherExpenses": 0, "calculatedOperatingExpenses": 113174000, "calculatedNetInterest": -508000, "calculatedOtherIncome": 390000, "calculatedIncomeNonControlling": 17417000, "calculatedEbitda": 126770000}, {"date": "2009-10-31", "symbol": "HEI", "reportedCurrency": "USD", "cik": "0000046619", "fillingDate": "2009-12-23", "acceptedDate": "2009-12-23 16:03:23", "calendarYear": "2009", "period": "FY", "revenue": 538296000, "costOfRevenue": 357285000, "grossProfit": 181011000, "grossProfitRatio": 0.3362666637, "researchAndDevelopmentExpenses": 0, "generalAndAdministrativeExpenses": 92756000, "sellingAndMarketingExpenses": 0, "sellingGeneralAndAdministrativeExpenses": 92756000, "otherExpenses": 0, "operatingExpenses": 92756000, "costAndExpenses": 450041000, "interestIncome": 0, "interestExpense": 615000, "depreciationAndAmortization": 14967000, "ebitda": 103222000, "ebitdaratio": 0.1917569516, "operatingIncome": 88255000, "operatingIncomeRatio": 0.1639525466, "totalOtherIncomeExpensesNet": -410000, "incomeBeforeTax": 87845000, "incomeBeforeTaxRatio": 0.1631908838, "incomeTaxExpense": 28000000, "netIncome": 59845000, "netIncomeRatio": 0.1111748926, "eps": 0.48, "epsdiluted": 0.46, "weightedAverageShsOut": 124954219, "weightedAverageShsOutDil": 128860622, "link": "https://www.sec.gov/Archives/edgar/data/46619/000113379609000266/0001133796-09-000266-index.htm", "finalLink": "https://www.sec.gov/Archives/edgar/data/46619/000113379609000266/k169650_10k.htm", "calculatedOtherExpenses": 0, "calculatedOperatingExpenses": 92756000, "calculatedNetInterest": -615000, "calculatedOtherIncome": 205000, "calculatedIncomeNonControlling": 0, "calculatedEbitda": 103222000}, {"date": "2008-10-31", "symbol": "HEI", "reportedCurrency": "USD", "cik": "0000046619", "fillingDate": "2008-12-24", "acceptedDate": "2008-12-24 14:11:14", "calendarYear": "2008", "period": "FY", "revenue": 582347000, "costOfRevenue": 371852000, "grossProfit": 210495000, "grossProfitRatio": 0.3614597482, "researchAndDevelopmentExpenses": 0, "generalAndAdministrativeExpenses": 104707000, "sellingAndMarketingExpenses": 0, "sellingGeneralAndAdministrativeExpenses": 104707000, "otherExpenses": 0, "operatingExpenses": 104707000, "costAndExpenses": 476559000, "interestIncome": 0, "interestExpense": 0, "depreciationAndAmortization": 15052000, "ebitda": 120840000, "ebitdaratio": 0.2075051473, "operatingIncome": 105788000, "operatingIncomeRatio": 0.1816580149, "totalOtherIncomeExpensesNet": -2951000, "incomeBeforeTax": 102837000, "incomeBeforeTaxRatio": 0.1765905895, "incomeTaxExpense": 35450000, "netIncome": 67387000, "netIncomeRatio": 0.115716231, "eps": 0.54, "epsdiluted": 0.52, "weightedAverageShsOut": 125451750, "weightedAverageShsOutDil": 129906444, "link": "https://www.sec.gov/Archives/edgar/data/46619/000113379608000357/0001133796-08-000357-index.htm", "finalLink": "https://www.sec.gov/Archives/edgar/data/46619/000113379608000357/hc81045.txt", "calculatedOtherExpenses": 0, "calculatedOperatingExpenses": 104707000, "calculatedNetInterest": 0, "calculatedOtherIncome": -2951000, "calculatedIncomeNonControlling": 0, "calculatedEbitda": 120840000}, {"date": "2007-10-31", "symbol": "HEI", "reportedCurrency": "USD", "cik": "0000046619", "fillingDate": "2007-12-28", "acceptedDate": "2007-12-28 17:07:03", "calendarYear": "2007", "period": "FY", "revenue": 507924000, "costOfRevenue": 330466000, "grossProfit": 177458000, "grossProfitRatio": 0.349379041, "researchAndDevelopmentExpenses": 0, "generalAndAdministrativeExpenses": 91444000, "sellingAndMarketingExpenses": 0, "sellingGeneralAndAdministrativeExpenses": 91444000, "otherExpenses": 0, "operatingExpenses": 91444000, "costAndExpenses": 421910000, "interestIncome": 0, "interestExpense": 0, "depreciationAndAmortization": 12167000, "ebitda": 98181000, "ebitdaratio": 0.1932986037, "operatingIncome": 86014000, "operatingIncomeRatio": 0.1693442326, "totalOtherIncomeExpensesNet": -3198000, "incomeBeforeTax": 82816000, "incomeBeforeTaxRatio": 0.1630480151, "incomeTaxExpense": 27530000, "netIncome": 55286000, "netIncomeRatio": 0.1088469929, "eps": 0.45, "epsdiluted": 0.43, "weightedAverageShsOut": 122622961, "weightedAverageShsOutDil": 128417243, "link": "https://www.sec.gov/Archives/edgar/data/46619/000113379607000411/0001133796-07-000411-index.htm", "finalLink": "https://www.sec.gov/Archives/edgar/data/46619/000113379607000411/hc71891.txt", "calculatedOtherExpenses": 0, "calculatedOperatingExpenses": 91444000, "calculatedNetInterest": 0, "calculatedOtherIncome": -3198000, "calculatedIncomeNonControlling": 0, "calculatedEbitda": 98181000}, {"date": "2006-10-31", "symbol": "HEI", "reportedCurrency": "USD", "cik": "0000046619", "fillingDate": "2007-01-12", "acceptedDate": "2007-01-12 16:41:00", "calendarYear": "2006", "period": "FY", "revenue": 392190000, "costOfRevenue": 249677000, "grossProfit": 142513000, "grossProfitRatio": 0.3633774446, "researchAndDevelopmentExpenses": 0, "generalAndAdministrativeExpenses": 75646000, "sellingAndMarketingExpenses": 0, "sellingGeneralAndAdministrativeExpenses": 75646000, "otherExpenses": 0, "operatingExpenses": 75646000, "costAndExpenses": 325323000, "interestIncome": 0, "interestExpense": 0, "depreciationAndAmortization": 10565000, "ebitda": 77432000, "ebitdaratio": 0.1974349167, "operatingIncome": 66867000, "operatingIncomeRatio": 0.1704964431, "totalOtherIncomeExpensesNet": -2884000, "incomeBeforeTax": 63983000, "incomeBeforeTaxRatio": 0.1631428644, "incomeTaxExpense": 20900000, "netIncome": 43083000, "netIncomeRatio": 0.1098523675, "eps": 0.36, "epsdiluted": 0.34, "weightedAverageShsOut": 119612369, "weightedAverageShsOutDil": 126827254, "link": "https://www.sec.gov/Archives/edgar/data/46619/000113379607000024/0001133796-07-000024-index.htm", "finalLink": "https://www.sec.gov/Archives/edgar/data/46619/000113379607000024/hc70062.txt", "calculatedOtherExpenses": 0, "calculatedOperatingExpenses": 75646000, "calculatedNetInterest": 0, "calculatedOtherIncome": -2884000, "calculatedIncomeNonControlling": 0, "calculatedEbitda": 77432000}, {"date": "2005-10-31", "symbol": "HEI", "reportedCurrency": "USD", "cik": "0000046619", "fillingDate": "2006-01-17", "acceptedDate": "2006-01-17 16:43:31", "calendarYear": "2005", "period": "FY", "revenue": 269647000, "costOfRevenue": 168651000, "grossProfit": 100996000, "grossProfitRatio": 0.3745489473, "researchAndDevelopmentExpenses": 0, "generalAndAdministrativeExpenses": 56347000, "sellingAndMarketingExpenses": 0, "sellingGeneralAndAdministrativeExpenses": 56347000, "otherExpenses": 0, "operatingExpenses": 56347000, "costAndExpenses": 224998000, "interestIncome": 0, "interestExpense": 0, "depreciationAndAmortization": 7409000, "ebitda": 52058000, "ebitdaratio": 0.1930598152, "operatingIncome": 44649000, "operatingIncomeRatio": 0.1655831513, "totalOtherIncomeExpensesNet": -608000, "incomeBeforeTax": 44041000, "incomeBeforeTaxRatio": 0.1633283515, "incomeTaxExpense": 16100000, "netIncome": 22812000, "netIncomeRatio": 0.0845994949, "eps": 0.2, "epsdiluted": 0.18, "weightedAverageShsOut": 116635251, "weightedAverageShsOutDil": 125519285, "link": "https://www.sec.gov/Archives/edgar/data/46619/000113379606000006/0001133796-06-000006-index.htm", "finalLink": "https://www.sec.gov/Archives/edgar/data/46619/000113379606000006/hc60046.txt", "calculatedOtherExpenses": 0, "calculatedOperatingExpenses": 56347000, "calculatedNetInterest": 0, "calculatedOtherIncome": -608000, "calculatedIncomeNonControlling": 5129000, "calculatedEbitda": 52058000}, {"date": "2004-10-31", "symbol": "HEI", "reportedCurrency": "USD", "cik": "0000046619", "fillingDate": "2005-01-14", "acceptedDate": "2005-01-14 17:21:31", "calendarYear": "2004", "period": "FY", "revenue": 215744000, "costOfRevenue": 139932000, "grossProfit": 75812000, "grossProfitRatio": 0.3513979531, "researchAndDevelopmentExpenses": 0, "generalAndAdministrativeExpenses": 43193000, "sellingAndMarketingExpenses": 0, "sellingGeneralAndAdministrativeExpenses": 43193000, "otherExpenses": 0, "operatingExpenses": 43193000, "costAndExpenses": 183125000, "interestIncome": 0, "interestExpense": 0, "depreciationAndAmortization": 1779000, "ebitda": 34398000, "ebitdaratio": 0.1594389647, "operatingIncome": 32619000, "operatingIncomeRatio": 0.1511930807, "totalOtherIncomeExpensesNet": 3936000, "incomeBeforeTax": 36555000, "incomeBeforeTaxRatio": 0.1694369252, "incomeTaxExpense": 10948000, "netIncome": 20630000, "netIncomeRatio": 0.0956225897, "eps": 0.18, "epsdiluted": 0.17, "weightedAverageShsOut": 114617252, "weightedAverageShsOutDil": 122807493, "link": "https://www.sec.gov/Archives/edgar/data/46619/000113379605000008/0001133796-05-000008-index.htm", "finalLink": "https://www.sec.gov/Archives/edgar/data/46619/000113379605000008/hc50027.txt", "calculatedOtherExpenses": 0, "calculatedOperatingExpenses": 43193000, "calculatedNetInterest": 0, "calculatedOtherIncome": 3936000, "calculatedIncomeNonControlling": 4977000, "calculatedEbitda": 34398000}, {"date": "2003-10-31", "symbol": "HEI", "reportedCurrency": "USD", "cik": "0000046619", "fillingDate": "2004-01-12", "acceptedDate": "2004-01-12 17:27:53", "calendarYear": "2003", "period": "FY", "revenue": 176453000, "costOfRevenue": 118349000, "grossProfit": 58104000, "grossProfitRatio": 0.3292888191, "researchAndDevelopmentExpenses": 0, "generalAndAdministrativeExpenses": 34899000, "sellingAndMarketingExpenses": 0, "sellingGeneralAndAdministrativeExpenses": 34899000, "otherExpenses": 0, "operatingExpenses": 34899000, "costAndExpenses": 153248000, "interestIncome": 0, "interestExpense": 0, "depreciationAndAmortization": 5081000, "ebitda": 28286000, "ebitdaratio": 0.1603033102, "operatingIncome": 23205000, "operatingIncomeRatio": 0.131508107, "totalOtherIncomeExpensesNet": -1096000, "incomeBeforeTax": 22109000, "incomeBeforeTaxRatio": 0.1252968212, "incomeTaxExpense": 7872000, "netIncome": 12222000, "netIncomeRatio": 0.0692649034, "eps": 0.11, "epsdiluted": 0.1, "weightedAverageShsOut": 110801892, "weightedAverageShsOutDil": 128671684, "link": "https://www.sec.gov/Archives/edgar/data/46619/000114043704000027/0001140437-04-000027-index.htm", "finalLink": "https://www.sec.gov/Archives/edgar/data/46619/000114043704000027/hc31251_10k.txt", "calculatedOtherExpenses": 0, "calculatedOperatingExpenses": 34899000, "calculatedNetInterest": 0, "calculatedOtherIncome": -1096000, "calculatedIncomeNonControlling": 2015000, "calculatedEbitda": 28286000}, {"date": "2002-10-31", "symbol": "HEI", "reportedCurrency": "USD", "cik": "0000046619", "fillingDate": "2003-01-22", "acceptedDate": "2003-01-22 15:31:34", "calendarYear": "2002", "period": "FY", "revenue": 172112000, "costOfRevenue": 110610000, "grossProfit": 61502000, "grossProfitRatio": 0.3573370828, "researchAndDevelopmentExpenses": 0, "generalAndAdministrativeExpenses": 39102000, "sellingAndMarketingExpenses": 0, "sellingGeneralAndAdministrativeExpenses": 39102000, "otherExpenses": 0, "operatingExpenses": 39102000, "costAndExpenses": 149712000, "interestIncome": 0, "interestExpense": 0, "depreciationAndAmortization": 3302000, "ebitda": 25702000, "ebitdaratio": 0.1493329925, "operatingIncome": 22400000, "operatingIncomeRatio": 0.1301478107, "totalOtherIncomeExpensesNet": -921000, "incomeBeforeTax": 21479000, "incomeBeforeTaxRatio": 0.124796644, "incomeTaxExpense": 4930000, "netIncome": 15226000, "netIncomeRatio": 0.0884656503, "eps": 0.13, "epsdiluted": 0.12, "weightedAverageShsOut": 120659648, "weightedAverageShsOutDil": 129728064, "link": "https://www.sec.gov/Archives/edgar/data/46619/000113379603000006/0001133796-03-000006-index.htm", "finalLink": "https://www.sec.gov/Archives/edgar/data/46619/000113379603000006/k30031_10k.txt", "calculatedOtherExpenses": 0, "calculatedOperatingExpenses": 39102000, "calculatedNetInterest": 0, "calculatedOtherIncome": -921000, "calculatedIncomeNonControlling": 1323000, "calculatedEbitda": 25702000}, {"date": "2001-10-31", "symbol": "HEI", "reportedCurrency": "USD", "cik": "0000046619", "fillingDate": "2002-01-29", "acceptedDate": "2002-01-29 00:00:00", "calendarYear": "2001", "period": "FY", "revenue": 171259000, "costOfRevenue": 100113000, "grossProfit": 71146000, "grossProfitRatio": 0.4154292621, "researchAndDevelopmentExpenses": 0, "generalAndAdministrativeExpenses": 39578000, "sellingAndMarketingExpenses": 0, "sellingGeneralAndAdministrativeExpenses": 39578000, "otherExpenses": 577000, "operatingExpenses": 40155000, "costAndExpenses": 140268000, "interestIncome": 0, "interestExpense": 0, "depreciationAndAmortization": 11165000, "ebitda": 42156000, "ebitdaratio": 0.2461534868, "operatingIncome": 30991000, "operatingIncomeRatio": 0.1809598328, "totalOtherIncomeExpensesNet": -3678000, "incomeBeforeTax": 27313000, "incomeBeforeTaxRatio": 0.1594835892, "incomeTaxExpense": 11480000, "netIncome": 15833000, "netIncomeRatio": 0.0924506157, "eps": 0.15, "epsdiluted": 0.14, "weightedAverageShsOut": 104510584, "weightedAverageShsOutDil": 116996295, "link": "https://www.sec.gov/Archives/edgar/data/46619/000102140802001078/0001021408-02-001078-index.htm", "finalLink": "https://www.sec.gov/Archives/edgar/data/46619/000102140802001078/d10k405.txt", "calculatedOtherExpenses": 577000, "calculatedOperatingExpenses": 40155000, "calculatedNetInterest": 0, "calculatedOtherIncome": -3678000, "calculatedIncomeNonControlling": 0, "calculatedEbitda": 42156000}, {"date": "2000-10-31", "symbol": "HEI", "reportedCurrency": "USD", "cik": "0000046619", "fillingDate": "2001-01-25", "acceptedDate": "2001-01-25 00:00:00", "calendarYear": "2000", "period": "FY", "revenue": 202909000, "costOfRevenue": 117323000, "grossProfit": 85586000, "grossProfitRatio": 0.4217949918, "researchAndDevelopmentExpenses": 0, "generalAndAdministrativeExpenses": 36576000, "sellingAndMarketingExpenses": 0, "sellingGeneralAndAdministrativeExpenses": 36576000, "otherExpenses": 9775000, "operatingExpenses": 46351000, "costAndExpenses": 163674000, "interestIncome": 0, "interestExpense": 0, "depreciationAndAmortization": 9775000, "ebitda": 33026000, "ebitdaratio": 0.1627626177, "operatingIncome": 39235000, "operatingIncomeRatio": 0.1933625418, "totalOtherIncomeExpensesNet": 23997000, "incomeBeforeTax": 47248000, "incomeBeforeTaxRatio": 0.2328531509, "incomeTaxExpense": 19509000, "netIncome": 26317000, "netIncomeRatio": 0.1296985348, "eps": 0.26, "epsdiluted": 0.23, "weightedAverageShsOut": 100258614, "weightedAverageShsOutDil": 114914514, "link": "https://www.sec.gov/Archives/edgar/data/46619/000095017001000098/0000950170-01-000098-index.htm", "finalLink": "https://www.sec.gov/Archives/edgar/data/46619/000095017001000098/0000950170-01-000098-0001.txt", "calculatedOtherExpenses": 9775000, "calculatedOperatingExpenses": 46351000, "calculatedNetInterest": 0, "calculatedOtherIncome": 8013000, "calculatedIncomeNonControlling": 1422000, "calculatedEbitda": 49010000}, {"date": "1999-10-31", "symbol": "HEI", "reportedCurrency": "USD", "cik": "0000046619", "fillingDate": "2000-01-27", "acceptedDate": "2000-01-27 00:00:00", "calendarYear": "1999", "period": "FY", "revenue": 141300000, "costOfRevenue": 77600000, "grossProfit": 63700000, "grossProfitRatio": 0.4508138712, "researchAndDevelopmentExpenses": 0, "generalAndAdministrativeExpenses": 24700000, "sellingAndMarketingExpenses": 0, "sellingGeneralAndAdministrativeExpenses": 24700000, "otherExpenses": 6100000, "operatingExpenses": 30800000, "costAndExpenses": 108400000, "interestIncome": 0, "interestExpense": 0, "depreciationAndAmortization": 5200000, "ebitda": 38100000, "ebitdaratio": 0.2696390658, "operatingIncome": 32900000, "operatingIncomeRatio": 0.2328379335, "totalOtherIncomeExpensesNet": -5000000, "incomeBeforeTax": 27900000, "incomeBeforeTaxRatio": 0.1974522293, "incomeTaxExpense": 11600000, "netIncome": 16300000, "netIncomeRatio": 0.1153573956, "eps": 0.19, "epsdiluted": 0.16, "weightedAverageShsOut": 85511541, "weightedAverageShsOutDil": 101795858, "link": "https://www.sec.gov/Archives/edgar/data/46619/000095017000000090/0000950170-00-000090-index.html", "finalLink": "https://www.sec.gov/Archives/edgar/data/46619/000095017000000090/", "calculatedOtherExpenses": 6100000, "calculatedOperatingExpenses": 30800000, "calculatedNetInterest": 0, "calculatedOtherIncome": -5000000, "calculatedIncomeNonControlling": 0, "calculatedEbitda": 38100000}, {"date": "1998-10-31", "symbol": "HEI", "reportedCurrency": "USD", "cik": "0000046619", "fillingDate": "1999-01-15", "acceptedDate": "1999-01-15 00:00:00", "calendarYear": "1998", "period": "FY", "revenue": 95400000, "costOfRevenue": 56400000, "grossProfit": 39000000, "grossProfitRatio": 0.4088050314, "researchAndDevelopmentExpenses": 0, "generalAndAdministrativeExpenses": 17100000, "sellingAndMarketingExpenses": 0, "sellingGeneralAndAdministrativeExpenses": 17100000, "otherExpenses": 2800000, "operatingExpenses": 19900000, "costAndExpenses": 76300000, "interestIncome": 0, "interestExpense": 0, "depreciationAndAmortization": 700000, "ebitda": 19800000, "ebitdaratio": 0.2075471698, "operatingIncome": 19100000, "operatingIncomeRatio": 0.2002096436, "totalOtherIncomeExpensesNet": -1700000, "incomeBeforeTax": 17400000, "incomeBeforeTaxRatio": 0.1823899371, "incomeTaxExpense": 6900000, "netIncome": 10500000, "netIncomeRatio": 0.1100628931, "eps": 0.15, "epsdiluted": 0.12, "weightedAverageShsOut": 72116306, "weightedAverageShsOutDil": 89665175, "link": "https://www.sec.gov/Archives/edgar/data/46619/000095014499000335/0000950144-99-000335-index.html", "finalLink": "https://www.sec.gov/Archives/edgar/data/46619/", "calculatedOtherExpenses": 2800000, "calculatedOperatingExpenses": 19900000, "calculatedNetInterest": 0, "calculatedOtherIncome": -1700000, "calculatedIncomeNonControlling": 0, "calculatedEbitda": 19800000}, {"date": "1997-10-31", "symbol": "HEI", "reportedCurrency": "USD", "cik": "0000046619", "fillingDate": "1998-01-27", "acceptedDate": "1998-01-27 00:00:00", "calendarYear": "1997", "period": "FY", "revenue": 63700000, "costOfRevenue": 41400000, "grossProfit": 22300000, "grossProfitRatio": 0.3500784929, "researchAndDevelopmentExpenses": 0, "generalAndAdministrativeExpenses": 11500000, "sellingAndMarketingExpenses": 0, "sellingGeneralAndAdministrativeExpenses": 11500000, "otherExpenses": 1600000, "operatingExpenses": 13100000, "costAndExpenses": 54500000, "interestIncome": 0, "interestExpense": 0, "depreciationAndAmortization": -100000, "ebitda": 9100000, "ebitdaratio": 0.1428571429, "operatingIncome": 9200000, "operatingIncomeRatio": 0.1444270016, "totalOtherIncomeExpensesNet": 1100000, "incomeBeforeTax": 10300000, "incomeBeforeTaxRatio": 0.1616954474, "incomeTaxExpense": 3300000, "netIncome": 7000000, "netIncomeRatio": 0.1098901099, "eps": 0.0914, "epsdiluted": 0.0772, "weightedAverageShsOut": 31875627, "weightedAverageShsOutDil": 31875627, "link": "https://www.sec.gov/Archives/edgar/data/46619/000095017098000125/0000950170-98-000125-index.html", "finalLink": "https://www.sec.gov/Archives/edgar/data/46619/", "calculatedOtherExpenses": 1600000, "calculatedOperatingExpenses": 13100000, "calculatedNetInterest": 0, "calculatedOtherIncome": 1100000, "calculatedIncomeNonControlling": 0, "calculatedEbitda": 9100000}, {"date": "1996-10-31", "symbol": "HEI", "reportedCurrency": "USD", "cik": "0000046619", "fillingDate": "1997-01-28", "acceptedDate": "1997-01-28 00:00:00", "calendarYear": "1996", "period": "FY", "revenue": 34600000, "costOfRevenue": 20300000, "grossProfit": 14300000, "grossProfitRatio": 0.4132947977, "researchAndDevelopmentExpenses": 0, "generalAndAdministrativeExpenses": 7700000, "sellingAndMarketingExpenses": 0, "sellingGeneralAndAdministrativeExpenses": 7700000, "otherExpenses": 2100000, "operatingExpenses": 9800000, "costAndExpenses": 30100000, "interestIncome": 0, "interestExpense": 0, "depreciationAndAmortization": 2100000, "ebitda": 5500000, "ebitdaratio": 0.1589595376, "operatingIncome": 4500000, "operatingIncomeRatio": 0.1300578035, "totalOtherIncomeExpensesNet": 2000000, "incomeBeforeTax": 5400000, "incomeBeforeTaxRatio": 0.1560693642, "incomeTaxExpense": 1700000, "netIncome": 3700000, "netIncomeRatio": 0.1069364162, "eps": 0.13, "epsdiluted": 0.13, "weightedAverageShsOut": 27670630, "weightedAverageShsOutDil": 27670630, "link": "https://www.sec.gov/Archives/edgar/data/46619/000095017097000063/0000950170-97-000063-index.html", "finalLink": "https://www.sec.gov/Archives/edgar/data/46619/", "calculatedOtherExpenses": 2100000, "calculatedOperatingExpenses": 9800000, "calculatedNetInterest": 0, "calculatedOtherIncome": 900000, "calculatedIncomeNonControlling": 0, "calculatedEbitda": 6600000}, {"date": "1995-10-31", "symbol": "HEI", "reportedCurrency": "USD", "cik": "0000046619", "fillingDate": "1996-01-16", "acceptedDate": "1996-01-16 00:00:00", "calendarYear": "1995", "period": "FY", "revenue": 40400000, "costOfRevenue": 25300000, "grossProfit": 15100000, "grossProfitRatio": 0.3737623762, "researchAndDevelopmentExpenses": 0, "generalAndAdministrativeExpenses": 8000000, "sellingAndMarketingExpenses": 0, "sellingGeneralAndAdministrativeExpenses": 8000000, "otherExpenses": 2600000, "operatingExpenses": 10600000, "costAndExpenses": 35900000, "interestIncome": 0, "interestExpense": 0, "depreciationAndAmortization": 2300000, "ebitda": 6800000, "ebitdaratio": 0.1683168317, "operatingIncome": 4500000, "operatingIncomeRatio": 0.1113861386, "totalOtherIncomeExpensesNet": -100000, "incomeBeforeTax": 4400000, "incomeBeforeTaxRatio": 0.1089108911, "incomeTaxExpense": 1700000, "netIncome": 2700000, "netIncomeRatio": 0.0668316832, "eps": 0.16, "epsdiluted": 0.16, "weightedAverageShsOut": 16855780, "weightedAverageShsOutDil": 70955132, "link": "https://www.sec.gov/Archives/edgar/data/46619/000095017096000014/0000950170-96-000014-index.html", "finalLink": "https://www.sec.gov/Archives/edgar/data/46619/", "calculatedOtherExpenses": 2600000, "calculatedOperatingExpenses": 10600000, "calculatedNetInterest": 0, "calculatedOtherIncome": -100000, "calculatedIncomeNonControlling": 0, "calculatedEbitda": 6800000}, {"date": "1994-10-31", "symbol": "HEI", "reportedCurrency": "USD", "cik": "0000046619", "fillingDate": "1994-10-31", "acceptedDate": "1994-10-31 00:00:00", "calendarYear": "1994", "period": "FY", "revenue": 32400000, "costOfRevenue": 20700000, "grossProfit": 11700000, "grossProfitRatio": 0.3611111111, "researchAndDevelopmentExpenses": 0, "generalAndAdministrativeExpenses": 0, "sellingAndMarketingExpenses": 0, "sellingGeneralAndAdministrativeExpenses": 7300000, "otherExpenses": 2000000, "operatingExpenses": 9300000, "costAndExpenses": 30000000, "interestIncome": 0, "interestExpense": 0, "depreciationAndAmortization": 2000000, "ebitda": 4400000, "ebitdaratio": 0.1358024691, "operatingIncome": 2400000, "operatingIncomeRatio": 0.0740740741, "totalOtherIncomeExpensesNet": -200000, "incomeBeforeTax": 2200000, "incomeBeforeTaxRatio": 0.0679012346, "incomeTaxExpense": 700000, "netIncome": 1500000, "netIncomeRatio": 0.0462962963, "eps": 0.0211, "epsdiluted": 0.0199, "weightedAverageShsOut": 70955132, "weightedAverageShsOutDil": 75389901, "link": null, "finalLink": null, "calculatedOtherExpenses": 2000000, "calculatedOperatingExpenses": 9300000, "calculatedNetInterest": 0, "calculatedOtherIncome": -200000, "calculatedIncomeNonControlling": 0, "calculatedEbitda": 4400000}, {"date": "1993-10-31", "symbol": "HEI", "reportedCurrency": "USD", "cik": "0000046619", "fillingDate": "1993-10-31", "acceptedDate": "1993-10-31 00:00:00", "calendarYear": "1993", "period": "FY", "revenue": 25900000, "costOfRevenue": 16300000, "grossProfit": 9600000, "grossProfitRatio": 0.3706563707, "researchAndDevelopmentExpenses": 0, "generalAndAdministrativeExpenses": 0, "sellingAndMarketingExpenses": 0, "sellingGeneralAndAdministrativeExpenses": 7500000, "otherExpenses": 1600000, "operatingExpenses": 9100000, "costAndExpenses": 25400000, "interestIncome": 0, "interestExpense": 0, "depreciationAndAmortization": 1600000, "ebitda": 1500000, "ebitdaratio": 0.0579150579, "operatingIncome": 500000, "operatingIncomeRatio": 0.0193050193, "totalOtherIncomeExpensesNet": 700000, "incomeBeforeTax": 600000, "incomeBeforeTaxRatio": 0.0231660232, "incomeTaxExpense": 100000, "netIncome": 500000, "netIncomeRatio": 0.0193050193, "eps": 0.0063, "epsdiluted": 0.0063, "weightedAverageShsOut": 79359112, "weightedAverageShsOutDil": 79359112, "link": null, "finalLink": null, "calculatedOtherExpenses": 1600000, "calculatedOperatingExpenses": 9100000, "calculatedNetInterest": 0, "calculatedOtherIncome": 100000, "calculatedIncomeNonControlling": 0, "calculatedEbitda": 2100000}, {"date": "1992-10-31", "symbol": "HEI", "reportedCurrency": "USD", "cik": "0000046619", "fillingDate": "1992-10-31", "acceptedDate": "1992-10-31 00:00:00", "calendarYear": "1992", "period": "FY", "revenue": 21700000, "costOfRevenue": 12800000, "grossProfit": 8900000, "grossProfitRatio": 0.4101382488, "researchAndDevelopmentExpenses": 0, "generalAndAdministrativeExpenses": 0, "sellingAndMarketingExpenses": 0, "sellingGeneralAndAdministrativeExpenses": 6500000, "otherExpenses": 1900000, "operatingExpenses": 8400000, "costAndExpenses": 21200000, "interestIncome": 0, "interestExpense": 0, "depreciationAndAmortization": 1900000, "ebitda": 4000000, "ebitdaratio": 0.1843317972, "operatingIncome": 500000, "operatingIncomeRatio": 0.0230414747, "totalOtherIncomeExpensesNet": -3300000, "incomeBeforeTax": -1200000, "incomeBeforeTaxRatio": -0.0552995392, "incomeTaxExpense": -600000, "netIncome": -600000, "netIncomeRatio": -0.0276497696, "eps": -0.0095, "epsdiluted": -0.0095, "weightedAverageShsOut": 63486585, "weightedAverageShsOutDil": 63486585, "link": null, "finalLink": null, "calculatedOtherExpenses": 1900000, "calculatedOperatingExpenses": 8400000, "calculatedNetInterest": 0, "calculatedOtherIncome": -1700000, "calculatedIncomeNonControlling": 0, "calculatedEbitda": 2400000}, {"date": "1991-10-31", "symbol": "HEI", "reportedCurrency": "USD", "cik": "0000046619", "fillingDate": "1991-10-31", "acceptedDate": "1991-10-31 00:00:00", "calendarYear": "1991", "period": "FY", "revenue": 25400000, "costOfRevenue": 15000000, "grossProfit": 10400000, "grossProfitRatio": 0.4094488189, "researchAndDevelopmentExpenses": 0, "generalAndAdministrativeExpenses": 0, "sellingAndMarketingExpenses": 0, "sellingGeneralAndAdministrativeExpenses": 6200000, "otherExpenses": 1800000, "operatingExpenses": 8000000, "costAndExpenses": 23000000, "interestIncome": 0, "interestExpense": 0, "depreciationAndAmortization": 1800000, "ebitda": 3300000, "ebitdaratio": 0.1299212598, "operatingIncome": 2400000, "operatingIncomeRatio": 0.094488189, "totalOtherIncomeExpensesNet": 1600000, "incomeBeforeTax": 3100000, "incomeBeforeTaxRatio": 0.1220472441, "incomeTaxExpense": 700000, "netIncome": 2400000, "netIncomeRatio": 0.094488189, "eps": 0.0299, "epsdiluted": 0.0299, "weightedAverageShsOut": 80192925, "weightedAverageShsOutDil": 80192925, "link": null, "finalLink": null, "calculatedOtherExpenses": 1800000, "calculatedOperatingExpenses": 8000000, "calculatedNetInterest": 0, "calculatedOtherIncome": 700000, "calculatedIncomeNonControlling": 0, "calculatedEbitda": 4200000}, {"date": "1990-10-31", "symbol": "HEI", "reportedCurrency": "USD", "cik": "0000046619", "fillingDate": "1990-10-31", "acceptedDate": "1990-10-31 00:00:00", "calendarYear": "1990", "period": "FY", "revenue": 26200000, "costOfRevenue": 17400000, "grossProfit": 8800000, "grossProfitRatio": 0.3358778626, "researchAndDevelopmentExpenses": 0, "generalAndAdministrativeExpenses": 0, "sellingAndMarketingExpenses": 0, "sellingGeneralAndAdministrativeExpenses": 5200000, "otherExpenses": 1800000, "operatingExpenses": 7000000, "costAndExpenses": 24400000, "interestIncome": 0, "interestExpense": 0, "depreciationAndAmortization": 1800000, "ebitda": 2600000, "ebitdaratio": 0.0992366412, "operatingIncome": 1800000, "operatingIncomeRatio": 0.0687022901, "totalOtherIncomeExpensesNet": 1900000, "incomeBeforeTax": 2700000, "incomeBeforeTaxRatio": 0.1030534351, "incomeTaxExpense": 700000, "netIncome": 2000000, "netIncomeRatio": 0.0763358779, "eps": 0.0252, "epsdiluted": 0.0252, "weightedAverageShsOut": 79465517, "weightedAverageShsOutDil": 79465517, "link": null, "finalLink": null, "calculatedOtherExpenses": 1800000, "calculatedOperatingExpenses": 7000000, "calculatedNetInterest": 0, "calculatedOtherIncome": 900000, "calculatedIncomeNonControlling": 0, "calculatedEbitda": 3600000}, {"date": "1989-10-31", "symbol": "HEI", "reportedCurrency": "USD", "cik": "0000046619", "fillingDate": "1989-10-31", "acceptedDate": "1989-10-31 00:00:00", "calendarYear": "1989", "period": "FY", "revenue": 26500000, "costOfRevenue": 14800000, "grossProfit": 11700000, "grossProfitRatio": 0.441509434, "researchAndDevelopmentExpenses": 0, "generalAndAdministrativeExpenses": 0, "sellingAndMarketingExpenses": 0, "sellingGeneralAndAdministrativeExpenses": 5300000, "otherExpenses": 2400000, "operatingExpenses": 7700000, "costAndExpenses": 22500000, "interestIncome": 0, "interestExpense": 0, "depreciationAndAmortization": 3700000, "ebitda": 7700000, "ebitdaratio": 0.2905660377, "operatingIncome": 4000000, "operatingIncomeRatio": 0.1509433962, "totalOtherIncomeExpensesNet": -1500000, "incomeBeforeTax": 2500000, "incomeBeforeTaxRatio": 0.0943396226, "incomeTaxExpense": 800000, "netIncome": 1700000, "netIncomeRatio": 0.0641509434, "eps": 0.0141, "epsdiluted": 0.0141, "weightedAverageShsOut": 120348869, "weightedAverageShsOutDil": 120348869, "link": null, "finalLink": null, "calculatedOtherExpenses": 2400000, "calculatedOperatingExpenses": 7700000, "calculatedNetInterest": 0, "calculatedOtherIncome": -1500000, "calculatedIncomeNonControlling": 0, "calculatedEbitda": 7700000}, {"date": "1988-10-31", "symbol": "HEI", "reportedCurrency": "USD", "cik": "0000046619", "fillingDate": "1988-10-31", "acceptedDate": "1988-10-31 00:00:00", "calendarYear": "1988", "period": "FY", "revenue": 43200000, "costOfRevenue": 26800000, "grossProfit": 16400000, "grossProfitRatio": 0.3796296296, "researchAndDevelopmentExpenses": 0, "generalAndAdministrativeExpenses": 0, "sellingAndMarketingExpenses": 0, "sellingGeneralAndAdministrativeExpenses": 11000000, "otherExpenses": 1900000, "operatingExpenses": 12900000, "costAndExpenses": 39700000, "interestIncome": 0, "interestExpense": 0, "depreciationAndAmortization": 1900000, "ebitda": 4600000, "ebitdaratio": 0.1064814815, "operatingIncome": 3500000, "operatingIncomeRatio": 0.0810185185, "totalOtherIncomeExpensesNet": 1000000, "incomeBeforeTax": 3700000, "incomeBeforeTaxRatio": 0.0856481481, "incomeTaxExpense": 1200000, "netIncome": 2500000, "netIncomeRatio": 0.0578703704, "eps": 0.0236, "epsdiluted": 0.0236, "weightedAverageShsOut": 105810505, "weightedAverageShsOutDil": 105810505, "link": null, "finalLink": null, "calculatedOtherExpenses": 1900000, "calculatedOperatingExpenses": 12900000, "calculatedNetInterest": 0, "calculatedOtherIncome": 200000, "calculatedIncomeNonControlling": 0, "calculatedEbitda": 5400000}, {"date": "1987-10-31", "symbol": "HEI", "reportedCurrency": "USD", "cik": "0000046619", "fillingDate": "1987-10-31", "acceptedDate": "1987-10-31 00:00:00", "calendarYear": "1987", "period": "FY", "revenue": 46900000, "costOfRevenue": 24600000, "grossProfit": 22300000, "grossProfitRatio": 0.4754797441, "researchAndDevelopmentExpenses": 0, "generalAndAdministrativeExpenses": 0, "sellingAndMarketingExpenses": 0, "sellingGeneralAndAdministrativeExpenses": 8700000, "otherExpenses": 1600000, "operatingExpenses": 10300000, "costAndExpenses": 34900000, "interestIncome": 0, "interestExpense": 0, "depreciationAndAmortization": 1600000, "ebitda": 12000000, "ebitdaratio": 0.2558635394, "operatingIncome": 12000000, "operatingIncomeRatio": 0.2558635394, "totalOtherIncomeExpensesNet": 800000, "incomeBeforeTax": 12800000, "incomeBeforeTaxRatio": 0.2729211087, "incomeTaxExpense": 5200000, "netIncome": 7600000, "netIncomeRatio": 0.1620469083, "eps": 0.0772, "epsdiluted": 0.0772, "weightedAverageShsOut": 98468142, "weightedAverageShsOutDil": 98468142, "link": null, "finalLink": null, "calculatedOtherExpenses": 1600000, "calculatedOperatingExpenses": 10300000, "calculatedNetInterest": 0, "calculatedOtherIncome": 800000, "calculatedIncomeNonControlling": 0, "calculatedEbitda": 13600000}, {"date": "1986-10-31", "symbol": "HEI", "reportedCurrency": "USD", "cik": "0000046619", "fillingDate": "1986-10-31", "acceptedDate": "1986-10-31 00:00:00", "calendarYear": "1986", "period": "FY", "revenue": 47300000, "costOfRevenue": 25000000, "grossProfit": 22300000, "grossProfitRatio": 0.4714587738, "researchAndDevelopmentExpenses": 0, "generalAndAdministrativeExpenses": 0, "sellingAndMarketingExpenses": 0, "sellingGeneralAndAdministrativeExpenses": 8600000, "otherExpenses": 1200000, "operatingExpenses": 9800000, "costAndExpenses": 34800000, "interestIncome": 0, "interestExpense": 0, "depreciationAndAmortization": 600000, "ebitda": 13100000, "ebitdaratio": 0.2769556025, "operatingIncome": 12500000, "operatingIncomeRatio": 0.2642706131, "totalOtherIncomeExpensesNet": -600000, "incomeBeforeTax": 11900000, "incomeBeforeTaxRatio": 0.2515856237, "incomeTaxExpense": 5600000, "netIncome": 6300000, "netIncomeRatio": 0.133192389, "eps": 0.0756, "epsdiluted": 0.0756, "weightedAverageShsOut": 83325449, "weightedAverageShsOutDil": 83325449, "link": null, "finalLink": null, "calculatedOtherExpenses": 1200000, "calculatedOperatingExpenses": 9800000, "calculatedNetInterest": 0, "calculatedOtherIncome": -600000, "calculatedIncomeNonControlling": 0, "calculatedEbitda": 13100000}, {"date": "1985-10-31", "symbol": "HEI", "reportedCurrency": "USD", "cik": "0000046619", "fillingDate": "1985-10-31", "acceptedDate": "1985-10-31 00:00:00", "calendarYear": "1985", "period": "FY", "revenue": 32300000, "costOfRevenue": 18400000, "grossProfit": 13900000, "grossProfitRatio": 0.4303405573, "researchAndDevelopmentExpenses": 0, "generalAndAdministrativeExpenses": 0, "sellingAndMarketingExpenses": 0, "sellingGeneralAndAdministrativeExpenses": 7100000, "otherExpenses": 900000, "operatingExpenses": 8000000, "costAndExpenses": 26400000, "interestIncome": 0, "interestExpense": 0, "depreciationAndAmortization": 300000, "ebitda": 6200000, "ebitdaratio": 0.1919504644, "operatingIncome": 5900000, "operatingIncomeRatio": 0.1826625387, "totalOtherIncomeExpensesNet": -900000, "incomeBeforeTax": 5000000, "incomeBeforeTaxRatio": 0.1547987616, "incomeTaxExpense": 2300000, "netIncome": 2700000, "netIncomeRatio": 0.0835913313, "eps": 0.0362, "epsdiluted": 0.0362, "weightedAverageShsOut": 74526939, "weightedAverageShsOutDil": 74526939, "link": null, "finalLink": null, "calculatedOtherExpenses": 900000, "calculatedOperatingExpenses": 8000000, "calculatedNetInterest": 0, "calculatedOtherIncome": -900000, "calculatedIncomeNonControlling": 0, "calculatedEbitda": 6200000}]}