{"originalCurrency": "USD", "convertedCurrency": "USD", "report": [{"date": "2023-12-31", "symbol": "HES", "reportedCurrency": "USD", "cik": "0000004447", "fillingDate": "2024-02-26", "acceptedDate": "2024-02-26 16:04:11", "calendarYear": "2023", "period": "FY", "revenue": 10701000000, "costOfRevenue": 7060000000, "grossProfit": 3641000000, "grossProfitRatio": 0.3402485749, "researchAndDevelopmentExpenses": 0, "generalAndAdministrativeExpenses": 527000000, "sellingAndMarketingExpenses": 2732000000, "sellingGeneralAndAdministrativeExpenses": 527000000, "otherExpenses": 132000000, "operatingExpenses": 527000000, "costAndExpenses": 7587000000, "interestIncome": 82000000, "interestExpense": 528000000, "depreciationAndAmortization": 2193000000, "ebitda": 5307000000, "ebitdaratio": 0.4959349593, "operatingIncome": 3114000000, "operatingIncomeRatio": 0.291000841, "totalOtherIncomeExpensesNet": -643000000, "incomeBeforeTax": 2471000000, "incomeBeforeTaxRatio": 0.2309129988, "incomeTaxExpense": 733000000, "netIncome": 1382000000, "netIncomeRatio": 0.1291468087, "eps": 4.52, "epsdiluted": 4.49, "weightedAverageShsOut": 305900000, "weightedAverageShsOutDil": 307600000, "link": "https://www.sec.gov/Archives/edgar/data/4447/000162828024006845/0001628280-24-006845-index.htm", "finalLink": "https://www.sec.gov/Archives/edgar/data/4447/000162828024006845/hes-20231231.htm", "calculatedOtherExpenses": 0, "calculatedOperatingExpenses": 527000000, "calculatedNetInterest": -446000000, "calculatedOtherIncome": -197000000, "calculatedIncomeNonControlling": 356000000, "calculatedEbitda": 5307000000}, {"date": "2022-12-31", "symbol": "HES", "reportedCurrency": "USD", "cik": "0000004447", "fillingDate": "2023-02-24", "acceptedDate": "2023-02-24 16:18:20", "calendarYear": "2022", "period": "FY", "revenue": 11324000000, "costOfRevenue": 3410000000, "grossProfit": 7914000000, "grossProfitRatio": 0.6988696574, "researchAndDevelopmentExpenses": 0, "generalAndAdministrativeExpenses": 430000000, "sellingAndMarketingExpenses": 3328000000, "sellingGeneralAndAdministrativeExpenses": 3758000000, "otherExpenses": 174000000, "operatingExpenses": 3932000000, "costAndExpenses": 7342000000, "interestIncome": 461000000, "interestExpense": 493000000, "depreciationAndAmortization": 1703000000, "ebitda": 5830000000, "ebitdaratio": 0.5148357471, "operatingIncome": 4127000000, "operatingIncomeRatio": 0.3644471918, "totalOtherIncomeExpensesNet": -446000000, "incomeBeforeTax": 3681000000, "incomeBeforeTaxRatio": 0.3250618156, "incomeTaxExpense": 1107000000, "netIncome": 2096000000, "netIncomeRatio": 0.1850936065, "eps": 6.8, "epsdiluted": 6.77, "weightedAverageShsOut": 308100000, "weightedAverageShsOutDil": 309600000, "link": "https://www.sec.gov/Archives/edgar/data/4447/000162828023005059/0001628280-23-005059-index.htm", "finalLink": "https://www.sec.gov/Archives/edgar/data/4447/000162828023005059/hes-20221231.htm", "calculatedOtherExpenses": 29000000, "calculatedOperatingExpenses": 3787000000, "calculatedNetInterest": -32000000, "calculatedOtherIncome": -414000000, "calculatedIncomeNonControlling": 478000000, "calculatedEbitda": 5830000000}, {"date": "2021-12-31", "symbol": "HES", "reportedCurrency": "USD", "cik": "0000004447", "fillingDate": "2022-03-01", "acceptedDate": "2022-03-01 16:22:29", "calendarYear": "2021", "period": "FY", "revenue": 7473000000, "costOfRevenue": 2929000000, "grossProfit": 4544000000, "grossProfitRatio": 0.6080556671, "researchAndDevelopmentExpenses": 0, "generalAndAdministrativeExpenses": 340000000, "sellingAndMarketingExpenses": 2034000000, "sellingGeneralAndAdministrativeExpenses": 2374000000, "otherExpenses": 162000000, "operatingExpenses": 2536000000, "costAndExpenses": 5465000000, "interestIncome": 480000000, "interestExpense": 481000000, "depreciationAndAmortization": 1528000000, "ebitda": 3617000000, "ebitdaratio": 0.4840090994, "operatingIncome": 2089000000, "operatingIncomeRatio": 0.2795396762, "totalOtherIncomeExpensesNet": -599000000, "incomeBeforeTax": 1490000000, "incomeBeforeTaxRatio": 0.1993844507, "incomeTaxExpense": 600000000, "netIncome": 890000000, "netIncomeRatio": 0.1190954101, "eps": 2.9, "epsdiluted": 2.88, "weightedAverageShsOut": 307400000, "weightedAverageShsOutDil": 309300000, "link": "https://www.sec.gov/Archives/edgar/data/4447/000162828022004524/0001628280-22-004524-index.htm", "finalLink": "https://www.sec.gov/Archives/edgar/data/4447/000162828022004524/hes-20211231.htm", "calculatedOtherExpenses": 81000000, "calculatedOperatingExpenses": 2455000000, "calculatedNetInterest": -1000000, "calculatedOtherIncome": -598000000, "calculatedIncomeNonControlling": 0, "calculatedEbitda": 3617000000}, {"date": "2020-12-31", "symbol": "HES", "reportedCurrency": "USD", "cik": "0000004447", "fillingDate": "2021-03-01", "acceptedDate": "2021-03-01 08:11:06", "calendarYear": "2020", "period": "FY", "revenue": 4667000000, "costOfRevenue": 3416000000, "grossProfit": 1251000000, "grossProfitRatio": 0.268052282, "researchAndDevelopmentExpenses": 0, "generalAndAdministrativeExpenses": 357000000, "sellingAndMarketingExpenses": 936000000, "sellingGeneralAndAdministrativeExpenses": 1293000000, "otherExpenses": 351000000, "operatingExpenses": 1644000000, "costAndExpenses": 5060000000, "interestIncome": 463000000, "interestExpense": 468000000, "depreciationAndAmortization": 2074000000, "ebitda": 1731000000, "ebitdaratio": 0.3709020784, "operatingIncome": -343000000, "operatingIncomeRatio": -0.0734947504, "totalOtherIncomeExpensesNet": -2507000000, "incomeBeforeTax": -2850000000, "incomeBeforeTaxRatio": -0.6106706664, "incomeTaxExpense": -11000000, "netIncome": -2839000000, "netIncomeRatio": -0.6083136919, "eps": -9.31, "epsdiluted": -9.31, "weightedAverageShsOut": 304800000, "weightedAverageShsOutDil": 304800000, "link": "https://www.sec.gov/Archives/edgar/data/4447/000162828021003531/0001628280-21-003531-index.htm", "finalLink": "https://www.sec.gov/Archives/edgar/data/4447/000162828021003531/hes-20201231.htm", "calculatedOtherExpenses": 301000000, "calculatedOperatingExpenses": 1594000000, "calculatedNetInterest": -5000000, "calculatedOtherIncome": -2502000000, "calculatedIncomeNonControlling": 0, "calculatedEbitda": 1731000000}, {"date": "2019-12-31", "symbol": "HES", "reportedCurrency": "USD", "cik": "0000004447", "fillingDate": "2020-02-20", "acceptedDate": "2020-02-20 16:03:16", "calendarYear": "2019", "period": "FY", "revenue": 6495000000, "costOfRevenue": 3543000000, "grossProfit": 2952000000, "grossProfitRatio": 0.4545034642, "researchAndDevelopmentExpenses": 0, "generalAndAdministrativeExpenses": 397000000, "sellingAndMarketingExpenses": 1736000000, "sellingGeneralAndAdministrativeExpenses": 2133000000, "otherExpenses": 233000000, "operatingExpenses": 2366000000, "costAndExpenses": 5909000000, "interestIncome": 380000000, "interestExpense": 380000000, "depreciationAndAmortization": 2122000000, "ebitda": 2701000000, "ebitdaratio": 0.4158583526, "operatingIncome": 579000000, "operatingIncomeRatio": 0.0891454965, "totalOtherIncomeExpensesNet": -358000000, "incomeBeforeTax": 221000000, "incomeBeforeTaxRatio": 0.034026174, "incomeTaxExpense": 461000000, "netIncome": -240000000, "netIncomeRatio": -0.0369515012, "eps": -0.8, "epsdiluted": -0.8, "weightedAverageShsOut": 301200000, "weightedAverageShsOutDil": 301200000, "link": "https://www.sec.gov/Archives/edgar/data/4447/000156459020005545/0001564590-20-005545-index.htm", "finalLink": "https://www.sec.gov/Archives/edgar/data/4447/000156459020005545/hes-10k_20191231.htm", "calculatedOtherExpenses": 240000000, "calculatedOperatingExpenses": 2373000000, "calculatedNetInterest": 0, "calculatedOtherIncome": -358000000, "calculatedIncomeNonControlling": 0, "calculatedEbitda": 2701000000}, {"date": "2018-12-31", "symbol": "HES", "reportedCurrency": "USD", "cik": "0000004447", "fillingDate": "2019-02-21", "acceptedDate": "2019-02-21 16:08:05", "calendarYear": "2018", "period": "FY", "revenue": 6326000000, "costOfRevenue": 3188000000, "grossProfit": 3138000000, "grossProfitRatio": 0.4960480556, "researchAndDevelopmentExpenses": 0, "generalAndAdministrativeExpenses": 473000000, "sellingAndMarketingExpenses": 1771000000, "sellingGeneralAndAdministrativeExpenses": 2244000000, "otherExpenses": 108000000, "operatingExpenses": 2606000000, "costAndExpenses": 5794000000, "interestIncome": 0, "interestExpense": 399000000, "depreciationAndAmortization": 1883000000, "ebitda": 2523000000, "ebitdaratio": 0.3988302245, "operatingIncome": 529000000, "operatingIncomeRatio": 0.0836231426, "totalOtherIncomeExpensesNet": 87000000, "incomeBeforeTax": 220000000, "incomeBeforeTaxRatio": 0.0347771103, "incomeTaxExpense": 335000000, "netIncome": -282000000, "netIncomeRatio": -0.0445779323, "eps": -0.95, "epsdiluted": -0.95, "weightedAverageShsOut": 298181818, "weightedAverageShsOutDil": 298200000, "link": "https://www.sec.gov/Archives/edgar/data/4447/000156459019003671/0001564590-19-003671-index.htm", "finalLink": "https://www.sec.gov/Archives/edgar/data/4447/000156459019003671/hes-10k_20181231.htm", "calculatedOtherExpenses": 365000000, "calculatedOperatingExpenses": 2609000000, "calculatedNetInterest": -399000000, "calculatedOtherIncome": 90000000, "calculatedIncomeNonControlling": 167000000, "calculatedEbitda": 2412000000}, {"date": "2017-12-31", "symbol": "HES", "reportedCurrency": "USD", "cik": "0000004447", "fillingDate": "2018-02-21", "acceptedDate": "2018-02-21 16:51:04", "calendarYear": "2017", "period": "FY", "revenue": 5466000000, "costOfRevenue": 5714000000, "grossProfit": -248000000, "grossProfitRatio": -0.0453713868, "researchAndDevelopmentExpenses": 0, "generalAndAdministrativeExpenses": 434000000, "sellingAndMarketingExpenses": 1267000000, "sellingGeneralAndAdministrativeExpenses": 434000000, "otherExpenses": 25000000, "operatingExpenses": 941000000, "costAndExpenses": 6655000000, "interestIncome": 0, "interestExpense": 325000000, "depreciationAndAmortization": 2883000000, "ebitda": 1719000000, "ebitdaratio": 0.3144895719, "operatingIncome": -1189000000, "operatingIncomeRatio": -0.2175265276, "totalOtherIncomeExpensesNet": -4264000000, "incomeBeforeTax": -5778000000, "incomeBeforeTaxRatio": -1.0570801317, "incomeTaxExpense": -1837000000, "netIncome": -4074000000, "netIncomeRatio": -0.7453347969, "eps": -12.97, "epsdiluted": -12.97, "weightedAverageShsOut": 314024390, "weightedAverageShsOutDil": 314100000, "link": "https://www.sec.gov/Archives/edgar/data/4447/000156459018002698/0001564590-18-002698-index.htm", "finalLink": "https://www.sec.gov/Archives/edgar/data/4447/000156459018002698/hes-10k_20171231.htm", "calculatedOtherExpenses": 507000000, "calculatedOperatingExpenses": 941000000, "calculatedNetInterest": -325000000, "calculatedOtherIncome": -4264000000, "calculatedIncomeNonControlling": 133000000, "calculatedEbitda": 1694000000}, {"date": "2016-12-31", "symbol": "HES", "reportedCurrency": "USD", "cik": "0000004447", "fillingDate": "2017-02-23", "acceptedDate": "2017-02-23 16:21:56", "calendarYear": "2016", "period": "FY", "revenue": 4762000000, "costOfRevenue": 6288000000, "grossProfit": -1526000000, "grossProfitRatio": -0.3204535909, "researchAndDevelopmentExpenses": 0, "generalAndAdministrativeExpenses": 415000000, "sellingAndMarketingExpenses": 0, "sellingGeneralAndAdministrativeExpenses": 415000000, "otherExpenses": 82000000, "operatingExpenses": 1857000000, "costAndExpenses": 8145000000, "interestIncome": 0, "interestExpense": 338000000, "depreciationAndAmortization": 3244000000, "ebitda": -57000000, "ebitdaratio": -0.0119697606, "operatingIncome": -3383000000, "operatingIncomeRatio": -0.7104157917, "totalOtherIncomeExpensesNet": -133000000, "incomeBeforeTax": -3854000000, "incomeBeforeTaxRatio": -0.8093238135, "incomeTaxExpense": 2222000000, "netIncome": -6132000000, "netIncomeRatio": -1.2876942461, "eps": -19.79, "epsdiluted": -19.79, "weightedAverageShsOut": 309889558, "weightedAverageShsOutDil": 309900000, "link": "https://www.sec.gov/Archives/edgar/data/4447/000156459017002225/0001564590-17-002225-index.htm", "finalLink": "https://www.sec.gov/Archives/edgar/data/4447/000156459017002225/hes-10k_20161231.htm", "calculatedOtherExpenses": 1442000000, "calculatedOperatingExpenses": 1857000000, "calculatedNetInterest": -338000000, "calculatedOtherIncome": -133000000, "calculatedIncomeNonControlling": 56000000, "calculatedEbitda": -139000000}, {"date": "2015-12-31", "symbol": "HES", "reportedCurrency": "USD", "cik": "0000004447", "fillingDate": "2016-02-26", "acceptedDate": "2016-02-25 19:12:15", "calendarYear": "2015", "period": "FY", "revenue": 6636000000, "costOfRevenue": 7424000000, "grossProfit": -788000000, "grossProfitRatio": -0.1187462327, "researchAndDevelopmentExpenses": 0, "generalAndAdministrativeExpenses": 557000000, "sellingAndMarketingExpenses": 0, "sellingGeneralAndAdministrativeExpenses": 557000000, "otherExpenses": -126000000, "operatingExpenses": 1438000000, "costAndExpenses": 8862000000, "interestIncome": 0, "interestExpense": 341000000, "depreciationAndAmortization": 3955000000, "ebitda": -2352000000, "ebitdaratio": -0.3544303797, "operatingIncome": -2226000000, "operatingIncomeRatio": -0.335443038, "totalOtherIncomeExpensesNet": -1691000000, "incomeBeforeTax": -4258000000, "incomeBeforeTaxRatio": -0.6416515973, "incomeTaxExpense": -1299000000, "netIncome": -3056000000, "netIncomeRatio": -0.4605183846, "eps": -10.78, "epsdiluted": -10.78, "weightedAverageShsOut": 283506126, "weightedAverageShsOutDil": 283600000, "link": "https://www.sec.gov/Archives/edgar/data/4447/000156459016013433/0001564590-16-013433-index.htm", "finalLink": "https://www.sec.gov/Archives/edgar/data/4447/000156459016013433/hes-10k_20151231.htm", "calculatedOtherExpenses": 881000000, "calculatedOperatingExpenses": 1438000000, "calculatedNetInterest": -341000000, "calculatedOtherIncome": -1691000000, "calculatedIncomeNonControlling": 97000000, "calculatedEbitda": 1729000000}, {"date": "2014-12-31", "symbol": "HES", "reportedCurrency": "USD", "cik": "0000004447", "fillingDate": "2015-02-27", "acceptedDate": "2015-02-26 17:38:30", "calendarYear": "2014", "period": "FY", "revenue": 10737000000, "costOfRevenue": 7252000000, "grossProfit": 3485000000, "grossProfitRatio": 0.3245785601, "researchAndDevelopmentExpenses": 0, "generalAndAdministrativeExpenses": 588000000, "sellingAndMarketingExpenses": 0, "sellingGeneralAndAdministrativeExpenses": 588000000, "otherExpenses": -121000000, "operatingExpenses": 1428000000, "costAndExpenses": 8680000000, "interestIncome": 0, "interestExpense": 323000000, "depreciationAndAmortization": 3224000000, "ebitda": 1936000000, "ebitdaratio": 0.1803110739, "operatingIncome": 1734000000, "operatingIncomeRatio": 0.161497625, "totalOtherIncomeExpensesNet": 702000000, "incomeBeforeTax": 2436000000, "incomeBeforeTaxRatio": 0.2268790165, "incomeTaxExpense": 744000000, "netIncome": 2317000000, "netIncomeRatio": 0.2157958461, "eps": 7.63, "epsdiluted": 7.53, "weightedAverageShsOut": 303700000, "weightedAverageShsOutDil": 307700000, "link": "https://www.sec.gov/Archives/edgar/data/4447/000156459015001040/0001564590-15-001040-index.htm", "finalLink": "https://www.sec.gov/Archives/edgar/data/4447/000156459015001040/hes-10k_20141231.htm", "calculatedOtherExpenses": 1163000000, "calculatedOperatingExpenses": 1751000000, "calculatedNetInterest": -323000000, "calculatedOtherIncome": 1025000000, "calculatedIncomeNonControlling": -625000000, "calculatedEbitda": 4958000000}, {"date": "2013-12-31", "symbol": "HES", "reportedCurrency": "USD", "cik": "0000004447", "fillingDate": "2014-02-28", "acceptedDate": "2014-02-28 16:45:49", "calendarYear": "2013", "period": "FY", "revenue": 22284000000, "costOfRevenue": 16626000000, "grossProfit": 5658000000, "grossProfitRatio": 0.2539041465, "researchAndDevelopmentExpenses": 0, "generalAndAdministrativeExpenses": 709000000, "sellingAndMarketingExpenses": 867000000, "sellingGeneralAndAdministrativeExpenses": 1576000000, "otherExpenses": -37000000, "operatingExpenses": 2607000000, "costAndExpenses": 19233000000, "interestIncome": 0, "interestExpense": 406000000, "depreciationAndAmortization": 2770000000, "ebitda": 3014000000, "ebitdaratio": 0.1352539939, "operatingIncome": 3051000000, "operatingIncomeRatio": 0.136914378, "totalOtherIncomeExpensesNet": 1848000000, "incomeBeforeTax": 4493000000, "incomeBeforeTaxRatio": 0.2016244839, "incomeTaxExpense": 525000000, "netIncome": 5052000000, "netIncomeRatio": 0.2267097469, "eps": 15.01, "epsdiluted": 14.82, "weightedAverageShsOut": 336600000, "weightedAverageShsOutDil": 340900000, "link": "https://www.sec.gov/Archives/edgar/data/4447/000119312514077565/0001193125-14-077565-index.htm", "finalLink": "https://www.sec.gov/Archives/edgar/data/4447/000119312514077565/d652042d10k.htm", "calculatedOtherExpenses": 1031000000, "calculatedOperatingExpenses": 2607000000, "calculatedNetInterest": -406000000, "calculatedOtherIncome": 1848000000, "calculatedIncomeNonControlling": -1084000000, "calculatedEbitda": 5821000000}, {"date": "2012-12-31", "symbol": "HES", "reportedCurrency": "USD", "cik": "0000004447", "fillingDate": "2013-02-28", "acceptedDate": "2013-02-28 17:12:31", "calendarYear": "2012", "period": "FY", "revenue": 37691000000, "costOfRevenue": 30618000000, "grossProfit": 7073000000, "grossProfitRatio": 0.187657531, "researchAndDevelopmentExpenses": 0, "generalAndAdministrativeExpenses": 707000000, "sellingAndMarketingExpenses": 1057000000, "sellingGeneralAndAdministrativeExpenses": 1764000000, "otherExpenses": 98000000, "operatingExpenses": 3000000000, "costAndExpenses": 33618000000, "interestIncome": 0, "interestExpense": 419000000, "depreciationAndAmortization": 2949000000, "ebitda": 4171000000, "ebitdaratio": 0.110663023, "operatingIncome": 3654000000, "operatingIncomeRatio": 0.0969462206, "totalOtherIncomeExpensesNet": 399000000, "incomeBeforeTax": 4053000000, "incomeBeforeTaxRatio": 0.1075323021, "incomeTaxExpense": 1798000000, "netIncome": 2217000000, "netIncomeRatio": 0.0588204081, "eps": 5.98, "epsdiluted": 5.95, "weightedAverageShsOut": 338400000, "weightedAverageShsOutDil": 340300000, "link": "https://www.sec.gov/Archives/edgar/data/4447/000119312513084779/0001193125-13-084779-index.htm", "finalLink": "https://www.sec.gov/Archives/edgar/data/4447/000119312513084779/d457291d10k.htm", "calculatedOtherExpenses": 1655000000, "calculatedOperatingExpenses": 3419000000, "calculatedNetInterest": -419000000, "calculatedOtherIncome": 818000000, "calculatedIncomeNonControlling": 38000000, "calculatedEbitda": 6603000000}, {"date": "2011-12-31", "symbol": "HES", "reportedCurrency": "USD", "cik": "0000004447", "fillingDate": "2012-02-27", "acceptedDate": "2012-02-27 16:51:55", "calendarYear": "2011", "period": "FY", "revenue": 38944000000, "costOfRevenue": 29126000000, "grossProfit": 9818000000, "grossProfitRatio": 0.2521055875, "researchAndDevelopmentExpenses": 0, "generalAndAdministrativeExpenses": 702000000, "sellingAndMarketingExpenses": 1069000000, "sellingGeneralAndAdministrativeExpenses": 1771000000, "otherExpenses": 3772000000, "operatingExpenses": 5543000000, "costAndExpenses": 34669000000, "interestIncome": 0, "interestExpense": 383000000, "depreciationAndAmortization": 2406000000, "ebitda": 5608000000, "ebitdaratio": 0.1440016434, "operatingIncome": 3797000000, "operatingIncomeRatio": 0.0974989729, "totalOtherIncomeExpensesNet": -1431000000, "incomeBeforeTax": 2461000000, "incomeBeforeTaxRatio": 0.0631933032, "incomeTaxExpense": 785000000, "netIncome": 1703000000, "netIncomeRatio": 0.0437294577, "eps": 5.05, "epsdiluted": 5.01, "weightedAverageShsOut": 336900000, "weightedAverageShsOutDil": 339900000, "link": "https://www.sec.gov/Archives/edgar/data/4447/000119312512081827/0001193125-12-081827-index.htm", "finalLink": "https://www.sec.gov/Archives/edgar/data/4447/000119312512081827/d270298d10k.htm", "calculatedOtherExpenses": 4250000000, "calculatedOperatingExpenses": 6021000000, "calculatedNetInterest": -383000000, "calculatedOtherIncome": -953000000, "calculatedIncomeNonControlling": -27000000, "calculatedEbitda": 6203000000}, {"date": "2010-12-31", "symbol": "HES", "reportedCurrency": "USD", "cik": "0000004447", "fillingDate": "2011-02-25", "acceptedDate": "2011-02-25 12:18:38", "calendarYear": "2010", "period": "FY", "revenue": 35135000000, "costOfRevenue": 25331000000, "grossProfit": 9804000000, "grossProfitRatio": 0.2790379963, "researchAndDevelopmentExpenses": 0, "generalAndAdministrativeExpenses": 662000000, "sellingAndMarketingExpenses": 1021000000, "sellingGeneralAndAdministrativeExpenses": 1683000000, "otherExpenses": 3395000000, "operatingExpenses": 5078000000, "costAndExpenses": 30409000000, "interestIncome": 0, "interestExpense": 361000000, "depreciationAndAmortization": 2317000000, "ebitda": 6521000000, "ebitdaratio": 0.1855984061, "operatingIncome": 3453000000, "operatingIncomeRatio": 0.0982780703, "totalOtherIncomeExpensesNet": -1054000000, "incomeBeforeTax": 3311000000, "incomeBeforeTaxRatio": 0.0942365163, "incomeTaxExpense": 1173000000, "netIncome": 2125000000, "netIncomeRatio": 0.0604810019, "eps": 6.52, "epsdiluted": 6.47, "weightedAverageShsOut": 326000000, "weightedAverageShsOutDil": 328300000, "link": "https://www.sec.gov/Archives/edgar/data/4447/000095012311018415/0000950123-11-018415-index.htm", "finalLink": "https://www.sec.gov/Archives/edgar/data/4447/000095012311018415/y87868e10vk.htm", "calculatedOtherExpenses": 4668000000, "calculatedOperatingExpenses": 6351000000, "calculatedNetInterest": -361000000, "calculatedOtherIncome": 219000000, "calculatedIncomeNonControlling": 13000000, "calculatedEbitda": 5770000000}, {"date": "2009-12-31", "symbol": "HES", "reportedCurrency": "USD", "cik": "0000004447", "fillingDate": "2010-02-26", "acceptedDate": "2010-02-26 17:15:36", "calendarYear": "2009", "period": "FY", "revenue": 29569000000, "costOfRevenue": 23595000000, "grossProfit": 5974000000, "grossProfitRatio": 0.202035916, "researchAndDevelopmentExpenses": 0, "generalAndAdministrativeExpenses": 647000000, "sellingAndMarketingExpenses": 1008000000, "sellingGeneralAndAdministrativeExpenses": 1655000000, "otherExpenses": 3266000000, "operatingExpenses": 4092000000, "costAndExpenses": 27687000000, "interestIncome": 0, "interestExpense": 360000000, "depreciationAndAmortization": 2254000000, "ebitda": 4136000000, "ebitdaratio": 0.1398762217, "operatingIncome": 1567000000, "operatingIncomeRatio": 0.0529946904, "totalOtherIncomeExpensesNet": -45000000, "incomeBeforeTax": 1522000000, "incomeBeforeTaxRatio": 0.0514728263, "incomeTaxExpense": 715000000, "netIncome": 740000000, "netIncomeRatio": 0.0250262099, "eps": 2.28, "epsdiluted": 2.27, "weightedAverageShsOut": 323900000, "weightedAverageShsOutDil": 326000000, "link": "https://www.sec.gov/Archives/edgar/data/4447/000095012310018336/0000950123-10-018336-index.htm", "finalLink": "https://www.sec.gov/Archives/edgar/data/4447/000095012310018336/y80747e10vk.htm", "calculatedOtherExpenses": 2752000000, "calculatedOperatingExpenses": 4407000000, "calculatedNetInterest": -360000000, "calculatedOtherIncome": 315000000, "calculatedIncomeNonControlling": 67000000, "calculatedEbitda": 3821000000}, {"date": "2008-12-31", "symbol": "HES", "reportedCurrency": "USD", "cik": "0000004447", "fillingDate": "2009-02-27", "acceptedDate": "2009-02-27 17:12:34", "calendarYear": "2008", "period": "FY", "revenue": 41165000000, "costOfRevenue": 32401000000, "grossProfit": 8764000000, "grossProfitRatio": 0.2128993077, "researchAndDevelopmentExpenses": 0, "generalAndAdministrativeExpenses": 672000000, "sellingAndMarketingExpenses": 1025000000, "sellingGeneralAndAdministrativeExpenses": 1697000000, "otherExpenses": 2029000000, "operatingExpenses": 3726000000, "costAndExpenses": 36127000000, "interestIncome": 0, "interestExpense": 267000000, "depreciationAndAmortization": 2029000000, "ebitda": 7182000000, "ebitdaratio": 0.174468602, "operatingIncome": 5038000000, "operatingIncomeRatio": 0.1223855217, "totalOtherIncomeExpensesNet": -71000000, "incomeBeforeTax": 4700000000, "incomeBeforeTaxRatio": 0.1141746629, "incomeTaxExpense": 2340000000, "netIncome": 2360000000, "netIncomeRatio": 0.0573302563, "eps": 7.35, "epsdiluted": 7.24, "weightedAverageShsOut": 320800000, "weightedAverageShsOutDil": 325800000, "link": "https://www.sec.gov/Archives/edgar/data/4447/000095012309003700/0000950123-09-003700-index.htm", "finalLink": "https://www.sec.gov/Archives/edgar/data/4447/000095012309003700/y74825e10vk.htm", "calculatedOtherExpenses": 2029000000, "calculatedOperatingExpenses": 3726000000, "calculatedNetInterest": -267000000, "calculatedOtherIncome": -71000000, "calculatedIncomeNonControlling": 0, "calculatedEbitda": 7067000000}, {"date": "2007-12-31", "symbol": "HES", "reportedCurrency": "USD", "cik": "0000004447", "fillingDate": "2008-02-27", "acceptedDate": "2008-02-27 17:09:42", "calendarYear": "2007", "period": "FY", "revenue": 31647000000, "costOfRevenue": 24154000000, "grossProfit": 7493000000, "grossProfitRatio": 0.2367680981, "researchAndDevelopmentExpenses": 0, "generalAndAdministrativeExpenses": 614000000, "sellingAndMarketingExpenses": 944000000, "sellingGeneralAndAdministrativeExpenses": 1558000000, "otherExpenses": 2252000000, "operatingExpenses": 3810000000, "costAndExpenses": 27964000000, "interestIncome": 0, "interestExpense": 256000000, "depreciationAndAmortization": 1576000000, "ebitda": 5435000000, "ebitdaratio": 0.1717382374, "operatingIncome": 3683000000, "operatingIncomeRatio": 0.1163775397, "totalOtherIncomeExpensesNet": 277000000, "incomeBeforeTax": 3704000000, "incomeBeforeTaxRatio": 0.1170411097, "incomeTaxExpense": 1872000000, "netIncome": 1832000000, "netIncomeRatio": 0.0578885834, "eps": 5.86, "epsdiluted": 5.74, "weightedAverageShsOut": 312700000, "weightedAverageShsOutDil": 319300000, "link": "https://www.sec.gov/Archives/edgar/data/4447/000095012308002199/0000950123-08-002199-index.htm", "finalLink": "https://www.sec.gov/Archives/edgar/data/4447/000095012308002199/y50075e10vk.htm", "calculatedOtherExpenses": 2252000000, "calculatedOperatingExpenses": 3810000000, "calculatedNetInterest": -256000000, "calculatedOtherIncome": 277000000, "calculatedIncomeNonControlling": 0, "calculatedEbitda": 5259000000}, {"date": "2006-12-31", "symbol": "HES", "reportedCurrency": "USD", "cik": "0000004447", "fillingDate": "2007-03-01", "acceptedDate": "2007-03-01 13:11:11", "calendarYear": "2006", "period": "FY", "revenue": 28067000000, "costOfRevenue": 21162000000, "grossProfit": 6905000000, "grossProfitRatio": 0.2460184558, "researchAndDevelopmentExpenses": 0, "generalAndAdministrativeExpenses": 471000000, "sellingAndMarketingExpenses": 940000000, "sellingGeneralAndAdministrativeExpenses": 1411000000, "otherExpenses": 1906000000, "operatingExpenses": 3317000000, "costAndExpenses": 24479000000, "interestIncome": 0, "interestExpense": 201000000, "depreciationAndAmortization": 1224000000, "ebitda": 5015000000, "ebitdaratio": 0.1786795881, "operatingIncome": 3588000000, "operatingIncomeRatio": 0.1278369616, "totalOtherIncomeExpensesNet": 653000000, "incomeBeforeTax": 4040000000, "incomeBeforeTaxRatio": 0.1439412834, "incomeTaxExpense": 2124000000, "netIncome": 1916000000, "netIncomeRatio": 0.0682652225, "eps": 6.75, "epsdiluted": 6.08, "weightedAverageShsOut": 278100000, "weightedAverageShsOutDil": 315700000, "link": "https://www.sec.gov/Archives/edgar/data/4447/000095012307003008/0000950123-07-003008-index.htm", "finalLink": "https://www.sec.gov/Archives/edgar/data/4447/000095012307003008/y30212e10vk.htm", "calculatedOtherExpenses": 1906000000, "calculatedOperatingExpenses": 3317000000, "calculatedNetInterest": -201000000, "calculatedOtherIncome": 653000000, "calculatedIncomeNonControlling": 0, "calculatedEbitda": 4812000000}, {"date": "2005-12-31", "symbol": "HES", "reportedCurrency": "USD", "cik": "0000004447", "fillingDate": "2006-03-09", "acceptedDate": "2006-03-09 14:14:15", "calendarYear": "2005", "period": "FY", "revenue": 22747000000, "costOfRevenue": 18048000000, "grossProfit": 4699000000, "grossProfitRatio": 0.2065766914, "researchAndDevelopmentExpenses": 0, "generalAndAdministrativeExpenses": 357000000, "sellingAndMarketingExpenses": 842000000, "sellingGeneralAndAdministrativeExpenses": 1199000000, "otherExpenses": 1558000000, "operatingExpenses": 2757000000, "costAndExpenses": 20805000000, "interestIncome": 0, "interestExpense": 224000000, "depreciationAndAmortization": 1025000000, "ebitda": 3343000000, "ebitdaratio": 0.1469644349, "operatingIncome": 1942000000, "operatingIncomeRatio": 0.0853738955, "totalOtherIncomeExpensesNet": 508000000, "incomeBeforeTax": 2226000000, "incomeBeforeTaxRatio": 0.0978590583, "incomeTaxExpense": 984000000, "netIncome": 1242000000, "netIncomeRatio": 0.0546006067, "eps": 4.32, "epsdiluted": 3.93, "weightedAverageShsOut": 272700000, "weightedAverageShsOutDil": 312100000, "link": "https://www.sec.gov/Archives/edgar/data/4447/000095012306002849/0000950123-06-002849-index.htm", "finalLink": "https://www.sec.gov/Archives/edgar/data/4447/000095012306002849/y17683e10vk.htm", "calculatedOtherExpenses": 1558000000, "calculatedOperatingExpenses": 2757000000, "calculatedNetInterest": -224000000, "calculatedOtherIncome": 508000000, "calculatedIncomeNonControlling": 0, "calculatedEbitda": 2967000000}, {"date": "2004-12-31", "symbol": "HES", "reportedCurrency": "USD", "cik": "0000004447", "fillingDate": "2005-03-14", "acceptedDate": "2005-03-14 17:04:15", "calendarYear": "2004", "period": "FY", "revenue": 16733000000, "costOfRevenue": 12796000000, "grossProfit": 3937000000, "grossProfitRatio": 0.2352835714, "researchAndDevelopmentExpenses": 0, "generalAndAdministrativeExpenses": 342000000, "sellingAndMarketingExpenses": 737000000, "sellingGeneralAndAdministrativeExpenses": 1079000000, "otherExpenses": 1452000000, "operatingExpenses": 2531000000, "costAndExpenses": 15327000000, "interestIncome": 0, "interestExpense": 241000000, "depreciationAndAmortization": 970000000, "ebitda": 2620000000, "ebitdaratio": 0.1565768242, "operatingIncome": 1165000000, "operatingIncomeRatio": 0.0696229009, "totalOtherIncomeExpensesNet": 393000000, "incomeBeforeTax": 1558000000, "incomeBeforeTaxRatio": 0.0931094245, "incomeTaxExpense": 588000000, "netIncome": 977000000, "netIncomeRatio": 0.0583876173, "eps": 3.46, "epsdiluted": 3.19, "weightedAverageShsOut": 268355000, "weightedAverageShsOutDil": 306300000, "link": "https://www.sec.gov/Archives/edgar/data/4447/000095012305003078/0000950123-05-003078-index.htm", "finalLink": "https://www.sec.gov/Archives/edgar/data/4447/000095012305003078/y05893e10vk.htm", "calculatedOtherExpenses": 1693000000, "calculatedOperatingExpenses": 2772000000, "calculatedNetInterest": -241000000, "calculatedOtherIncome": 634000000, "calculatedIncomeNonControlling": -7000000, "calculatedEbitda": 2135000000}, {"date": "2003-12-31", "symbol": "HES", "reportedCurrency": "USD", "cik": "0000004447", "fillingDate": "2004-03-12", "acceptedDate": "2004-03-12 14:21:51", "calendarYear": "2003", "period": "FY", "revenue": 14311000000, "costOfRevenue": 10743000000, "grossProfit": 3568000000, "grossProfitRatio": 0.2493187059, "researchAndDevelopmentExpenses": 0, "generalAndAdministrativeExpenses": 340000000, "sellingAndMarketingExpenses": 709000000, "sellingGeneralAndAdministrativeExpenses": 1049000000, "otherExpenses": 1614000000, "operatingExpenses": 2663000000, "costAndExpenses": 13406000000, "interestIncome": 0, "interestExpense": 293000000, "depreciationAndAmortization": 1053000000, "ebitda": 2075000000, "ebitdaratio": 0.1449933617, "operatingIncome": 905000000, "operatingIncomeRatio": 0.0632380686, "totalOtherIncomeExpensesNet": 169000000, "incomeBeforeTax": 781000000, "incomeBeforeTaxRatio": 0.0545734051, "incomeTaxExpense": 314000000, "netIncome": 643000000, "netIncomeRatio": 0.0449304731, "eps": 2.4, "epsdiluted": 2.37, "weightedAverageShsOut": 265854000, "weightedAverageShsOutDil": 271026000, "link": "https://www.sec.gov/Archives/edgar/data/4447/000095012304003250/0000950123-04-003250-index.htm", "finalLink": "https://www.sec.gov/Archives/edgar/data/4447/000095012304003250/y93542e10vk.htm", "calculatedOtherExpenses": 1614000000, "calculatedOperatingExpenses": 2663000000, "calculatedNetInterest": -293000000, "calculatedOtherIncome": 169000000, "calculatedIncomeNonControlling": -176000000, "calculatedEbitda": 1958000000}, {"date": "2002-12-31", "symbol": "HES", "reportedCurrency": "USD", "cik": "0000004447", "fillingDate": "2003-03-26", "acceptedDate": "2003-03-26 17:10:26", "calendarYear": "2002", "period": "FY", "revenue": 11932000000, "costOfRevenue": 7978000000, "grossProfit": 3954000000, "grossProfitRatio": 0.3313778076, "researchAndDevelopmentExpenses": 0, "generalAndAdministrativeExpenses": 256000000, "sellingAndMarketingExpenses": 703000000, "sellingGeneralAndAdministrativeExpenses": 959000000, "otherExpenses": 1838000000, "operatingExpenses": 2797000000, "costAndExpenses": 10775000000, "interestIncome": 0, "interestExpense": 269000000, "depreciationAndAmortization": 1320000000, "ebitda": 2430000000, "ebitdaratio": 0.2036540396, "operatingIncome": 1157000000, "operatingIncomeRatio": 0.0969661415, "totalOtherIncomeExpensesNet": -939000000, "incomeBeforeTax": -51000000, "incomeBeforeTaxRatio": -0.0042742206, "incomeTaxExpense": 167000000, "netIncome": -218000000, "netIncomeRatio": -0.0182701978, "eps": -0.82, "epsdiluted": -0.82, "weightedAverageShsOut": 264561000, "weightedAverageShsOutDil": 264561000, "link": "https://www.sec.gov/Archives/edgar/data/4447/000095012303003289/0000950123-03-003289-index.htm", "finalLink": "https://www.sec.gov/Archives/edgar/data/4447/000095012303003289/y83989e10vk.htm", "calculatedOtherExpenses": 1838000000, "calculatedOperatingExpenses": 2797000000, "calculatedNetInterest": -269000000, "calculatedOtherIncome": -939000000, "calculatedIncomeNonControlling": 0, "calculatedEbitda": 2477000000}, {"date": "2001-12-31", "symbol": "HES", "reportedCurrency": "USD", "cik": "0000004447", "fillingDate": "2002-03-27", "acceptedDate": "2002-03-27 00:00:00", "calendarYear": "2001", "period": "FY", "revenue": 13413000000, "costOfRevenue": 9446000000, "grossProfit": 3967000000, "grossProfitRatio": 0.2957578469, "researchAndDevelopmentExpenses": 0, "generalAndAdministrativeExpenses": 313000000, "sellingAndMarketingExpenses": 663000000, "sellingGeneralAndAdministrativeExpenses": 976000000, "otherExpenses": 1559000000, "operatingExpenses": 2535000000, "costAndExpenses": 11981000000, "interestIncome": 0, "interestExpense": 194000000, "depreciationAndAmortization": 967000000, "ebitda": 2457000000, "ebitdaratio": 0.1831804965, "operatingIncome": 1432000000, "operatingIncomeRatio": 0.1067620965, "totalOtherIncomeExpensesNet": 200000000, "incomeBeforeTax": 1438000000, "incomeBeforeTaxRatio": 0.1072094237, "incomeTaxExpense": 524000000, "netIncome": 914000000, "netIncomeRatio": 0.0681428465, "eps": 3.46, "epsdiluted": 3.42, "weightedAverageShsOut": 264093000, "weightedAverageShsOutDil": 267387000, "link": "https://www.sec.gov/Archives/edgar/data/4447/000095012302003005/0000950123-02-003005-index.htm", "finalLink": "https://www.sec.gov/Archives/edgar/data/4447/000095012302003005/y57862e10-k.htm", "calculatedOtherExpenses": 1559000000, "calculatedOperatingExpenses": 2535000000, "calculatedNetInterest": -194000000, "calculatedOtherIncome": 200000000, "calculatedIncomeNonControlling": 0, "calculatedEbitda": 2399000000}, {"date": "2000-12-31", "symbol": "HES", "reportedCurrency": "USD", "cik": "0000004447", "fillingDate": "2001-03-28", "acceptedDate": "2001-03-28 00:00:00", "calendarYear": "2000", "period": "FY", "revenue": 11993000000, "costOfRevenue": 8963000000, "grossProfit": 3030000000, "grossProfitRatio": 0.2526473776, "researchAndDevelopmentExpenses": 0, "generalAndAdministrativeExpenses": 766000000, "sellingAndMarketingExpenses": 0, "sellingGeneralAndAdministrativeExpenses": 766000000, "otherExpenses": 714000000, "operatingExpenses": 1480000000, "costAndExpenses": 10443000000, "interestIncome": 0, "interestExpense": 0, "depreciationAndAmortization": 714000000, "ebitda": 1980000000, "ebitdaratio": 0.1650963062, "operatingIncome": 1550000000, "operatingIncomeRatio": 0.1292420579, "totalOtherIncomeExpensesNet": 284000000, "incomeBeforeTax": 1672000000, "incomeBeforeTaxRatio": 0.1394146586, "incomeTaxExpense": 649000000, "netIncome": 1023000000, "netIncomeRatio": 0.0852997582, "eps": 3.83, "epsdiluted": 3.79, "weightedAverageShsOut": 267189000, "weightedAverageShsOutDil": 269634000, "link": "https://www.sec.gov/Archives/edgar/data/4447/000095012301002755/0000950123-01-002755-index.htm", "finalLink": "https://www.sec.gov/Archives/edgar/data/4447/000095012301002755/y45625ke10-k.txt", "calculatedOtherExpenses": 714000000, "calculatedOperatingExpenses": 1480000000, "calculatedNetInterest": 0, "calculatedOtherIncome": 122000000, "calculatedIncomeNonControlling": 0, "calculatedEbitda": 2264000000}, {"date": "1999-12-31", "symbol": "HES", "reportedCurrency": "USD", "cik": "0000004447", "fillingDate": "2000-03-27", "acceptedDate": "2000-03-27 00:00:00", "calendarYear": "1999", "period": "FY", "revenue": 7039100000, "costOfRevenue": 5205800000, "grossProfit": 1833300000, "grossProfitRatio": 0.2604452274, "researchAndDevelopmentExpenses": 0, "generalAndAdministrativeExpenses": 618800000, "sellingAndMarketingExpenses": 0, "sellingGeneralAndAdministrativeExpenses": 618800000, "otherExpenses": 648700000, "operatingExpenses": 1267500000, "costAndExpenses": 6473300000, "interestIncome": 0, "interestExpense": 0, "depreciationAndAmortization": 648700000, "ebitda": 1048300000, "ebitdaratio": 0.1489252887, "operatingIncome": 565800000, "operatingIncomeRatio": 0.080379594, "totalOtherIncomeExpensesNet": 166200000, "incomeBeforeTax": 701800000, "incomeBeforeTaxRatio": 0.0997002458, "incomeTaxExpense": 264200000, "netIncome": 437600000, "netIncomeRatio": 0.0621670384, "eps": 1.63, "epsdiluted": 1.62, "weightedAverageShsOut": 269076000, "weightedAverageShsOutDil": 270840000, "link": "https://www.sec.gov/Archives/edgar/data/4447/000095012300002763/0000950123-00-002763-index.html", "finalLink": "https://www.sec.gov/Archives/edgar/data/4447/000095012300002763/", "calculatedOtherExpenses": 648700000, "calculatedOperatingExpenses": 1267500000, "calculatedNetInterest": 0, "calculatedOtherIncome": 136000000, "calculatedIncomeNonControlling": 0, "calculatedEbitda": 1214500000}, {"date": "1998-12-31", "symbol": "HES", "reportedCurrency": "USD", "cik": "0000004447", "fillingDate": "1999-03-29", "acceptedDate": "1999-03-29 00:00:00", "calendarYear": "1998", "period": "FY", "revenue": 6590000000, "costOfRevenue": 5361900000, "grossProfit": 1228100000, "grossProfitRatio": 0.1863581184, "researchAndDevelopmentExpenses": 0, "generalAndAdministrativeExpenses": 753300000, "sellingAndMarketingExpenses": 0, "sellingGeneralAndAdministrativeExpenses": 753300000, "otherExpenses": 657000000, "operatingExpenses": 1410300000, "costAndExpenses": 6772200000, "interestIncome": 0, "interestExpense": 0, "depreciationAndAmortization": 657000000, "ebitda": 860300000, "ebitdaratio": 0.1305462822, "operatingIncome": -182200000, "operatingIncomeRatio": -0.0276479514, "totalOtherIncomeExpensesNet": -385500000, "incomeBeforeTax": -514100000, "incomeBeforeTaxRatio": -0.0780121396, "incomeTaxExpense": -55200000, "netIncome": -458900000, "netIncomeRatio": -0.0696358118, "eps": -1.7, "epsdiluted": -1.7, "weightedAverageShsOut": 269214527, "weightedAverageShsOutDil": 269214527, "link": "https://www.sec.gov/Archives/edgar/data/4447/000095012399002682/0000950123-99-002682-index.html", "finalLink": "https://www.sec.gov/Archives/edgar/data/4447/", "calculatedOtherExpenses": 657000000, "calculatedOperatingExpenses": 1410300000, "calculatedNetInterest": 0, "calculatedOtherIncome": -331900000, "calculatedIncomeNonControlling": 0, "calculatedEbitda": 474800000}, {"date": "1997-12-31", "symbol": "HES", "reportedCurrency": "USD", "cik": "0000004447", "fillingDate": "1998-03-30", "acceptedDate": "1998-03-30 00:00:00", "calendarYear": "1997", "period": "FY", "revenue": 8233700000, "costOfRevenue": 6674200000, "grossProfit": 1559500000, "grossProfitRatio": 0.1894045204, "researchAndDevelopmentExpenses": 0, "generalAndAdministrativeExpenses": 649800000, "sellingAndMarketingExpenses": 0, "sellingGeneralAndAdministrativeExpenses": 649800000, "otherExpenses": 672700000, "operatingExpenses": 1322500000, "costAndExpenses": 7996700000, "interestIncome": 0, "interestExpense": 0, "depreciationAndAmortization": 672700000, "ebitda": 964600000, "ebitdaratio": 0.1171526774, "operatingIncome": 237000000, "operatingIncomeRatio": 0.0287841432, "totalOtherIncomeExpensesNet": -54900000, "incomeBeforeTax": 126600000, "incomeBeforeTaxRatio": 0.0153758335, "incomeTaxExpense": 119100000, "netIncome": 7500000, "netIncomeRatio": 0.0009108906, "eps": 0.0266, "epsdiluted": 0.0266, "weightedAverageShsOut": 281531532, "weightedAverageShsOutDil": 281531532, "link": "https://www.sec.gov/Archives/edgar/data/4447/000095012398003112/0000950123-98-003112-index.html", "finalLink": "https://www.sec.gov/Archives/edgar/data/4447/", "calculatedOtherExpenses": 672700000, "calculatedOperatingExpenses": 1322500000, "calculatedNetInterest": 0, "calculatedOtherIncome": -110400000, "calculatedIncomeNonControlling": 0, "calculatedEbitda": 909700000}, {"date": "1996-12-31", "symbol": "HES", "reportedCurrency": "USD", "cik": "0000004447", "fillingDate": "1997-03-26", "acceptedDate": "1997-03-26 00:00:00", "calendarYear": "1996", "period": "FY", "revenue": 8272200000, "costOfRevenue": 6348600000, "grossProfit": 1923600000, "grossProfitRatio": 0.232537898, "researchAndDevelopmentExpenses": 0, "generalAndAdministrativeExpenses": 618400000, "sellingAndMarketingExpenses": 0, "sellingGeneralAndAdministrativeExpenses": 618400000, "otherExpenses": 783200000, "operatingExpenses": 1401600000, "costAndExpenses": 7750200000, "interestIncome": 0, "interestExpense": 0, "depreciationAndAmortization": 783200000, "ebitda": 647700000, "ebitdaratio": 0.078298397, "operatingIncome": 522000000, "operatingIncomeRatio": 0.063102923, "totalOtherIncomeExpensesNet": 657500000, "incomeBeforeTax": 1013900000, "incomeBeforeTaxRatio": 0.1225671526, "incomeTaxExpense": 353800000, "netIncome": 660100000, "netIncomeRatio": 0.0797973937, "eps": 2.36, "epsdiluted": 2.36, "weightedAverageShsOut": 279308886, "weightedAverageShsOutDil": 279582583, "link": "https://www.sec.gov/Archives/edgar/data/4447/000095012397002524/0000950123-97-002524-index.html", "finalLink": "https://www.sec.gov/Archives/edgar/data/4447/", "calculatedOtherExpenses": 783200000, "calculatedOperatingExpenses": 1401600000, "calculatedNetInterest": 0, "calculatedOtherIncome": 491900000, "calculatedIncomeNonControlling": 0, "calculatedEbitda": 1305200000}, {"date": "1995-12-31", "symbol": "HES", "reportedCurrency": "USD", "cik": "0000004447", "fillingDate": "1996-03-27", "acceptedDate": "1996-03-27 00:00:00", "calendarYear": "1995", "period": "FY", "revenue": 7302300000, "costOfRevenue": 5518500000, "grossProfit": 1783800000, "grossProfitRatio": 0.2442791997, "researchAndDevelopmentExpenses": 0, "generalAndAdministrativeExpenses": 634300000, "sellingAndMarketingExpenses": 0, "sellingGeneralAndAdministrativeExpenses": 634300000, "otherExpenses": 893100000, "operatingExpenses": 1527400000, "costAndExpenses": 7045900000, "interestIncome": 0, "interestExpense": 0, "depreciationAndAmortization": 893100000, "ebitda": 2095400000, "ebitdaratio": 0.2869506868, "operatingIncome": 256400000, "operatingIncomeRatio": 0.0351122249, "totalOtherIncomeExpensesNet": -945900000, "incomeBeforeTax": -352600000, "incomeBeforeTaxRatio": -0.0482861564, "incomeTaxExpense": 41800000, "netIncome": -394400000, "netIncomeRatio": -0.0540103803, "eps": -1.41, "epsdiluted": -1.41, "weightedAverageShsOut": 279335940, "weightedAverageShsOutDil": 279335940, "link": "https://www.sec.gov/Archives/edgar/data/4447/000095012396001358/0000950123-96-001358-index.html", "finalLink": "https://www.sec.gov/Archives/edgar/data/4447/", "calculatedOtherExpenses": 893100000, "calculatedOperatingExpenses": 1527400000, "calculatedNetInterest": 0, "calculatedOtherIncome": -609000000, "calculatedIncomeNonControlling": 0, "calculatedEbitda": 1149500000}, {"date": "1994-12-31", "symbol": "HES", "reportedCurrency": "USD", "cik": "0000004447", "fillingDate": "1995-03-30", "acceptedDate": "1995-03-30 00:00:00", "calendarYear": "1994", "period": "FY", "revenue": 6602000000, "costOfRevenue": 4699300000, "grossProfit": 1902700000, "grossProfitRatio": 0.2882005453, "researchAndDevelopmentExpenses": 0, "generalAndAdministrativeExpenses": 590600000, "sellingAndMarketingExpenses": 0, "sellingGeneralAndAdministrativeExpenses": 590600000, "otherExpenses": 879700000, "operatingExpenses": 1470300000, "costAndExpenses": 6169600000, "interestIncome": 0, "interestExpense": 0, "depreciationAndAmortization": 927900000, "ebitda": 1311800000, "ebitdaratio": 0.1986973644, "operatingIncome": 432400000, "operatingIncomeRatio": 0.0654953045, "totalOtherIncomeExpensesNet": 48500000, "incomeBeforeTax": 235800000, "incomeBeforeTaxRatio": 0.0357164496, "incomeTaxExpense": 162100000, "netIncome": 73700000, "netIncomeRatio": 0.0111632839, "eps": 0.26, "epsdiluted": 0.26, "weightedAverageShsOut": 279873418, "weightedAverageShsOutDil": 279873418, "link": "https://www.sec.gov/Archives/edgar/data/4447/000095012395000819/0000950123-95-000819-index.html", "finalLink": "https://www.sec.gov/Archives/edgar/data/4447/", "calculatedOtherExpenses": 879700000, "calculatedOperatingExpenses": 1470300000, "calculatedNetInterest": 0, "calculatedOtherIncome": -196600000, "calculatedIncomeNonControlling": 0, "calculatedEbitda": 1360300000}, {"date": "1993-12-31", "symbol": "HES", "reportedCurrency": "USD", "cik": "0000004447", "fillingDate": "1994-03-29", "acceptedDate": "1994-03-29 00:00:00", "calendarYear": "1993", "period": "FY", "revenue": 5851600000, "costOfRevenue": 4462800000, "grossProfit": 1388800000, "grossProfitRatio": 0.2373367968, "researchAndDevelopmentExpenses": 0, "generalAndAdministrativeExpenses": 0, "sellingAndMarketingExpenses": 0, "sellingGeneralAndAdministrativeExpenses": 652200000, "otherExpenses": 824700000, "operatingExpenses": 1476900000, "costAndExpenses": 5939700000, "interestIncome": 0, "interestExpense": 0, "depreciationAndAmortization": 824700000, "ebitda": 715400000, "ebitdaratio": 0.1222571604, "operatingIncome": -88100000, "operatingIncomeRatio": -0.0150557113, "totalOtherIncomeExpensesNet": 21200000, "incomeBeforeTax": -223500000, "incomeBeforeTaxRatio": -0.0381946818, "incomeTaxExpense": 74200000, "netIncome": -268200000, "netIncomeRatio": -0.0458336182, "eps": -0.97, "epsdiluted": -0.97, "weightedAverageShsOut": 276771617, "weightedAverageShsOutDil": 276771617, "link": "https://www.sec.gov/Archives/edgar/data/4447/000095012394000625/0000950123-94-000625-index.html", "finalLink": "https://www.sec.gov/Archives/edgar/data/4447/", "calculatedOtherExpenses": 824700000, "calculatedOperatingExpenses": 1476900000, "calculatedNetInterest": 0, "calculatedOtherIncome": -135400000, "calculatedIncomeNonControlling": -29500000, "calculatedEbitda": 736600000}, {"date": "1992-12-31", "symbol": "HES", "reportedCurrency": "USD", "cik": "0000004447", "fillingDate": "1992-12-31", "acceptedDate": "1992-12-30 19:00:00", "calendarYear": "1992", "period": "FY", "revenue": 5875000000, "costOfRevenue": 4224900000, "grossProfit": 1650100000, "grossProfitRatio": 0.2808680851, "researchAndDevelopmentExpenses": 0, "generalAndAdministrativeExpenses": 0, "sellingAndMarketingExpenses": 0, "sellingGeneralAndAdministrativeExpenses": 641400000, "otherExpenses": 833400000, "operatingExpenses": 1474800000, "costAndExpenses": 5699700000, "interestIncome": 0, "interestExpense": 0, "depreciationAndAmortization": 833400000, "ebitda": 913300000, "ebitdaratio": 0.1554553191, "operatingIncome": 175300000, "operatingIncomeRatio": 0.0298382979, "totalOtherIncomeExpensesNet": 95400000, "incomeBeforeTax": 123400000, "incomeBeforeTaxRatio": 0.0210042553, "incomeTaxExpense": 115900000, "netIncome": 7500000, "netIncomeRatio": 0.0012765957, "eps": 0.03, "epsdiluted": 0.03, "weightedAverageShsOut": 250250250, "weightedAverageShsOutDil": 250250250, "link": "", "finalLink": "", "calculatedOtherExpenses": 833400000, "calculatedOperatingExpenses": 1474800000, "calculatedNetInterest": 0, "calculatedOtherIncome": -51900000, "calculatedIncomeNonControlling": 0, "calculatedEbitda": 1008700000}, {"date": "1991-12-31", "symbol": "HES", "reportedCurrency": "USD", "cik": "0000004447", "fillingDate": "1991-12-31", "acceptedDate": "1991-12-30 19:00:00", "calendarYear": "1991", "period": "FY", "revenue": 6266800000, "costOfRevenue": 4648100000, "grossProfit": 1618700000, "grossProfitRatio": 0.2582976958, "researchAndDevelopmentExpenses": 0, "generalAndAdministrativeExpenses": 0, "sellingAndMarketingExpenses": 0, "sellingGeneralAndAdministrativeExpenses": 645400000, "otherExpenses": 828800000, "operatingExpenses": 1474200000, "costAndExpenses": 6122300000, "interestIncome": 0, "interestExpense": 0, "depreciationAndAmortization": 828800000, "ebitda": 823800000, "ebitdaratio": 0.1314546499, "operatingIncome": 144500000, "operatingIncomeRatio": 0.02305802, "totalOtherIncomeExpensesNet": 149500000, "incomeBeforeTax": 116200000, "incomeBeforeTaxRatio": 0.0185421587, "incomeTaxExpense": 31900000, "netIncome": 84300000, "netIncomeRatio": 0.0134518415, "eps": 0.35, "epsdiluted": 0.35, "weightedAverageShsOut": 241098241, "weightedAverageShsOutDil": 243416493, "link": "", "finalLink": "", "calculatedOtherExpenses": 828800000, "calculatedOperatingExpenses": 1474200000, "calculatedNetInterest": 0, "calculatedOtherIncome": -28300000, "calculatedIncomeNonControlling": 0, "calculatedEbitda": 973300000}, {"date": "1990-12-31", "symbol": "HES", "reportedCurrency": "USD", "cik": "0000004447", "fillingDate": "1990-12-31", "acceptedDate": "1990-12-30 19:00:00", "calendarYear": "1990", "period": "FY", "revenue": 6947500000, "costOfRevenue": 4928700000, "grossProfit": 2018800000, "grossProfitRatio": 0.2905793451, "researchAndDevelopmentExpenses": 0, "generalAndAdministrativeExpenses": 0, "sellingAndMarketingExpenses": 0, "sellingGeneralAndAdministrativeExpenses": 569200000, "otherExpenses": 743500000, "operatingExpenses": 1312700000, "costAndExpenses": 6241400000, "interestIncome": 0, "interestExpense": 0, "depreciationAndAmortization": 743500000, "ebitda": 1316000000, "ebitdaratio": 0.1894206549, "operatingIncome": 706100000, "operatingIncomeRatio": 0.1016336812, "totalOtherIncomeExpensesNet": 133600000, "incomeBeforeTax": 615500000, "incomeBeforeTaxRatio": 0.0885930191, "incomeTaxExpense": 132800000, "netIncome": 482700000, "netIncomeRatio": 0.0694782296, "eps": 1.99, "epsdiluted": 1.98, "weightedAverageShsOut": 241994916, "weightedAverageShsOutDil": 243213012, "link": "", "finalLink": "", "calculatedOtherExpenses": 743500000, "calculatedOperatingExpenses": 1312700000, "calculatedNetInterest": 0, "calculatedOtherIncome": -90600000, "calculatedIncomeNonControlling": 0, "calculatedEbitda": 1449600000}, {"date": "1989-12-31", "symbol": "HES", "reportedCurrency": "USD", "cik": "0000004447", "fillingDate": "1989-12-31", "acceptedDate": "1989-12-30 19:00:00", "calendarYear": "1989", "period": "FY", "revenue": 5589000000, "costOfRevenue": 3949300000, "grossProfit": 1639700000, "grossProfitRatio": 0.2933798533, "researchAndDevelopmentExpenses": 0, "generalAndAdministrativeExpenses": 0, "sellingAndMarketingExpenses": 0, "sellingGeneralAndAdministrativeExpenses": 475900000, "otherExpenses": 545900000, "operatingExpenses": 1021800000, "costAndExpenses": 4971100000, "interestIncome": 0, "interestExpense": 0, "depreciationAndAmortization": 545900000, "ebitda": 1073400000, "ebitdaratio": 0.1920558239, "operatingIncome": 617900000, "operatingIncomeRatio": 0.1105564502, "totalOtherIncomeExpensesNet": 90400000, "incomeBeforeTax": 520300000, "incomeBeforeTaxRatio": 0.0930935767, "incomeTaxExpense": 44000000, "netIncome": 476300000, "netIncomeRatio": 0.0852209698, "eps": 1.96, "epsdiluted": 1.95, "weightedAverageShsOut": 242840464, "weightedAverageShsOutDil": 243667859, "link": "", "finalLink": "", "calculatedOtherExpenses": 545900000, "calculatedOperatingExpenses": 1021800000, "calculatedNetInterest": 0, "calculatedOtherIncome": -97600000, "calculatedIncomeNonControlling": 0, "calculatedEbitda": 1163800000}, {"date": "1988-12-31", "symbol": "HES", "reportedCurrency": "USD", "cik": "0000004447", "fillingDate": "1988-12-31", "acceptedDate": "1988-12-30 19:00:00", "calendarYear": "1988", "period": "FY", "revenue": 4206000000, "costOfRevenue": 3079000000, "grossProfit": 1127000000, "grossProfitRatio": 0.2679505468, "researchAndDevelopmentExpenses": 0, "generalAndAdministrativeExpenses": 0, "sellingAndMarketingExpenses": 0, "sellingGeneralAndAdministrativeExpenses": 447900000, "otherExpenses": 441400000, "operatingExpenses": 889300000, "costAndExpenses": 3968300000, "interestIncome": 0, "interestExpense": 0, "depreciationAndAmortization": 441400000, "ebitda": 621600000, "ebitdaratio": 0.147788873, "operatingIncome": 237700000, "operatingIncomeRatio": 0.0565145031, "totalOtherIncomeExpensesNet": 57500000, "incomeBeforeTax": 149800000, "incomeBeforeTaxRatio": 0.035615787, "incomeTaxExpense": 25600000, "netIncome": 124200000, "netIncomeRatio": 0.0295292439, "eps": 0.51, "epsdiluted": 0.5, "weightedAverageShsOut": 245376956, "weightedAverageShsOutDil": 247001969, "link": "", "finalLink": "", "calculatedOtherExpenses": 441400000, "calculatedOperatingExpenses": 889300000, "calculatedNetInterest": 0, "calculatedOtherIncome": -87900000, "calculatedIncomeNonControlling": 0, "calculatedEbitda": 679100000}, {"date": "1987-12-31", "symbol": "HES", "reportedCurrency": "USD", "cik": "0000004447", "fillingDate": "1987-12-31", "acceptedDate": "1987-12-30 19:00:00", "calendarYear": "1987", "period": "FY", "revenue": 4706500000, "costOfRevenue": 3556300000, "grossProfit": 1150200000, "grossProfitRatio": 0.2443854244, "researchAndDevelopmentExpenses": 0, "generalAndAdministrativeExpenses": 0, "sellingAndMarketingExpenses": 0, "sellingGeneralAndAdministrativeExpenses": 328100000, "otherExpenses": 431500000, "operatingExpenses": 759600000, "costAndExpenses": 4315900000, "interestIncome": 0, "interestExpense": 0, "depreciationAndAmortization": 431500000, "ebitda": 815700000, "ebitdaratio": 0.1733135026, "operatingIncome": 390600000, "operatingIncomeRatio": 0.0829916074, "totalOtherIncomeExpensesNet": 6400000, "incomeBeforeTax": 252900000, "incomeBeforeTaxRatio": 0.0537341974, "incomeTaxExpense": 23000000, "netIncome": 229900000, "netIncomeRatio": 0.0488473388, "eps": 0.91, "epsdiluted": 0.91, "weightedAverageShsOut": 252010252, "weightedAverageShsOutDil": 252010252, "link": "", "finalLink": "", "calculatedOtherExpenses": 431500000, "calculatedOperatingExpenses": 759600000, "calculatedNetInterest": 0, "calculatedOtherIncome": -137700000, "calculatedIncomeNonControlling": 0, "calculatedEbitda": 822100000}, {"date": "1986-12-31", "symbol": "HES", "reportedCurrency": "USD", "cik": "0000004447", "fillingDate": "1986-12-31", "acceptedDate": "1986-12-30 19:00:00", "calendarYear": "1986", "period": "FY", "revenue": 4014700000, "costOfRevenue": 3218400000, "grossProfit": 796300000, "grossProfitRatio": 0.1983460782, "researchAndDevelopmentExpenses": 0, "generalAndAdministrativeExpenses": 0, "sellingAndMarketingExpenses": 0, "sellingGeneralAndAdministrativeExpenses": 315200000, "otherExpenses": 468200000, "operatingExpenses": 783400000, "costAndExpenses": 4001800000, "interestIncome": 0, "interestExpense": 0, "depreciationAndAmortization": 468200000, "ebitda": 519500000, "ebitdaratio": 0.129399457, "operatingIncome": 12900000, "operatingIncomeRatio": 0.0032131915, "totalOtherIncomeExpensesNet": -38400000, "incomeBeforeTax": -189800000, "incomeBeforeTaxRatio": -0.0472762597, "incomeTaxExpense": 29600000, "netIncome": -219400000, "netIncomeRatio": -0.0546491643, "eps": -0.86, "epsdiluted": -0.86, "weightedAverageShsOut": 254677755, "weightedAverageShsOutDil": 254677755, "link": "", "finalLink": "", "calculatedOtherExpenses": 468200000, "calculatedOperatingExpenses": 783400000, "calculatedNetInterest": 0, "calculatedOtherIncome": -202700000, "calculatedIncomeNonControlling": 0, "calculatedEbitda": 481100000}, {"date": "1985-12-31", "symbol": "HES", "reportedCurrency": "USD", "cik": "0000004447", "fillingDate": "1985-12-31", "acceptedDate": "1985-12-30 19:00:00", "calendarYear": "1985", "period": "FY", "revenue": 7653400000, "costOfRevenue": 5887100000, "grossProfit": 1766300000, "grossProfitRatio": 0.2307863172, "researchAndDevelopmentExpenses": 0, "generalAndAdministrativeExpenses": 0, "sellingAndMarketingExpenses": 0, "sellingGeneralAndAdministrativeExpenses": 300500000, "otherExpenses": 545400000, "operatingExpenses": 845900000, "costAndExpenses": 6733000000, "interestIncome": 0, "interestExpense": 0, "depreciationAndAmortization": 484000000, "ebitda": 1982300000, "ebitdaratio": 0.2590090679, "operatingIncome": 920400000, "operatingIncomeRatio": 0.1202602765, "totalOtherIncomeExpensesNet": -577900000, "incomeBeforeTax": 153200000, "incomeBeforeTaxRatio": 0.0200172472, "incomeTaxExpense": 413600000, "netIncome": -260400000, "netIncomeRatio": -0.0340240939, "eps": -1.02, "epsdiluted": -1.02, "weightedAverageShsOut": 255060255, "weightedAverageShsOutDil": 255060255, "link": "", "finalLink": "", "calculatedOtherExpenses": 545400000, "calculatedOperatingExpenses": 845900000, "calculatedNetInterest": 0, "calculatedOtherIncome": -767200000, "calculatedIncomeNonControlling": 0, "calculatedEbitda": 1404400000}]}