{"originalCurrency": "USD", "convertedCurrency": "USD", "report": [{"date": "2023-12-31", "symbol": "HESM", "reportedCurrency": "USD", "cik": "0001789832", "fillingDate": "2023-12-31", "acceptedDate": "2023-12-29 19:00:00", "calendarYear": "2023", "period": "FY", "revenue": 1348600000, "costOfRevenue": 505500000, "grossProfit": 843100000, "grossProfitRatio": 0.6251668397, "researchAndDevelopmentExpenses": 0, "generalAndAdministrativeExpenses": 26200000, "sellingAndMarketingExpenses": 0, "sellingGeneralAndAdministrativeExpenses": 26200000, "otherExpenses": 0, "operatingExpenses": 26200000, "costAndExpenses": 531700000, "interestIncome": 0, "interestExpense": 179000000, "depreciationAndAmortization": 192500000, "ebitda": 1009400000, "ebitdaratio": 0.7484799051, "operatingIncome": 816900000, "operatingIncomeRatio": 0.6057392852, "totalOtherIncomeExpensesNet": -171300000, "incomeBeforeTax": 645600000, "incomeBeforeTaxRatio": 0.4787186712, "incomeTaxExpense": 37900000, "netIncome": 118600000, "netIncomeRatio": 0.0879430521, "eps": 2.11, "epsdiluted": 2.11, "weightedAverageShsOut": 56200000, "weightedAverageShsOutDil": 56300000, "link": null, "finalLink": null, "calculatedOtherExpenses": 0, "calculatedOperatingExpenses": 26200000, "calculatedNetInterest": -179000000, "calculatedOtherIncome": 7700000, "calculatedIncomeNonControlling": 489100000, "calculatedEbitda": 1009400000}, {"date": "2022-12-31", "symbol": "HESM", "reportedCurrency": "USD", "cik": "0001789832", "fillingDate": "2023-02-27", "acceptedDate": "2023-02-27 06:14:40", "calendarYear": "2022", "period": "FY", "revenue": 1275200000, "costOfRevenue": 181300000, "grossProfit": 1093900000, "grossProfitRatio": 0.8578262233, "researchAndDevelopmentExpenses": 0, "generalAndAdministrativeExpenses": 23100000, "sellingAndMarketingExpenses": 0, "sellingGeneralAndAdministrativeExpenses": 23100000, "otherExpenses": 279600000, "operatingExpenses": 302700000, "costAndExpenses": 484000000, "interestIncome": 149300000, "interestExpense": 149300000, "depreciationAndAmortization": 181300000, "ebitda": 796500000, "ebitdaratio": 0.6246079046, "operatingIncome": 615200000, "operatingIncomeRatio": 0.482434128, "totalOtherIncomeExpensesNet": 32000000, "incomeBeforeTax": 647200000, "incomeBeforeTaxRatio": 0.5075282309, "incomeTaxExpense": 26600000, "netIncome": 620600000, "netIncomeRatio": 0.4866687578, "eps": 15.03, "epsdiluted": 14.99, "weightedAverageShsOut": 41300000, "weightedAverageShsOutDil": 41400000, "link": "https://www.sec.gov/Archives/edgar/data/1789832/000095017023004459/0000950170-23-004459-index.htm", "finalLink": "https://www.sec.gov/Archives/edgar/data/1789832/000095017023004459/hesm-20221231.htm", "calculatedOtherExpenses": 455600000, "calculatedOperatingExpenses": 478700000, "calculatedNetInterest": 0, "calculatedOtherIncome": 32000000, "calculatedIncomeNonControlling": 0, "calculatedEbitda": 796500000}, {"date": "2021-12-31", "symbol": "HESM", "reportedCurrency": "USD", "cik": "0001789832", "fillingDate": "2022-03-01", "acceptedDate": "2022-03-01 16:17:24", "calendarYear": "2021", "period": "FY", "revenue": 1203800000, "costOfRevenue": 165600000, "grossProfit": 1038200000, "grossProfitRatio": 0.8624356205, "researchAndDevelopmentExpenses": 0, "generalAndAdministrativeExpenses": 22700000, "sellingAndMarketingExpenses": 0, "sellingGeneralAndAdministrativeExpenses": 22700000, "otherExpenses": 288300000, "operatingExpenses": 311000000, "costAndExpenses": 476600000, "interestIncome": 105400000, "interestExpense": 105400000, "depreciationAndAmortization": 176200000, "ebitda": 903400000, "ebitdaratio": 0.7504568865, "operatingIncome": 727200000, "operatingIncomeRatio": 0.6040870577, "totalOtherIncomeExpensesNet": -94800000, "incomeBeforeTax": 632400000, "incomeBeforeTaxRatio": 0.5253364346, "incomeTaxExpense": 14600000, "netIncome": 617800000, "netIncomeRatio": 0.5132081741, "eps": 24.13, "epsdiluted": 24.04, "weightedAverageShsOut": 25600000, "weightedAverageShsOutDil": 25700000, "link": "https://www.sec.gov/Archives/edgar/data/1789832/000095017022002541/0000950170-22-002541-index.htm", "finalLink": "https://www.sec.gov/Archives/edgar/data/1789832/000095017022002541/hesm-20211231.htm", "calculatedOtherExpenses": 288300000, "calculatedOperatingExpenses": 311000000, "calculatedNetInterest": 0, "calculatedOtherIncome": -94800000, "calculatedIncomeNonControlling": 0, "calculatedEbitda": 903400000}, {"date": "2020-12-31", "symbol": "HESM", "reportedCurrency": "USD", "cik": "0001789832", "fillingDate": "2021-02-23", "acceptedDate": "2021-02-22 17:37:11", "calendarYear": "2020", "period": "FY", "revenue": 1091900000, "costOfRevenue": 156900000, "grossProfit": 935000000, "grossProfitRatio": 0.8563055225, "researchAndDevelopmentExpenses": 0, "generalAndAdministrativeExpenses": 21100000, "sellingAndMarketingExpenses": 0, "sellingGeneralAndAdministrativeExpenses": 21100000, "otherExpenses": 337400000, "operatingExpenses": 358500000, "costAndExpenses": 515400000, "interestIncome": 94700000, "interestExpense": 94700000, "depreciationAndAmortization": 156900000, "ebitda": 586800000, "ebitdaratio": 0.5374118509, "operatingIncome": 429900000, "operatingIncomeRatio": 0.3937173734, "totalOtherIncomeExpensesNet": 62200000, "incomeBeforeTax": 492100000, "incomeBeforeTaxRatio": 0.4506822969, "incomeTaxExpense": 7300000, "netIncome": 484800000, "netIncomeRatio": 0.443996703, "eps": 26.93, "epsdiluted": 26.78, "weightedAverageShsOut": 18000000, "weightedAverageShsOutDil": 18100000, "link": "https://www.sec.gov/Archives/edgar/data/1789832/000156459021007205/0001564590-21-007205-index.htm", "finalLink": "https://www.sec.gov/Archives/edgar/data/1789832/000156459021007205/hesm-10k_20201231.htm", "calculatedOtherExpenses": 484000000, "calculatedOperatingExpenses": 505100000, "calculatedNetInterest": 0, "calculatedOtherIncome": 62200000, "calculatedIncomeNonControlling": 0, "calculatedEbitda": 586800000}, {"date": "2019-12-31", "symbol": "HESM", "reportedCurrency": "USD", "cik": "0001789832", "fillingDate": "2020-02-21", "acceptedDate": "2020-02-21 16:17:29", "calendarYear": "2019", "period": "FY", "revenue": 848300000, "costOfRevenue": 142500000, "grossProfit": 705800000, "grossProfitRatio": 0.8320169751, "researchAndDevelopmentExpenses": 0, "generalAndAdministrativeExpenses": 52400000, "sellingAndMarketingExpenses": 0, "sellingGeneralAndAdministrativeExpenses": 52400000, "otherExpenses": 276800000, "operatingExpenses": 329200000, "costAndExpenses": 471700000, "interestIncome": 62400000, "interestExpense": 62400000, "depreciationAndAmortization": 142500000, "ebitda": 380000000, "ebitdaratio": 0.447954733, "operatingIncome": 237500000, "operatingIncomeRatio": 0.2799717081, "totalOtherIncomeExpensesNet": 80100000, "incomeBeforeTax": 317600000, "incomeBeforeTaxRatio": 0.3743958505, "incomeTaxExpense": -100000, "netIncome": 317700000, "netIncomeRatio": 0.3745137333, "eps": 17.65, "epsdiluted": 17.65, "weightedAverageShsOut": 18000000, "weightedAverageShsOutDil": 18000000, "link": "https://www.sec.gov/Archives/edgar/data/1789832/000156459020005754/0001564590-20-005754-index.htm", "finalLink": "https://www.sec.gov/Archives/edgar/data/1789832/000156459020005754/hesm-10k_20191231.htm", "calculatedOtherExpenses": 415900000, "calculatedOperatingExpenses": 468300000, "calculatedNetInterest": 0, "calculatedOtherIncome": 80100000, "calculatedIncomeNonControlling": 0, "calculatedEbitda": 380000000}, {"date": "2018-12-31", "symbol": "HESM", "reportedCurrency": "USD", "cik": "0001789832", "fillingDate": "2018-12-31", "acceptedDate": "2018-12-30 19:00:00", "calendarYear": "2018", "period": "FY", "revenue": 712700000, "costOfRevenue": 126900000, "grossProfit": 585800000, "grossProfitRatio": 0.8219447173, "researchAndDevelopmentExpenses": 0, "generalAndAdministrativeExpenses": 14100000, "sellingAndMarketingExpenses": 0, "sellingGeneralAndAdministrativeExpenses": 14100000, "otherExpenses": 154300000, "operatingExpenses": 207600000, "costAndExpenses": 334500000, "interestIncome": 0, "interestExpense": 53300000, "depreciationAndAmortization": 126900000, "ebitda": 505100000, "ebitdaratio": 0.7087133436, "operatingIncome": 378200000, "operatingIncomeRatio": 0.5306580609, "totalOtherIncomeExpensesNet": 600000, "incomeBeforeTax": 325500000, "incomeBeforeTaxRatio": 0.4567139049, "incomeTaxExpense": 308000000, "netIncome": 70800000, "netIncomeRatio": 0.099340536, "eps": 1.3, "epsdiluted": 1.29, "weightedAverageShsOut": 54600000, "weightedAverageShsOutDil": 54700000, "link": "", "finalLink": "", "calculatedOtherExpenses": 193500000, "calculatedOperatingExpenses": 207600000, "calculatedNetInterest": -53300000, "calculatedOtherIncome": 600000, "calculatedIncomeNonControlling": -53300000, "calculatedEbitda": 505100000}, {"date": "2017-12-31", "symbol": "HESM", "reportedCurrency": "USD", "cik": "0001789832", "fillingDate": "2017-12-31", "acceptedDate": "2017-12-30 19:00:00", "calendarYear": "2017", "period": "FY", "revenue": 565800000, "costOfRevenue": 113100000, "grossProfit": 452700000, "grossProfitRatio": 0.8001060445, "researchAndDevelopmentExpenses": 0, "generalAndAdministrativeExpenses": 8100000, "sellingAndMarketingExpenses": 0, "sellingGeneralAndAdministrativeExpenses": 8100000, "otherExpenses": 158400000, "operatingExpenses": 166500000, "costAndExpenses": 279600000, "interestIncome": 0, "interestExpense": 1400000, "depreciationAndAmortization": 113100000, "ebitda": 286200000, "ebitdaratio": 0.5058324496, "operatingIncome": 286200000, "operatingIncomeRatio": 0.5058324496, "totalOtherIncomeExpensesNet": -1400000, "incomeBeforeTax": 284800000, "incomeBeforeTaxRatio": 0.5033580771, "incomeTaxExpense": 130500000, "netIncome": 41200000, "netIncomeRatio": 0.0728172499, "eps": 0.75, "epsdiluted": 0.75, "weightedAverageShsOut": 53800000, "weightedAverageShsOutDil": 53800000, "link": "", "finalLink": "", "calculatedOtherExpenses": 158400000, "calculatedOperatingExpenses": 166500000, "calculatedNetInterest": -1400000, "calculatedOtherIncome": 0, "calculatedIncomeNonControlling": 113100000, "calculatedEbitda": 399300000}, {"date": "2016-12-31", "symbol": "HESM", "reportedCurrency": "USD", "cik": "0001789832", "fillingDate": "2016-12-31", "acceptedDate": "2016-12-30 19:00:00", "calendarYear": "2016", "period": "FY", "revenue": 509800000, "costOfRevenue": 99700000, "grossProfit": 410100000, "grossProfitRatio": 0.804433111, "researchAndDevelopmentExpenses": 0, "generalAndAdministrativeExpenses": 10400000, "sellingAndMarketingExpenses": 0, "sellingGeneralAndAdministrativeExpenses": 10400000, "otherExpenses": 193400000, "operatingExpenses": 203800000, "costAndExpenses": 303500000, "interestIncome": 0, "interestExpense": 0, "depreciationAndAmortization": 99700000, "ebitda": 306000000, "ebitdaratio": 0.6002353864, "operatingIncome": 206300000, "operatingIncomeRatio": 0.4046684974, "totalOtherIncomeExpensesNet": 0, "incomeBeforeTax": 206300000, "incomeBeforeTaxRatio": 0.4046684974, "incomeTaxExpense": 0, "netIncome": 206300000, "netIncomeRatio": 0.4046684974, "eps": 3.76, "epsdiluted": 3.76, "weightedAverageShsOut": 54559308, "weightedAverageShsOutDil": 54559308, "link": "", "finalLink": "", "calculatedOtherExpenses": 193400000, "calculatedOperatingExpenses": 203800000, "calculatedNetInterest": 0, "calculatedOtherIncome": 0, "calculatedIncomeNonControlling": 0, "calculatedEbitda": 306000000}, {"date": "2015-12-31", "symbol": "HESM", "reportedCurrency": "USD", "cik": "0001789832", "fillingDate": "2015-12-31", "acceptedDate": "2015-12-30 19:00:00", "calendarYear": "2015", "period": "FY", "revenue": 565100000, "costOfRevenue": 86100000, "grossProfit": 479000000, "grossProfitRatio": 0.8476375863, "researchAndDevelopmentExpenses": 0, "generalAndAdministrativeExpenses": 9300000, "sellingAndMarketingExpenses": 0, "sellingGeneralAndAdministrativeExpenses": 9300000, "otherExpenses": 274800000, "operatingExpenses": 284100000, "costAndExpenses": 370200000, "interestIncome": 0, "interestExpense": 1500000, "depreciationAndAmortization": 86100000, "ebitda": 281000000, "ebitdaratio": 0.4972571226, "operatingIncome": 194900000, "operatingIncomeRatio": 0.3448947089, "totalOtherIncomeExpensesNet": -1500000, "incomeBeforeTax": 193400000, "incomeBeforeTaxRatio": 0.3422403114, "incomeTaxExpense": 0, "netIncome": 193400000, "netIncomeRatio": 0.3422403114, "eps": 3.54, "epsdiluted": 3.54, "weightedAverageShsOut": 54559308, "weightedAverageShsOutDil": 54559308, "link": "", "finalLink": "", "calculatedOtherExpenses": 274800000, "calculatedOperatingExpenses": 284100000, "calculatedNetInterest": -1500000, "calculatedOtherIncome": 0, "calculatedIncomeNonControlling": 0, "calculatedEbitda": 281000000}, {"date": "2014-12-31", "symbol": "HESM", "reportedCurrency": "USD", "cik": "0001789832", "fillingDate": "2014-12-31", "acceptedDate": "2014-12-30 19:00:00", "calendarYear": "2014", "period": "FY", "revenue": 254800000, "costOfRevenue": 44400000, "grossProfit": 210400000, "grossProfitRatio": 0.8257456829, "researchAndDevelopmentExpenses": 0, "generalAndAdministrativeExpenses": 4900000, "sellingAndMarketingExpenses": 0, "sellingGeneralAndAdministrativeExpenses": 4900000, "otherExpenses": 170700000, "operatingExpenses": 175600000, "costAndExpenses": 220000000, "interestIncome": 0, "interestExpense": 1900000, "depreciationAndAmortization": 44400000, "ebitda": 79200000, "ebitdaratio": 0.3108320251, "operatingIncome": 34800000, "operatingIncomeRatio": 0.136577708, "totalOtherIncomeExpensesNet": -1900000, "incomeBeforeTax": 32900000, "incomeBeforeTaxRatio": 0.1291208791, "incomeTaxExpense": 0, "netIncome": 32900000, "netIncomeRatio": 0.1291208791, "eps": 0.6, "epsdiluted": 0.6, "weightedAverageShsOut": 54559308, "weightedAverageShsOutDil": 54559308, "link": "", "finalLink": "", "calculatedOtherExpenses": 170700000, "calculatedOperatingExpenses": 175600000, "calculatedNetInterest": -1900000, "calculatedOtherIncome": 0, "calculatedIncomeNonControlling": 0, "calculatedEbitda": 79200000}, {"date": "2013-12-31", "symbol": "HESM", "reportedCurrency": "USD", "cik": "0001789832", "fillingDate": "2013-12-31", "acceptedDate": "2013-12-30 19:00:00", "calendarYear": "2013", "period": "FY", "revenue": 269700000, "costOfRevenue": 202800000, "grossProfit": 66900000, "grossProfitRatio": 0.2480533927, "researchAndDevelopmentExpenses": 0, "generalAndAdministrativeExpenses": 13000000, "sellingAndMarketingExpenses": 0, "sellingGeneralAndAdministrativeExpenses": 13000000, "otherExpenses": 217700000, "operatingExpenses": 230700000, "costAndExpenses": 433500000, "interestIncome": 0, "interestExpense": 0, "depreciationAndAmortization": 12500000, "ebitda": -151300000, "ebitdaratio": -0.5609936967, "operatingIncome": -163800000, "operatingIncomeRatio": -0.6073414905, "totalOtherIncomeExpensesNet": 0, "incomeBeforeTax": -163800000, "incomeBeforeTaxRatio": -0.6073414905, "incomeTaxExpense": 0, "netIncome": -163800000, "netIncomeRatio": -0.6073414905, "eps": -3, "epsdiluted": -3, "weightedAverageShsOut": 54559308, "weightedAverageShsOutDil": 54559308, "link": "", "finalLink": "", "calculatedOtherExpenses": 217700000, "calculatedOperatingExpenses": 230700000, "calculatedNetInterest": 0, "calculatedOtherIncome": 0, "calculatedIncomeNonControlling": 0, "calculatedEbitda": -151300000}, {"date": "2012-12-31", "symbol": "HESM", "reportedCurrency": "USD", "cik": "0001789832", "fillingDate": "2012-12-31", "acceptedDate": "2012-12-30 19:00:00", "calendarYear": "2012", "period": "FY", "revenue": 169700000, "costOfRevenue": 101700000, "grossProfit": 68000000, "grossProfitRatio": 0.4007071302, "researchAndDevelopmentExpenses": 0, "generalAndAdministrativeExpenses": 11600000, "sellingAndMarketingExpenses": 0, "sellingGeneralAndAdministrativeExpenses": 11600000, "otherExpenses": 130300000, "operatingExpenses": 141900000, "costAndExpenses": 243600000, "interestIncome": 0, "interestExpense": 0, "depreciationAndAmortization": 14300000, "ebitda": -59600000, "ebitdaratio": -0.3512080141, "operatingIncome": -73900000, "operatingIncomeRatio": -0.4354743665, "totalOtherIncomeExpensesNet": 0, "incomeBeforeTax": -73900000, "incomeBeforeTaxRatio": -0.4354743665, "incomeTaxExpense": 0, "netIncome": -73900000, "netIncomeRatio": -0.4354743665, "eps": -1.35, "epsdiluted": -1.35, "weightedAverageShsOut": 54559308, "weightedAverageShsOutDil": 54559308, "link": "", "finalLink": "", "calculatedOtherExpenses": 130300000, "calculatedOperatingExpenses": 141900000, "calculatedNetInterest": 0, "calculatedOtherIncome": 0, "calculatedIncomeNonControlling": 0, "calculatedEbitda": -59600000}]}