{"originalCurrency": "USD", "convertedCurrency": "USD", "report": [{"date": "2023-12-31", "symbol": "HGV", "reportedCurrency": "USD", "cik": "0001674168", "fillingDate": "2024-02-29", "acceptedDate": "2024-02-29 15:40:45", "calendarYear": "2023", "period": "FY", "revenue": 3978000000, "costOfRevenue": 1681000000, "grossProfit": 2297000000, "grossProfitRatio": 0.5774258421, "researchAndDevelopmentExpenses": 0, "generalAndAdministrativeExpenses": 194000000, "sellingAndMarketingExpenses": 634000000, "sellingGeneralAndAdministrativeExpenses": 1613000000, "otherExpenses": 2000000, "operatingExpenses": 1613000000, "costAndExpenses": 3294000000, "interestIncome": 0, "interestExpense": 178000000, "depreciationAndAmortization": 213000000, "ebitda": 897000000, "ebitdaratio": 0.2254901961, "operatingIncome": 684000000, "operatingIncomeRatio": 0.1719457014, "totalOtherIncomeExpensesNet": -235000000, "incomeBeforeTax": 449000000, "incomeBeforeTaxRatio": 0.1128707893, "incomeTaxExpense": 136000000, "netIncome": 313000000, "netIncomeRatio": 0.0786827552, "eps": 2.84, "epsdiluted": 2.8, "weightedAverageShsOut": 110100000, "weightedAverageShsOutDil": 111600000, "link": "https://www.sec.gov/Archives/edgar/data/1674168/000162828024007940/0001628280-24-007940-index.htm", "finalLink": "https://www.sec.gov/Archives/edgar/data/1674168/000162828024007940/hgv-20231231.htm", "calculatedOtherExpenses": 0, "calculatedOperatingExpenses": 1613000000, "calculatedNetInterest": -178000000, "calculatedOtherIncome": -57000000, "calculatedIncomeNonControlling": 0, "calculatedEbitda": 897000000}, {"date": "2022-12-31", "symbol": "HGV", "reportedCurrency": "USD", "cik": "0001674168", "fillingDate": "2023-03-01", "acceptedDate": "2023-03-01 15:57:16", "calendarYear": "2022", "period": "FY", "revenue": 3835000000, "costOfRevenue": 2560000000, "grossProfit": 1275000000, "grossProfitRatio": 0.332464146, "researchAndDevelopmentExpenses": 0, "generalAndAdministrativeExpenses": 336000000, "sellingAndMarketingExpenses": 620000000, "sellingGeneralAndAdministrativeExpenses": 336000000, "otherExpenses": 244000000, "operatingExpenses": 580000000, "costAndExpenses": 3140000000, "interestIncome": 142000000, "interestExpense": 142000000, "depreciationAndAmortization": 244000000, "ebitda": 951000000, "ebitdaratio": 0.2479791395, "operatingIncome": 707000000, "operatingIncomeRatio": 0.1843546284, "totalOtherIncomeExpensesNet": -226000000, "incomeBeforeTax": 481000000, "incomeBeforeTaxRatio": 0.1254237288, "incomeTaxExpense": 129000000, "netIncome": 352000000, "netIncomeRatio": 0.0917861799, "eps": 2.98, "epsdiluted": 2.93, "weightedAverageShsOut": 118000000, "weightedAverageShsOutDil": 120000000, "link": "https://www.sec.gov/Archives/edgar/data/1674168/000162828023005817/0001628280-23-005817-index.htm", "finalLink": "https://www.sec.gov/Archives/edgar/data/1674168/000162828023005817/hgv-20221231.htm", "calculatedOtherExpenses": 232000000, "calculatedOperatingExpenses": 568000000, "calculatedNetInterest": 0, "calculatedOtherIncome": -226000000, "calculatedIncomeNonControlling": 0, "calculatedEbitda": 951000000}, {"date": "2021-12-31", "symbol": "HGV", "reportedCurrency": "USD", "cik": "0001674168", "fillingDate": "2022-03-01", "acceptedDate": "2022-03-01 16:49:14", "calendarYear": "2021", "period": "FY", "revenue": 2335000000, "costOfRevenue": 1480000000, "grossProfit": 855000000, "grossProfitRatio": 0.3661670236, "researchAndDevelopmentExpenses": 0, "generalAndAdministrativeExpenses": 231000000, "sellingAndMarketingExpenses": 385000000, "sellingGeneralAndAdministrativeExpenses": 231000000, "otherExpenses": 126000000, "operatingExpenses": 357000000, "costAndExpenses": 1837000000, "interestIncome": 105000000, "interestExpense": 105000000, "depreciationAndAmortization": 126000000, "ebitda": 608000000, "ebitdaratio": 0.260385439, "operatingIncome": 482000000, "operatingIncomeRatio": 0.2064239829, "totalOtherIncomeExpensesNet": -213000000, "incomeBeforeTax": 269000000, "incomeBeforeTaxRatio": 0.1152034261, "incomeTaxExpense": 93000000, "netIncome": 176000000, "netIncomeRatio": 0.0753747323, "eps": 1.76, "epsdiluted": 1.74, "weightedAverageShsOut": 99747367, "weightedAverageShsOutDil": 101090176, "link": "https://www.sec.gov/Archives/edgar/data/1674168/000095017022002564/0000950170-22-002564-index.htm", "finalLink": "https://www.sec.gov/Archives/edgar/data/1674168/000095017022002564/hgv-20211231.htm", "calculatedOtherExpenses": 142000000, "calculatedOperatingExpenses": 373000000, "calculatedNetInterest": 0, "calculatedOtherIncome": -213000000, "calculatedIncomeNonControlling": 0, "calculatedEbitda": 608000000}, {"date": "2020-12-31", "symbol": "HGV", "reportedCurrency": "USD", "cik": "0001674168", "fillingDate": "2021-03-01", "acceptedDate": "2021-03-01 15:49:55", "calendarYear": "2020", "period": "FY", "revenue": 894000000, "costOfRevenue": 742000000, "grossProfit": 152000000, "grossProfitRatio": 0.1700223714, "researchAndDevelopmentExpenses": 0, "generalAndAdministrativeExpenses": 143000000, "sellingAndMarketingExpenses": 221000000, "sellingGeneralAndAdministrativeExpenses": 143000000, "otherExpenses": 45000000, "operatingExpenses": 188000000, "costAndExpenses": 930000000, "interestIncome": 43000000, "interestExpense": 43000000, "depreciationAndAmortization": 45000000, "ebitda": 17000000, "ebitdaratio": 0.01901566, "operatingIncome": -28000000, "operatingIncomeRatio": -0.0313199105, "totalOtherIncomeExpensesNet": -252000000, "incomeBeforeTax": -280000000, "incomeBeforeTaxRatio": -0.3131991051, "incomeTaxExpense": -79000000, "netIncome": -201000000, "netIncomeRatio": -0.2248322148, "eps": -2.36, "epsdiluted": -2.36, "weightedAverageShsOut": 85181106, "weightedAverageShsOutDil": 85181106, "link": "https://www.sec.gov/Archives/edgar/data/1674168/000156459021009825/0001564590-21-009825-index.htm", "finalLink": "https://www.sec.gov/Archives/edgar/data/1674168/000156459021009825/hgv-10k_20201231.htm", "calculatedOtherExpenses": 37000000, "calculatedOperatingExpenses": 180000000, "calculatedNetInterest": 0, "calculatedOtherIncome": -252000000, "calculatedIncomeNonControlling": 0, "calculatedEbitda": 17000000}, {"date": "2019-12-31", "symbol": "HGV", "reportedCurrency": "USD", "cik": "0001674168", "fillingDate": "2020-03-02", "acceptedDate": "2020-03-02 15:02:45", "calendarYear": "2019", "period": "FY", "revenue": 1838000000, "costOfRevenue": 1260000000, "grossProfit": 578000000, "grossProfitRatio": 0.3144722524, "researchAndDevelopmentExpenses": 0, "generalAndAdministrativeExpenses": 212000000, "sellingAndMarketingExpenses": 573000000, "sellingGeneralAndAdministrativeExpenses": 212000000, "otherExpenses": 51000000, "operatingExpenses": 263000000, "costAndExpenses": 1523000000, "interestIncome": 43000000, "interestExpense": 43000000, "depreciationAndAmortization": 51000000, "ebitda": 367000000, "ebitdaratio": 0.1996735582, "operatingIncome": 316000000, "operatingIncomeRatio": 0.1719260065, "totalOtherIncomeExpensesNet": -43000000, "incomeBeforeTax": 273000000, "incomeBeforeTaxRatio": 0.148531012, "incomeTaxExpense": 57000000, "netIncome": 216000000, "netIncomeRatio": 0.1175190424, "eps": 2.43, "epsdiluted": 2.42, "weightedAverageShsOut": 88758859, "weightedAverageShsOutDil": 89291176, "link": "https://www.sec.gov/Archives/edgar/data/1674168/000156459020008097/0001564590-20-008097-index.htm", "finalLink": "https://www.sec.gov/Archives/edgar/data/1674168/000156459020008097/hgv-10k_20191231.htm", "calculatedOtherExpenses": 50000000, "calculatedOperatingExpenses": 262000000, "calculatedNetInterest": 0, "calculatedOtherIncome": -43000000, "calculatedIncomeNonControlling": 0, "calculatedEbitda": 367000000}, {"date": "2018-12-31", "symbol": "HGV", "reportedCurrency": "USD", "cik": "0001674168", "fillingDate": "2019-02-28", "acceptedDate": "2019-02-28 16:25:08", "calendarYear": "2018", "period": "FY", "revenue": 1999000000, "costOfRevenue": 1314000000, "grossProfit": 685000000, "grossProfitRatio": 0.3426713357, "researchAndDevelopmentExpenses": 0, "generalAndAdministrativeExpenses": 215000000, "sellingAndMarketingExpenses": 570000000, "sellingGeneralAndAdministrativeExpenses": 215000000, "otherExpenses": -1000000, "operatingExpenses": 251000000, "costAndExpenses": 1565000000, "interestIncome": 0, "interestExpense": 30000000, "depreciationAndAmortization": 36000000, "ebitda": 469000000, "ebitdaratio": 0.2346173087, "operatingIncome": 434000000, "operatingIncomeRatio": 0.2171085543, "totalOtherIncomeExpensesNet": -1000000, "incomeBeforeTax": 403000000, "incomeBeforeTaxRatio": 0.2016008004, "incomeTaxExpense": 105000000, "netIncome": 298000000, "netIncomeRatio": 0.1490745373, "eps": 3.07, "epsdiluted": 3.04, "weightedAverageShsOut": 97000000, "weightedAverageShsOutDil": 98000000, "link": "https://www.sec.gov/Archives/edgar/data/1674168/000156459019005480/0001564590-19-005480-index.htm", "finalLink": "https://www.sec.gov/Archives/edgar/data/1674168/000156459019005480/hgv-10k_20181231.htm", "calculatedOtherExpenses": 36000000, "calculatedOperatingExpenses": 251000000, "calculatedNetInterest": -30000000, "calculatedOtherIncome": -1000000, "calculatedIncomeNonControlling": 0, "calculatedEbitda": 470000000}, {"date": "2017-12-31", "symbol": "HGV", "reportedCurrency": "USD", "cik": "0001674168", "fillingDate": "2018-03-01", "acceptedDate": "2018-03-01 16:11:45", "calendarYear": "2017", "period": "FY", "revenue": 1711000000, "costOfRevenue": 1154000000, "grossProfit": 557000000, "grossProfitRatio": 0.3255406195, "researchAndDevelopmentExpenses": 0, "generalAndAdministrativeExpenses": 191000000, "sellingAndMarketingExpenses": 544000000, "sellingGeneralAndAdministrativeExpenses": 191000000, "otherExpenses": 29000000, "operatingExpenses": 220000000, "costAndExpenses": 1374000000, "interestIncome": 0, "interestExpense": 27000000, "depreciationAndAmortization": 29000000, "ebitda": 367000000, "ebitdaratio": 0.2144944477, "operatingIncome": 337000000, "operatingIncomeRatio": 0.1969608416, "totalOtherIncomeExpensesNet": 1000000, "incomeBeforeTax": 311000000, "incomeBeforeTaxRatio": 0.1817650497, "incomeTaxExpense": -16000000, "netIncome": 327000000, "netIncomeRatio": 0.1911163063, "eps": 3.3, "epsdiluted": 3.28, "weightedAverageShsOut": 99000000, "weightedAverageShsOutDil": 100000000, "link": "https://www.sec.gov/Archives/edgar/data/1674168/000156459018004106/0001564590-18-004106-index.htm", "finalLink": "https://www.sec.gov/Archives/edgar/data/1674168/000156459018004106/hgv-10k_20171231.htm", "calculatedOtherExpenses": 29000000, "calculatedOperatingExpenses": 220000000, "calculatedNetInterest": -27000000, "calculatedOtherIncome": 1000000, "calculatedIncomeNonControlling": 0, "calculatedEbitda": 366000000}, {"date": "2016-12-31", "symbol": "HGV", "reportedCurrency": "USD", "cik": "0001674168", "fillingDate": "2017-03-02", "acceptedDate": "2017-03-02 15:08:05", "calendarYear": "2016", "period": "FY", "revenue": 1583000000, "costOfRevenue": 1064000000, "grossProfit": 519000000, "grossProfitRatio": 0.3278584965, "researchAndDevelopmentExpenses": 0, "generalAndAdministrativeExpenses": 172000000, "sellingAndMarketingExpenses": 499000000, "sellingGeneralAndAdministrativeExpenses": 172000000, "otherExpenses": -1000000, "operatingExpenses": 196000000, "costAndExpenses": 1260000000, "interestIncome": 0, "interestExpense": 29000000, "depreciationAndAmortization": 24000000, "ebitda": 346000000, "ebitdaratio": 0.218572331, "operatingIncome": 323000000, "operatingIncomeRatio": 0.2040429564, "totalOtherIncomeExpensesNet": -1000000, "incomeBeforeTax": 293000000, "incomeBeforeTaxRatio": 0.1850915982, "incomeTaxExpense": 125000000, "netIncome": 168000000, "netIncomeRatio": 0.1061276058, "eps": 1.7, "epsdiluted": 1.7, "weightedAverageShsOut": 98823529, "weightedAverageShsOutDil": 99000000, "link": "https://www.sec.gov/Archives/edgar/data/1674168/000119312517067470/0001193125-17-067470-index.htm", "finalLink": "https://www.sec.gov/Archives/edgar/data/1674168/000119312517067470/d324597d10k.htm", "calculatedOtherExpenses": 24000000, "calculatedOperatingExpenses": 196000000, "calculatedNetInterest": -29000000, "calculatedOtherIncome": -1000000, "calculatedIncomeNonControlling": 0, "calculatedEbitda": 347000000}, {"date": "2015-12-31", "symbol": "HGV", "reportedCurrency": "USD", "cik": "0001674168", "fillingDate": "2015-12-31", "acceptedDate": "2015-12-30 19:00:00", "calendarYear": "2015", "period": "FY", "revenue": 1475000000, "costOfRevenue": 1001000000, "grossProfit": 474000000, "grossProfitRatio": 0.3213559322, "researchAndDevelopmentExpenses": 0, "generalAndAdministrativeExpenses": 131000000, "sellingAndMarketingExpenses": 0, "sellingGeneralAndAdministrativeExpenses": 131000000, "otherExpenses": 22000000, "operatingExpenses": 153000000, "costAndExpenses": 1154000000, "interestIncome": 117000000, "interestExpense": 29000000, "depreciationAndAmortization": 22000000, "ebitda": 343000000, "ebitdaratio": 0.2325423729, "operatingIncome": 321000000, "operatingIncomeRatio": 0.2176271186, "totalOtherIncomeExpensesNet": -29000000, "incomeBeforeTax": 292000000, "incomeBeforeTaxRatio": 0.1979661017, "incomeTaxExpense": 118000000, "netIncome": 174000000, "netIncomeRatio": 0.1179661017, "eps": 1.76, "epsdiluted": 1.76, "weightedAverageShsOut": 99000000, "weightedAverageShsOutDil": 99000000, "link": "", "finalLink": "", "calculatedOtherExpenses": 22000000, "calculatedOperatingExpenses": 153000000, "calculatedNetInterest": 88000000, "calculatedOtherIncome": -117000000, "calculatedIncomeNonControlling": 0, "calculatedEbitda": 343000000}, {"date": "2014-12-31", "symbol": "HGV", "reportedCurrency": "USD", "cik": "0001674168", "fillingDate": "2014-12-31", "acceptedDate": "2014-12-30 19:00:00", "calendarYear": "2014", "period": "FY", "revenue": 1317000000, "costOfRevenue": 884000000, "grossProfit": 433000000, "grossProfitRatio": 0.3287775247, "researchAndDevelopmentExpenses": 0, "generalAndAdministrativeExpenses": 102000000, "sellingAndMarketingExpenses": 0, "sellingGeneralAndAdministrativeExpenses": 102000000, "otherExpenses": 5000000, "operatingExpenses": 120000000, "costAndExpenses": 1004000000, "interestIncome": 0, "interestExpense": 36000000, "depreciationAndAmortization": 18000000, "ebitda": 336000000, "ebitdaratio": 0.2551252847, "operatingIncome": 313000000, "operatingIncomeRatio": 0.2376613516, "totalOtherIncomeExpensesNet": 3000000, "incomeBeforeTax": 280000000, "incomeBeforeTaxRatio": 0.2126044039, "incomeTaxExpense": 113000000, "netIncome": 167000000, "netIncomeRatio": 0.1268033409, "eps": 1.69, "epsdiluted": 1.69, "weightedAverageShsOut": 99000000, "weightedAverageShsOutDil": 99000000, "link": "", "finalLink": "", "calculatedOtherExpenses": 18000000, "calculatedOperatingExpenses": 120000000, "calculatedNetInterest": -36000000, "calculatedOtherIncome": 3000000, "calculatedIncomeNonControlling": 0, "calculatedEbitda": 331000000}, {"date": "2013-12-31", "symbol": "HGV", "reportedCurrency": "USD", "cik": "0001674168", "fillingDate": "2013-12-31", "acceptedDate": "2013-12-30 19:00:00", "calendarYear": "2013", "period": "FY", "revenue": 1224000000, "costOfRevenue": 833000000, "grossProfit": 391000000, "grossProfitRatio": 0.3194444444, "researchAndDevelopmentExpenses": 0, "generalAndAdministrativeExpenses": 126000000, "sellingAndMarketingExpenses": 0, "sellingGeneralAndAdministrativeExpenses": 126000000, "otherExpenses": 16000000, "operatingExpenses": 142000000, "costAndExpenses": 975000000, "interestIncome": 112000000, "interestExpense": 48000000, "depreciationAndAmortization": 16000000, "ebitda": 265000000, "ebitdaratio": 0.216503268, "operatingIncome": 249000000, "operatingIncomeRatio": 0.2034313725, "totalOtherIncomeExpensesNet": 17000000, "incomeBeforeTax": 218000000, "incomeBeforeTaxRatio": 0.1781045752, "incomeTaxExpense": 90000000, "netIncome": 128000000, "netIncomeRatio": 0.1045751634, "eps": 1.29, "epsdiluted": 1.29, "weightedAverageShsOut": 99000000, "weightedAverageShsOutDil": 99000000, "link": "", "finalLink": "", "calculatedOtherExpenses": 16000000, "calculatedOperatingExpenses": 142000000, "calculatedNetInterest": 64000000, "calculatedOtherIncome": -95000000, "calculatedIncomeNonControlling": 0, "calculatedEbitda": 265000000}]}