{"originalCurrency": "USD", "convertedCurrency": "USD", "report": [{"date": "2023-12-31", "symbol": "HHH", "reportedCurrency": "USD", "cik": "0001467831", "fillingDate": "2023-12-31", "acceptedDate": "2023-12-30 19:00:00", "calendarYear": "2023", "period": "FY", "revenue": 1024102000, "costOfRevenue": 590135000, "grossProfit": 433967000, "grossProfitRatio": 0.4237536886, "researchAndDevelopmentExpenses": 0, "generalAndAdministrativeExpenses": 91193000, "sellingAndMarketingExpenses": 0, "sellingGeneralAndAdministrativeExpenses": 91193000, "otherExpenses": 4284000, "operatingExpenses": 318133000, "costAndExpenses": 908268000, "interestIncome": 25750000, "interestExpense": 156951000, "depreciationAndAmortization": 215744000, "ebitda": 306278000, "ebitdaratio": 0.2990698192, "operatingIncome": -528212000, "operatingIncomeRatio": -0.5157806547, "totalOtherIncomeExpensesNet": -699898000, "incomeBeforeTax": -715265000, "incomeBeforeTaxRatio": -0.6984314062, "incomeTaxExpense": -163735000, "netIncome": -551773000, "netIncomeRatio": -0.5387871521, "eps": -11.13, "epsdiluted": -11.13, "weightedAverageShsOut": 49568000, "weightedAverageShsOutDil": 49568000, "link": null, "finalLink": null, "calculatedOtherExpenses": 870986000, "calculatedOperatingExpenses": 962179000, "calculatedNetInterest": -131201000, "calculatedOtherIncome": -55852000, "calculatedIncomeNonControlling": 243000, "calculatedEbitda": -312468000}, {"date": "2022-12-31", "symbol": "HHH", "reportedCurrency": "USD", "cik": "0001467831", "fillingDate": "2022-12-31", "acceptedDate": "2022-12-31 00:00:00", "calendarYear": "2022", "period": "FY", "revenue": 1608488000, "costOfRevenue": 974871000, "grossProfit": 633617000, "grossProfitRatio": 0.3939208748, "researchAndDevelopmentExpenses": 0, "generalAndAdministrativeExpenses": 81772000, "sellingAndMarketingExpenses": 0, "sellingGeneralAndAdministrativeExpenses": 81772000, "otherExpenses": 1909000, "operatingExpenses": 294160000, "costAndExpenses": 1269031000, "interestIncome": 3818000, "interestExpense": 110891000, "depreciationAndAmortization": 200361000, "ebitda": 529087000, "ebitdaratio": 0.3289343781, "operatingIncome": 369135000, "operatingIncomeRatio": 0.2294919204, "totalOtherIncomeExpensesNet": 12752000, "incomeBeforeTax": 245136000, "incomeBeforeTaxRatio": 0.15240151, "incomeTaxExpense": 60500000, "netIncome": 184533000, "netIncomeRatio": 0.1147245115, "eps": 3.65, "epsdiluted": 3.65, "weightedAverageShsOut": 50513000, "weightedAverageShsOutDil": 50558000, "link": null, "finalLink": null, "calculatedOtherExpenses": 182710000, "calculatedOperatingExpenses": 264482000, "calculatedNetInterest": -107073000, "calculatedOtherIncome": -16926000, "calculatedIncomeNonControlling": 103000, "calculatedEbitda": 569496000}, {"date": "2021-12-31", "symbol": "HHH", "reportedCurrency": "USD", "cik": "0001467831", "fillingDate": "2021-12-31", "acceptedDate": "2021-12-31 00:00:00", "calendarYear": "2021", "period": "FY", "revenue": 1427901000, "costOfRevenue": 927894000, "grossProfit": 500007000, "grossProfitRatio": 0.3501692344, "researchAndDevelopmentExpenses": 0, "generalAndAdministrativeExpenses": 81990000, "sellingAndMarketingExpenses": 0, "sellingGeneralAndAdministrativeExpenses": 81990000, "otherExpenses": -11515000, "operatingExpenses": 298146000, "costAndExpenses": 1226040000, "interestIncome": 107000, "interestExpense": 130036000, "depreciationAndAmortization": 205100000, "ebitda": 397216000, "ebitdaratio": 0.2781817507, "operatingIncome": 241872000, "operatingIncomeRatio": 0.1693898947, "totalOtherIncomeExpensesNet": -7855000, "incomeBeforeTax": 64077000, "incomeBeforeTaxRatio": 0.0448749598, "incomeTaxExpense": 15153000, "netIncome": 56100000, "netIncomeRatio": 0.0392884381, "eps": 1.03, "epsdiluted": 1.03, "weightedAverageShsOut": 54596000, "weightedAverageShsOutDil": 54649000, "link": null, "finalLink": null, "calculatedOtherExpenses": 176145000, "calculatedOperatingExpenses": 258135000, "calculatedNetInterest": -129929000, "calculatedOtherIncome": -47866000, "calculatedIncomeNonControlling": -7176000, "calculatedEbitda": 446972000}, {"date": "2020-12-31", "symbol": "HHH", "reportedCurrency": "USD", "cik": "0001467831", "fillingDate": "2020-12-31", "acceptedDate": "2020-12-31 00:00:00", "calendarYear": "2020", "period": "FY", "revenue": 699489000, "costOfRevenue": 497506000, "grossProfit": 201983000, "grossProfitRatio": 0.2887579362, "researchAndDevelopmentExpenses": 0, "generalAndAdministrativeExpenses": 109402000, "sellingAndMarketingExpenses": 0, "sellingGeneralAndAdministrativeExpenses": 109402000, "otherExpenses": 130000, "operatingExpenses": 332748000, "costAndExpenses": 830254000, "interestIncome": 2368000, "interestExpense": 132257000, "depreciationAndAmortization": 217467000, "ebitda": 360169000, "ebitdaratio": 0.5149030221, "operatingIncome": -119561000, "operatingIncomeRatio": -0.1709262047, "totalOtherIncomeExpensesNet": 269134000, "incomeBeforeTax": 8480000, "incomeBeforeTaxRatio": 0.0121231356, "incomeTaxExpense": 11653000, "netIncome": -26154000, "netIncomeRatio": -0.037390152, "eps": -0.5, "epsdiluted": -0.5, "weightedAverageShsOut": 52308000, "weightedAverageShsOutDil": 52308000, "link": null, "finalLink": null, "calculatedOtherExpenses": 212142000, "calculatedOperatingExpenses": 321544000, "calculatedNetInterest": -129889000, "calculatedOtherIncome": 257930000, "calculatedIncomeNonControlling": 22981000, "calculatedEbitda": 97906000}, {"date": "2019-12-31", "symbol": "HHH", "reportedCurrency": "USD", "cik": "0001467831", "fillingDate": "2019-12-31", "acceptedDate": "2019-12-31 00:00:00", "calendarYear": "2019", "period": "FY", "revenue": 1300539000, "costOfRevenue": 873135000, "grossProfit": 427404000, "grossProfitRatio": 0.3286360501, "researchAndDevelopmentExpenses": 0, "generalAndAdministrativeExpenses": 156251000, "sellingAndMarketingExpenses": 0, "sellingGeneralAndAdministrativeExpenses": 156251000, "otherExpenses": 0, "operatingExpenses": 299456000, "costAndExpenses": 1172591000, "interestIncome": 9797000, "interestExpense": 105374000, "depreciationAndAmortization": 155798000, "ebitda": 324172000, "ebitdaratio": 0.24925973, "operatingIncome": 150310000, "operatingIncomeRatio": 0.1155751577, "totalOtherIncomeExpensesNet": 71169000, "incomeBeforeTax": 103540000, "incomeBeforeTaxRatio": 0.079613145, "incomeTaxExpense": 29245000, "netIncome": 73956000, "netIncomeRatio": 0.0568656534, "eps": 1.71, "epsdiluted": 1.71, "weightedAverageShsOut": 43136000, "weightedAverageShsOutDil": 43308000, "link": null, "finalLink": null, "calculatedOtherExpenses": 120843000, "calculatedOperatingExpenses": 277094000, "calculatedNetInterest": -95577000, "calculatedOtherIncome": 48807000, "calculatedIncomeNonControlling": 339000, "calculatedEbitda": 306108000}, {"date": "2018-12-31", "symbol": "HHH", "reportedCurrency": "USD", "cik": "0001467831", "fillingDate": "2018-12-31", "acceptedDate": "2018-12-31 00:00:00", "calendarYear": "2018", "period": "FY", "revenue": 1064537000, "costOfRevenue": 719523000, "grossProfit": 345014000, "grossProfitRatio": 0.3240977063, "researchAndDevelopmentExpenses": 0, "generalAndAdministrativeExpenses": 104625000, "sellingAndMarketingExpenses": 0, "sellingGeneralAndAdministrativeExpenses": 104625000, "otherExpenses": 0, "operatingExpenses": 238204000, "costAndExpenses": 957727000, "interestIncome": 8486000, "interestExpense": 82028000, "depreciationAndAmortization": 126565000, "ebitda": 281815000, "ebitdaratio": 0.2647301127, "operatingIncome": 106810000, "operatingIncomeRatio": 0.1003346995, "totalOtherIncomeExpensesNet": 39950000, "incomeBeforeTax": 73218000, "incomeBeforeTaxRatio": 0.068779197, "incomeTaxExpense": 15492000, "netIncome": 57012000, "netIncomeRatio": 0.0535556773, "eps": 1.32, "epsdiluted": 1.32, "weightedAverageShsOut": 43036000, "weightedAverageShsOutDil": 43237000, "link": null, "finalLink": null, "calculatedOtherExpenses": 133579000, "calculatedOperatingExpenses": 238204000, "calculatedNetInterest": -73542000, "calculatedOtherIncome": 39950000, "calculatedIncomeNonControlling": 714000, "calculatedEbitda": 233375000}, {"date": "2017-12-31", "symbol": "HHH", "reportedCurrency": "USD", "cik": "0001467831", "fillingDate": "2017-12-31", "acceptedDate": "2017-12-31 00:00:00", "calendarYear": "2017", "period": "FY", "revenue": 1100120000, "costOfRevenue": 711389000, "grossProfit": 388731000, "grossProfitRatio": 0.3533532706, "researchAndDevelopmentExpenses": 0, "generalAndAdministrativeExpenses": 89882000, "sellingAndMarketingExpenses": 0, "sellingGeneralAndAdministrativeExpenses": 89882000, "otherExpenses": 0, "operatingExpenses": 221596000, "costAndExpenses": 932985000, "interestIncome": 4043000, "interestExpense": 64568000, "depreciationAndAmortization": 130925000, "ebitda": 328928000, "ebitdaratio": 0.2989928371, "operatingIncome": 218502000, "operatingIncomeRatio": 0.1986165146, "totalOtherIncomeExpensesNet": 14212000, "incomeBeforeTax": 120822000, "incomeBeforeTaxRatio": 0.1098262008, "incomeTaxExpense": -45801000, "netIncome": 168404000, "netIncomeRatio": 0.1530778461, "eps": 4.07, "epsdiluted": 3.91, "weightedAverageShsOut": 41364000, "weightedAverageShsOutDil": 43089000, "link": null, "finalLink": null, "calculatedOtherExpenses": 80347000, "calculatedOperatingExpenses": 170229000, "calculatedNetInterest": -60525000, "calculatedOtherIncome": -37155000, "calculatedIncomeNonControlling": -1781000, "calculatedEbitda": 349427000}, {"date": "2016-12-31", "symbol": "HHH", "reportedCurrency": "USD", "cik": "0001467831", "fillingDate": "2016-12-31", "acceptedDate": "2016-12-31 00:00:00", "calendarYear": "2016", "period": "FY", "revenue": 1035005000, "costOfRevenue": 636395000, "grossProfit": 398610000, "grossProfitRatio": 0.3851285743, "researchAndDevelopmentExpenses": 0, "generalAndAdministrativeExpenses": 86588000, "sellingAndMarketingExpenses": 0, "sellingGeneralAndAdministrativeExpenses": 86588000, "otherExpenses": 0, "operatingExpenses": 176663000, "costAndExpenses": 813058000, "interestIncome": 1359000, "interestExpense": 65724000, "depreciationAndAmortization": 95864000, "ebitda": 375988000, "ebitdaratio": 0.363271675, "operatingIncome": 326762000, "operatingIncomeRatio": 0.3157105521, "totalOtherIncomeExpensesNet": 163194000, "incomeBeforeTax": 320776000, "incomeBeforeTaxRatio": 0.3099270052, "incomeTaxExpense": 118450000, "netIncome": 202303000, "netIncomeRatio": 0.1954608915, "eps": 5.12, "epsdiluted": 4.73, "weightedAverageShsOut": 39492000, "weightedAverageShsOutDil": 42729000, "link": null, "finalLink": null, "calculatedOtherExpenses": -14740000, "calculatedOperatingExpenses": 71848000, "calculatedNetInterest": -64365000, "calculatedOtherIncome": 58379000, "calculatedIncomeNonControlling": 23000, "calculatedEbitda": 422626000}, {"date": "2015-12-31", "symbol": "HHH", "reportedCurrency": "USD", "cik": "0001467831", "fillingDate": "2015-12-31", "acceptedDate": "2015-12-31 00:00:00", "calendarYear": "2015", "period": "FY", "revenue": 797088000, "costOfRevenue": 495781000, "grossProfit": 301307000, "grossProfitRatio": 0.3780097053, "researchAndDevelopmentExpenses": 25466000, "generalAndAdministrativeExpenses": 81345000, "sellingAndMarketingExpenses": 0, "sellingGeneralAndAdministrativeExpenses": 81345000, "otherExpenses": 0, "operatingExpenses": 182543000, "costAndExpenses": 678324000, "interestIncome": 586000, "interestExpense": 59744000, "depreciationAndAmortization": 98997000, "ebitda": 222068000, "ebitdaratio": 0.2785991007, "operatingIncome": 118764000, "operatingIncomeRatio": 0.1489973504, "totalOtherIncomeExpensesNet": 91114000, "incomeBeforeTax": 150720000, "incomeBeforeTaxRatio": 0.1890882813, "incomeTaxExpense": 24001000, "netIncome": 126719000, "netIncomeRatio": 0.1589774278, "eps": 3.21, "epsdiluted": 1.6, "weightedAverageShsOut": 39476324, "weightedAverageShsOutDil": 39476324, "link": null, "finalLink": null, "calculatedOtherExpenses": 75732000, "calculatedOperatingExpenses": 182543000, "calculatedNetInterest": -59158000, "calculatedOtherIncome": 91114000, "calculatedIncomeNonControlling": 0, "calculatedEbitda": 217761000}, {"date": "2014-12-31", "symbol": "HHH", "reportedCurrency": "USD", "cik": "0001467831", "fillingDate": "2014-12-31", "acceptedDate": "2014-12-31 00:00:00", "calendarYear": "2014", "period": "FY", "revenue": 634565000, "costOfRevenue": 366383000, "grossProfit": 268182000, "grossProfitRatio": 0.4226233719, "researchAndDevelopmentExpenses": 0, "generalAndAdministrativeExpenses": 73569000, "sellingAndMarketingExpenses": 0, "sellingGeneralAndAdministrativeExpenses": 73569000, "otherExpenses": -74005000, "operatingExpenses": 101460000, "costAndExpenses": 467843000, "interestIncome": 22531000, "interestExpense": 38624000, "depreciationAndAmortization": 56626000, "ebitda": 195210000, "ebitdaratio": 0.3076280602, "operatingIncome": 166722000, "operatingIncomeRatio": 0.2627343141, "totalOtherIncomeExpensesNet": -111189000, "incomeBeforeTax": 39440000, "incomeBeforeTaxRatio": 0.0621528133, "incomeTaxExpense": 62960000, "netIncome": -23531000, "netIncomeRatio": -0.0370820956, "eps": -0.6, "epsdiluted": -0.6, "weightedAverageShsOut": 39464000, "weightedAverageShsOutDil": 39464000, "link": null, "finalLink": null, "calculatedOtherExpenses": 27891000, "calculatedOperatingExpenses": 101460000, "calculatedNetInterest": -16093000, "calculatedOtherIncome": -111189000, "calculatedIncomeNonControlling": 11000, "calculatedEbitda": 223348000}, {"date": "2013-12-31", "symbol": "HHH", "reportedCurrency": "USD", "cik": "0001467831", "fillingDate": "2013-12-31", "acceptedDate": "2013-12-31 00:00:00", "calendarYear": "2013", "period": "FY", "revenue": 474610000, "costOfRevenue": 306118000, "grossProfit": 168492000, "grossProfitRatio": 0.3550114831, "researchAndDevelopmentExpenses": 0, "generalAndAdministrativeExpenses": 48466000, "sellingAndMarketingExpenses": 0, "sellingGeneralAndAdministrativeExpenses": 48466000, "otherExpenses": -1206000, "operatingExpenses": 57278000, "costAndExpenses": 363396000, "interestIncome": 3185000, "interestExpense": 9759000, "depreciationAndAmortization": 34058000, "ebitda": 161679000, "ebitdaratio": 0.3406565391, "operatingIncome": 111214000, "operatingIncomeRatio": 0.2343271318, "totalOtherIncomeExpensesNet": -168765000, "incomeBeforeTax": -64125000, "incomeBeforeTaxRatio": -0.1351109332, "incomeTaxExpense": 9570000, "netIncome": -73790000, "netIncomeRatio": -0.1554750216, "eps": -1.87, "epsdiluted": -1.87, "weightedAverageShsOut": 39449000, "weightedAverageShsOutDil": 39449000, "link": null, "finalLink": null, "calculatedOtherExpenses": 8812000, "calculatedOperatingExpenses": 57278000, "calculatedNetInterest": -6574000, "calculatedOtherIncome": -168765000, "calculatedIncomeNonControlling": 95000, "calculatedEbitda": 145272000}, {"date": "2012-12-31", "symbol": "HHH", "reportedCurrency": "USD", "cik": "0001467831", "fillingDate": "2012-12-31", "acceptedDate": "2012-12-31 00:00:00", "calendarYear": "2012", "period": "FY", "revenue": 376886000, "costOfRevenue": 244345000, "grossProfit": 132541000, "grossProfitRatio": 0.351673981, "researchAndDevelopmentExpenses": 0, "generalAndAdministrativeExpenses": 34423000, "sellingAndMarketingExpenses": 0, "sellingGeneralAndAdministrativeExpenses": 34423000, "otherExpenses": -20260000, "operatingExpenses": 60076000, "costAndExpenses": 304421000, "interestIncome": 9437000, "interestExpense": 964000, "depreciationAndAmortization": 24525000, "ebitda": 89850000, "ebitdaratio": 0.2384010019, "operatingIncome": 72465000, "operatingIncomeRatio": 0.192272995, "totalOtherIncomeExpensesNet": -201594000, "incomeBeforeTax": -120656000, "incomeBeforeTaxRatio": -0.3201392464, "incomeTaxExpense": 6887000, "netIncome": -128288000, "netIncomeRatio": -0.3403894016, "eps": -3.36, "epsdiluted": -3.36, "weightedAverageShsOut": 38127000, "weightedAverageShsOutDil": 38127000, "link": null, "finalLink": null, "calculatedOtherExpenses": 25653000, "calculatedOperatingExpenses": 60076000, "calculatedNetInterest": 8473000, "calculatedOtherIncome": -201594000, "calculatedIncomeNonControlling": 745000, "calculatedEbitda": 96990000}, {"date": "2011-12-31", "symbol": "HHH", "reportedCurrency": "USD", "cik": "0001467831", "fillingDate": "2011-12-31", "acceptedDate": "2011-12-31 00:00:00", "calendarYear": "2011", "period": "FY", "revenue": 275691000, "costOfRevenue": 196262000, "grossProfit": 79429000, "grossProfitRatio": 0.2881087885, "researchAndDevelopmentExpenses": 0, "generalAndAdministrativeExpenses": 0, "sellingAndMarketingExpenses": 0, "sellingGeneralAndAdministrativeExpenses": 35182000, "otherExpenses": 0, "operatingExpenses": 51964000, "costAndExpenses": 248226000, "interestIncome": 9876000, "interestExpense": 0, "depreciationAndAmortization": 17079000, "ebitda": 54420000, "ebitdaratio": 0.1973949095, "operatingIncome": 27465000, "operatingIncomeRatio": 0.0996224033, "totalOtherIncomeExpensesNet": 92804000, "incomeBeforeTax": 130145000, "incomeBeforeTaxRatio": 0.4720683664, "incomeTaxExpense": -18325000, "netIncome": 147180000, "netIncomeRatio": 0.533858559, "eps": 3.88, "epsdiluted": 1.17, "weightedAverageShsOut": 37908000, "weightedAverageShsOutDil": 38982000, "link": null, "finalLink": null, "calculatedOtherExpenses": 16782000, "calculatedOperatingExpenses": 51964000, "calculatedNetInterest": 9876000, "calculatedOtherIncome": 92804000, "calculatedIncomeNonControlling": 1290000, "calculatedEbitda": 44544000}, {"date": "2010-12-31", "symbol": "HHH", "reportedCurrency": "USD", "cik": "0001467831", "fillingDate": "2010-12-31", "acceptedDate": "2010-12-31 00:00:00", "calendarYear": "2010", "period": "FY", "revenue": 142719000, "costOfRevenue": 111347000, "grossProfit": 31372000, "grossProfitRatio": 0.2198165626, "researchAndDevelopmentExpenses": 0, "generalAndAdministrativeExpenses": 21538000, "sellingAndMarketingExpenses": 0, "sellingGeneralAndAdministrativeExpenses": 21538000, "otherExpenses": 0, "operatingExpenses": 543239000, "costAndExpenses": 654586000, "interestIncome": 369000, "interestExpense": 2422000, "depreciationAndAmortization": 16563000, "ebitda": -494935000, "ebitdaratio": -3.4678984578, "operatingIncome": -511867000, "operatingIncomeRatio": -3.5865371815, "totalOtherIncomeExpensesNet": -140900000, "incomeBeforeTax": -654820000, "incomeBeforeTaxRatio": -4.5881767669, "incomeTaxExpense": -633459000, "netIncome": -69431000, "netIncomeRatio": -0.4864874333, "eps": -1.84, "epsdiluted": -1.84, "weightedAverageShsOut": 37726000, "weightedAverageShsOutDil": 37726000, "link": null, "finalLink": null, "calculatedOtherExpenses": 521701000, "calculatedOperatingExpenses": 543239000, "calculatedNetInterest": -2053000, "calculatedOtherIncome": -140900000, "calculatedIncomeNonControlling": 48070000, "calculatedEbitda": -495304000}, {"date": "2009-12-31", "symbol": "HHH", "reportedCurrency": "USD", "cik": "0001467831", "fillingDate": "2009-12-31", "acceptedDate": "2009-12-31 00:00:00", "calendarYear": "2009", "period": "FY", "revenue": 136348000, "costOfRevenue": 103271000, "grossProfit": 33077000, "grossProfitRatio": 0.2425924839, "researchAndDevelopmentExpenses": 0, "generalAndAdministrativeExpenses": 23023000, "sellingAndMarketingExpenses": 0, "sellingGeneralAndAdministrativeExpenses": 23023000, "otherExpenses": 0, "operatingExpenses": 725752000, "costAndExpenses": 829023000, "interestIncome": 1689000, "interestExpense": 977000, "depreciationAndAmortization": 19841000, "ebitda": -671145000, "ebitdaratio": -4.9222944231, "operatingIncome": -692675000, "operatingIncomeRatio": -5.0801991962, "totalOtherIncomeExpensesNet": 712000, "incomeBeforeTax": -691963000, "incomeBeforeTaxRatio": -5.0749772641, "incomeTaxExpense": -23969000, "netIncome": -703612000, "netIncomeRatio": -5.1604130607, "eps": -18.66, "epsdiluted": -18.66, "weightedAverageShsOut": 37716000, "weightedAverageShsOutDil": 37716000, "link": null, "finalLink": null, "calculatedOtherExpenses": 702729000, "calculatedOperatingExpenses": 725752000, "calculatedNetInterest": 712000, "calculatedOtherIncome": 0, "calculatedIncomeNonControlling": 35618000, "calculatedEbitda": -672834000}]}