{"originalCurrency": "USD", "convertedCurrency": "USD", "report": [{"date": "2023-09-30", "symbol": "HI", "reportedCurrency": "USD", "cik": "0001417398", "fillingDate": "2023-11-15", "acceptedDate": "2023-11-15 17:07:24", "calendarYear": "2023", "period": "FY", "revenue": 2826000000, "costOfRevenue": 1877800000, "grossProfit": 948200000, "grossProfitRatio": 0.335527247, "researchAndDevelopmentExpenses": 25400000, "generalAndAdministrativeExpenses": 0, "sellingAndMarketingExpenses": 0, "sellingGeneralAndAdministrativeExpenses": 544200000, "otherExpenses": 574000000, "operatingExpenses": 653600000, "costAndExpenses": 2531400000, "interestIncome": 0, "interestExpense": 77700000, "depreciationAndAmortization": 79600000, "ebitda": 374200000, "ebitdaratio": 0.132413305, "operatingIncome": 114100000, "operatingIncomeRatio": 0.0403750885, "totalOtherIncomeExpensesNet": 102800000, "incomeBeforeTax": 216900000, "incomeBeforeTaxRatio": 0.0767515924, "incomeTaxExpense": 102800000, "netIncome": 569700000, "netIncomeRatio": 0.2015923567, "eps": 1.81, "epsdiluted": 1.81, "weightedAverageShsOut": 69800000, "weightedAverageShsOutDil": 70100000, "link": "https://www.sec.gov/Archives/edgar/data/1417398/000141739823000094/0001417398-23-000094-index.htm", "finalLink": "https://www.sec.gov/Archives/edgar/data/1417398/000141739823000094/hi-20230930.htm", "calculatedOtherExpenses": 264500000, "calculatedOperatingExpenses": 834100000, "calculatedNetInterest": -77700000, "calculatedOtherIncome": 180500000, "calculatedIncomeNonControlling": -455600000, "calculatedEbitda": 193700000}, {"date": "2022-09-30", "symbol": "HI", "reportedCurrency": "USD", "cik": "0001417398", "fillingDate": "2022-11-16", "acceptedDate": "2022-11-16 16:32:04", "calendarYear": "2022", "period": "FY", "revenue": 2940900000, "costOfRevenue": 1986300000, "grossProfit": 954600000, "grossProfitRatio": 0.3245945119, "researchAndDevelopmentExpenses": 19800000, "generalAndAdministrativeExpenses": 0, "sellingAndMarketingExpenses": 0, "sellingGeneralAndAdministrativeExpenses": 420200000, "otherExpenses": 576100000, "operatingExpenses": 576100000, "costAndExpenses": 2562400000, "interestIncome": 5500000, "interestExpense": 69800000, "depreciationAndAmortization": 54000000, "ebitda": 440900000, "ebitdaratio": 0.1499200925, "operatingIncome": 386900000, "operatingIncomeRatio": 0.1315583665, "totalOtherIncomeExpensesNet": -72900000, "incomeBeforeTax": 314000000, "incomeBeforeTaxRatio": 0.1067700364, "incomeTaxExpense": 98800000, "netIncome": 208900000, "netIncomeRatio": 0.0710326771, "eps": 2.91, "epsdiluted": 2.89, "weightedAverageShsOut": 71700000, "weightedAverageShsOutDil": 72200000, "link": "https://www.sec.gov/Archives/edgar/data/1417398/000141739822000034/0001417398-22-000034-index.htm", "finalLink": "https://www.sec.gov/Archives/edgar/data/1417398/000141739822000034/hi-20220930.htm", "calculatedOtherExpenses": 127700000, "calculatedOperatingExpenses": 567700000, "calculatedNetInterest": -64300000, "calculatedOtherIncome": -8600000, "calculatedIncomeNonControlling": 6300000, "calculatedEbitda": 440900000}, {"date": "2021-09-30", "symbol": "HI", "reportedCurrency": "USD", "cik": "0001417398", "fillingDate": "2021-11-17", "acceptedDate": "2021-11-17 16:56:28", "calendarYear": "2021", "period": "FY", "revenue": 2864800000, "costOfRevenue": 1907500000, "grossProfit": 957300000, "grossProfitRatio": 0.3341594527, "researchAndDevelopmentExpenses": 21400000, "generalAndAdministrativeExpenses": 0, "sellingAndMarketingExpenses": 0, "sellingGeneralAndAdministrativeExpenses": 464900000, "otherExpenses": 582100000, "operatingExpenses": 582100000, "costAndExpenses": 2489600000, "interestIncome": 3400000, "interestExpense": 77600000, "depreciationAndAmortization": 55700000, "ebitda": 431200000, "ebitdaratio": 0.1505166155, "operatingIncome": 375500000, "operatingIncomeRatio": 0.1310737224, "totalOtherIncomeExpensesNet": -21700000, "incomeBeforeTax": 353800000, "incomeBeforeTaxRatio": 0.1234990226, "incomeTaxExpense": 98600000, "netIncome": 249900000, "netIncomeRatio": 0.0872312203, "eps": 3.34, "epsdiluted": 3.31, "weightedAverageShsOut": 74900000, "weightedAverageShsOutDil": 75400000, "link": "https://www.sec.gov/Archives/edgar/data/1417398/000141739821000045/0001417398-21-000045-index.htm", "finalLink": "https://www.sec.gov/Archives/edgar/data/1417398/000141739821000045/hi-20210930.htm", "calculatedOtherExpenses": 95500000, "calculatedOperatingExpenses": 581800000, "calculatedNetInterest": -74200000, "calculatedOtherIncome": 52500000, "calculatedIncomeNonControlling": 5300000, "calculatedEbitda": 431200000}, {"date": "2020-09-30", "symbol": "HI", "reportedCurrency": "USD", "cik": "0001417398", "fillingDate": "2020-11-12", "acceptedDate": "2020-11-12 06:24:40", "calendarYear": "2020", "period": "FY", "revenue": 2517000000, "costOfRevenue": 1703700000, "grossProfit": 813300000, "grossProfitRatio": 0.3231227652, "researchAndDevelopmentExpenses": 18600000, "generalAndAdministrativeExpenses": 0, "sellingAndMarketingExpenses": 0, "sellingGeneralAndAdministrativeExpenses": 433400000, "otherExpenses": 610100000, "operatingExpenses": 610100000, "costAndExpenses": 2313800000, "interestIncome": 3200000, "interestExpense": 77400000, "depreciationAndAmortization": 71900000, "ebitda": 275600000, "ebitdaratio": 0.1094954311, "operatingIncome": 203700000, "operatingIncomeRatio": 0.0809296782, "totalOtherIncomeExpensesNet": -222200000, "incomeBeforeTax": -18500000, "incomeBeforeTaxRatio": -0.0073500199, "incomeTaxExpense": 34900000, "netIncome": -53400000, "netIncomeRatio": -0.021215733, "eps": -0.73, "epsdiluted": -0.73, "weightedAverageShsOut": 73400000, "weightedAverageShsOutDil": 73400000, "link": "https://www.sec.gov/Archives/edgar/data/1417398/000141739820000042/0001417398-20-000042-index.htm", "finalLink": "https://www.sec.gov/Archives/edgar/data/1417398/000141739820000042/hi-20200930.htm", "calculatedOtherExpenses": 157600000, "calculatedOperatingExpenses": 609600000, "calculatedNetInterest": -74200000, "calculatedOtherIncome": -148000000, "calculatedIncomeNonControlling": 0, "calculatedEbitda": 275600000}, {"date": "2019-09-30", "symbol": "HI", "reportedCurrency": "USD", "cik": "0001417398", "fillingDate": "2019-11-13", "acceptedDate": "2019-11-13 16:37:15", "calendarYear": "2019", "period": "FY", "revenue": 1807300000, "costOfRevenue": 1184300000, "grossProfit": 623000000, "grossProfitRatio": 0.344713108, "researchAndDevelopmentExpenses": 10600000, "generalAndAdministrativeExpenses": 0, "sellingAndMarketingExpenses": 0, "sellingGeneralAndAdministrativeExpenses": 343500000, "otherExpenses": 412200000, "operatingExpenses": 412200000, "costAndExpenses": 1596500000, "interestIncome": 32700000, "interestExpense": 27400000, "depreciationAndAmortization": 32500000, "ebitda": 236600000, "ebitdaratio": 0.1309135174, "operatingIncome": 204100000, "operatingIncomeRatio": 0.1129308914, "totalOtherIncomeExpensesNet": -27400000, "incomeBeforeTax": 176700000, "incomeBeforeTaxRatio": 0.0977701544, "incomeTaxExpense": 50500000, "netIncome": 121400000, "netIncomeRatio": 0.0671720246, "eps": 1.93, "epsdiluted": 1.92, "weightedAverageShsOut": 62900000, "weightedAverageShsOutDil": 63300000, "link": "https://www.sec.gov/Archives/edgar/data/1417398/000141739819000037/0001417398-19-000037-index.htm", "finalLink": "https://www.sec.gov/Archives/edgar/data/1417398/000141739819000037/hi201993010-k.htm", "calculatedOtherExpenses": 64800000, "calculatedOperatingExpenses": 418900000, "calculatedNetInterest": 5300000, "calculatedOtherIncome": -32700000, "calculatedIncomeNonControlling": 4800000, "calculatedEbitda": 236600000}, {"date": "2018-09-30", "symbol": "HI", "reportedCurrency": "USD", "cik": "0001417398", "fillingDate": "2018-11-13", "acceptedDate": "2018-11-13 16:43:04", "calendarYear": "2018", "period": "FY", "revenue": 1770100000, "costOfRevenue": 1127200000, "grossProfit": 642900000, "grossProfitRatio": 0.3631998192, "researchAndDevelopmentExpenses": 11700000, "generalAndAdministrativeExpenses": 0, "sellingAndMarketingExpenses": 0, "sellingGeneralAndAdministrativeExpenses": 362400000, "otherExpenses": -600000, "operatingExpenses": 409100000, "costAndExpenses": 1536300000, "interestIncome": 0, "interestExpense": 23300000, "depreciationAndAmortization": 30200000, "ebitda": 263400000, "ebitdaratio": 0.1488051523, "operatingIncome": 233800000, "operatingIncomeRatio": 0.1320829332, "totalOtherIncomeExpensesNet": -64000000, "incomeBeforeTax": 146500000, "incomeBeforeTaxRatio": 0.0827636857, "incomeTaxExpense": 65300000, "netIncome": 76600000, "netIncomeRatio": 0.0432743913, "eps": 1.21, "epsdiluted": 1.2, "weightedAverageShsOut": 63100000, "weightedAverageShsOutDil": 63800000, "link": "https://www.sec.gov/Archives/edgar/data/1417398/000141739818000043/0001417398-18-000043-index.htm", "finalLink": "https://www.sec.gov/Archives/edgar/data/1417398/000141739818000043/hi201893010-k.htm", "calculatedOtherExpenses": 35000000, "calculatedOperatingExpenses": 409100000, "calculatedNetInterest": -23300000, "calculatedOtherIncome": -64000000, "calculatedIncomeNonControlling": 4600000, "calculatedEbitda": 264000000}, {"date": "2017-09-30", "symbol": "HI", "reportedCurrency": "USD", "cik": "0001417398", "fillingDate": "2017-11-15", "acceptedDate": "2017-11-15 16:36:40", "calendarYear": "2017", "period": "FY", "revenue": 1590200000, "costOfRevenue": 998900000, "grossProfit": 591300000, "grossProfitRatio": 0.3718400201, "researchAndDevelopmentExpenses": 11900000, "generalAndAdministrativeExpenses": 0, "sellingAndMarketingExpenses": 0, "sellingGeneralAndAdministrativeExpenses": 327900000, "otherExpenses": -4200000, "operatingExpenses": 373600000, "costAndExpenses": 1372500000, "interestIncome": 0, "interestExpense": 25200000, "depreciationAndAmortization": 29200000, "ebitda": 242700000, "ebitdaratio": 0.1526223117, "operatingIncome": 217700000, "operatingIncomeRatio": 0.1369010187, "totalOtherIncomeExpensesNet": -4200000, "incomeBeforeTax": 188300000, "incomeBeforeTaxRatio": 0.1184127783, "incomeTaxExpense": 59900000, "netIncome": 126200000, "netIncomeRatio": 0.0793610867, "eps": 1.99, "epsdiluted": 1.97, "weightedAverageShsOut": 63600000, "weightedAverageShsOutDil": 64000000, "link": "https://www.sec.gov/Archives/edgar/data/1417398/000141739817000038/0001417398-17-000038-index.htm", "finalLink": "https://www.sec.gov/Archives/edgar/data/1417398/000141739817000038/hi201793010-k.htm", "calculatedOtherExpenses": 33800000, "calculatedOperatingExpenses": 373600000, "calculatedNetInterest": -25200000, "calculatedOtherIncome": -4200000, "calculatedIncomeNonControlling": 2200000, "calculatedEbitda": 246900000}, {"date": "2016-09-30", "symbol": "HI", "reportedCurrency": "USD", "cik": "0001417398", "fillingDate": "2016-11-16", "acceptedDate": "2016-11-16 16:31:54", "calendarYear": "2016", "period": "FY", "revenue": 1538400000, "costOfRevenue": 967800000, "grossProfit": 570600000, "grossProfitRatio": 0.3709048362, "researchAndDevelopmentExpenses": 12600000, "generalAndAdministrativeExpenses": 0, "sellingAndMarketingExpenses": 0, "sellingGeneralAndAdministrativeExpenses": 322300000, "otherExpenses": -1700000, "operatingExpenses": 379500000, "costAndExpenses": 1347300000, "interestIncome": 0, "interestExpense": 25300000, "depreciationAndAmortization": 33000000, "ebitda": 222400000, "ebitdaratio": 0.1445657826, "operatingIncome": 191100000, "operatingIncomeRatio": 0.1242199688, "totalOtherIncomeExpensesNet": -1700000, "incomeBeforeTax": 164100000, "incomeBeforeTaxRatio": 0.1066692668, "incomeTaxExpense": 47300000, "netIncome": 112800000, "netIncomeRatio": 0.0733229329, "eps": 1.78, "epsdiluted": 1.77, "weightedAverageShsOut": 63300000, "weightedAverageShsOutDil": 63800000, "link": "https://www.sec.gov/Archives/edgar/data/1417398/000141739816000085/0001417398-16-000085-index.htm", "finalLink": "https://www.sec.gov/Archives/edgar/data/1417398/000141739816000085/hi201693010-k.htm", "calculatedOtherExpenses": 44600000, "calculatedOperatingExpenses": 379500000, "calculatedNetInterest": -25300000, "calculatedOtherIncome": -1700000, "calculatedIncomeNonControlling": 4000000, "calculatedEbitda": 224100000}, {"date": "2015-09-30", "symbol": "HI", "reportedCurrency": "USD", "cik": "0001417398", "fillingDate": "2015-11-18", "acceptedDate": "2015-11-18 16:56:35", "calendarYear": "2015", "period": "FY", "revenue": 1596800000, "costOfRevenue": 1026400000, "grossProfit": 570400000, "grossProfitRatio": 0.3572144289, "researchAndDevelopmentExpenses": 12700000, "generalAndAdministrativeExpenses": 17700000, "sellingAndMarketingExpenses": 0, "sellingGeneralAndAdministrativeExpenses": 17700000, "otherExpenses": -1400000, "operatingExpenses": 376400000, "costAndExpenses": 1402800000, "interestIncome": 0, "interestExpense": 23800000, "depreciationAndAmortization": 54300000, "ebitda": 244800000, "ebitdaratio": 0.1533066132, "operatingIncome": 194000000, "operatingIncomeRatio": 0.121492986, "totalOtherIncomeExpensesNet": -7900000, "incomeBeforeTax": 162300000, "incomeBeforeTaxRatio": 0.1016407816, "incomeTaxExpense": 49100000, "netIncome": 111400000, "netIncomeRatio": 0.0697645291, "eps": 1.76, "epsdiluted": 1.74, "weightedAverageShsOut": 63200000, "weightedAverageShsOutDil": 63900000, "link": "https://www.sec.gov/Archives/edgar/data/1417398/000141739815000046/0001417398-15-000046-index.htm", "finalLink": "https://www.sec.gov/Archives/edgar/data/1417398/000141739815000046/hi201593010-k.htm", "calculatedOtherExpenses": 346000000, "calculatedOperatingExpenses": 376400000, "calculatedNetInterest": -23800000, "calculatedOtherIncome": -7900000, "calculatedIncomeNonControlling": 1800000, "calculatedEbitda": 248300000}, {"date": "2014-09-30", "symbol": "HI", "reportedCurrency": "USD", "cik": "0001417398", "fillingDate": "2014-11-19", "acceptedDate": "2014-11-19 16:44:15", "calendarYear": "2014", "period": "FY", "revenue": 1667200000, "costOfRevenue": 1078000000, "grossProfit": 589200000, "grossProfitRatio": 0.3534069098, "researchAndDevelopmentExpenses": 14400000, "generalAndAdministrativeExpenses": 0, "sellingAndMarketingExpenses": 0, "sellingGeneralAndAdministrativeExpenses": 348400000, "otherExpenses": 2200000, "operatingExpenses": 414700000, "costAndExpenses": 1492700000, "interestIncome": 0, "interestExpense": 23300000, "depreciationAndAmortization": 58400000, "ebitda": 237900000, "ebitdaratio": 0.1426943378, "operatingIncome": 174500000, "operatingIncomeRatio": 0.1046665067, "totalOtherIncomeExpensesNet": 8700000, "incomeBeforeTax": 159900000, "incomeBeforeTaxRatio": 0.095909309, "incomeTaxExpense": 48700000, "netIncome": 109700000, "netIncomeRatio": 0.0657989443, "eps": 1.74, "epsdiluted": 1.72, "weightedAverageShsOut": 63200000, "weightedAverageShsOutDil": 63800000, "link": "https://www.sec.gov/Archives/edgar/data/1417398/000110465914082061/0001104659-14-082061-index.htm", "finalLink": "https://www.sec.gov/Archives/edgar/data/1417398/000110465914082061/a14-20749_110k.htm", "calculatedOtherExpenses": 51900000, "calculatedOperatingExpenses": 414700000, "calculatedNetInterest": -23300000, "calculatedOtherIncome": 8700000, "calculatedIncomeNonControlling": 1500000, "calculatedEbitda": 232900000}, {"date": "2013-09-30", "symbol": "HI", "reportedCurrency": "USD", "cik": "0001417398", "fillingDate": "2013-11-25", "acceptedDate": "2013-11-25 16:23:13", "calendarYear": "2013", "period": "FY", "revenue": 1553400000, "costOfRevenue": 1026200000, "grossProfit": 527200000, "grossProfitRatio": 0.3393845758, "researchAndDevelopmentExpenses": 0, "generalAndAdministrativeExpenses": 0, "sellingAndMarketingExpenses": 0, "sellingGeneralAndAdministrativeExpenses": 318600000, "otherExpenses": -500000, "operatingExpenses": 409100000, "costAndExpenses": 1435300000, "interestIncome": 0, "interestExpense": 24000000, "depreciationAndAmortization": 89400000, "ebitda": 205700000, "ebitdaratio": 0.1324192095, "operatingIncome": 118100000, "operatingIncomeRatio": 0.07602678, "totalOtherIncomeExpensesNet": -400000, "incomeBeforeTax": 93700000, "incomeBeforeTaxRatio": 0.0603192996, "incomeTaxExpense": 28300000, "netIncome": 63400000, "netIncomeRatio": 0.040813699, "eps": 1.01, "epsdiluted": 1.01, "weightedAverageShsOut": 62700000, "weightedAverageShsOutDil": 63000000, "link": "https://www.sec.gov/Archives/edgar/data/1417398/000110465913086893/0001104659-13-086893-index.htm", "finalLink": "https://www.sec.gov/Archives/edgar/data/1417398/000110465913086893/a13-18885_110k.htm", "calculatedOtherExpenses": 90500000, "calculatedOperatingExpenses": 409100000, "calculatedNetInterest": -24000000, "calculatedOtherIncome": -400000, "calculatedIncomeNonControlling": 2000000, "calculatedEbitda": 207500000}, {"date": "2012-09-30", "symbol": "HI", "reportedCurrency": "USD", "cik": "0001417398", "fillingDate": "2012-11-26", "acceptedDate": "2012-11-26 16:51:56", "calendarYear": "2012", "period": "FY", "revenue": 983200000, "costOfRevenue": 594300000, "grossProfit": 388900000, "grossProfitRatio": 0.3955451587, "researchAndDevelopmentExpenses": 5200000, "generalAndAdministrativeExpenses": 0, "sellingAndMarketingExpenses": 0, "sellingGeneralAndAdministrativeExpenses": 240100000, "otherExpenses": 240100000, "operatingExpenses": 240100000, "costAndExpenses": 834400000, "interestIncome": 0, "interestExpense": 12400000, "depreciationAndAmortization": 40400000, "ebitda": 190800000, "ebitdaratio": 0.1940602116, "operatingIncome": 148800000, "operatingIncomeRatio": 0.1513425549, "totalOtherIncomeExpensesNet": -1500000, "incomeBeforeTax": 134900000, "incomeBeforeTaxRatio": 0.1372050448, "incomeTaxExpense": 30100000, "netIncome": 104800000, "netIncomeRatio": 0.1065907242, "eps": 1.68, "epsdiluted": 1.68, "weightedAverageShsOut": 62200000, "weightedAverageShsOutDil": 62400000, "link": "https://www.sec.gov/Archives/edgar/data/1417398/000110465912079928/0001104659-12-079928-index.htm", "finalLink": "https://www.sec.gov/Archives/edgar/data/1417398/000110465912079928/a12-18804_110k.htm", "calculatedOtherExpenses": -5200000, "calculatedOperatingExpenses": 240100000, "calculatedNetInterest": -12400000, "calculatedOtherIncome": -1500000, "calculatedIncomeNonControlling": 0, "calculatedEbitda": 189200000}, {"date": "2011-09-30", "symbol": "HI", "reportedCurrency": "USD", "cik": "0001417398", "fillingDate": "2011-11-28", "acceptedDate": "2011-11-28 16:14:56", "calendarYear": "2011", "period": "FY", "revenue": 883400000, "costOfRevenue": 513500000, "grossProfit": 369900000, "grossProfitRatio": 0.4187231152, "researchAndDevelopmentExpenses": 0, "generalAndAdministrativeExpenses": 0, "sellingAndMarketingExpenses": 0, "sellingGeneralAndAdministrativeExpenses": 211300000, "otherExpenses": 211300000, "operatingExpenses": 211300000, "costAndExpenses": 724800000, "interestIncome": 11800000, "interestExpense": 11000000, "depreciationAndAmortization": 36100000, "ebitda": 206500000, "ebitdaratio": 0.2337559429, "operatingIncome": 158600000, "operatingIncomeRatio": 0.1795336201, "totalOtherIncomeExpensesNet": -1600000, "incomeBeforeTax": 157800000, "incomeBeforeTaxRatio": 0.1786280281, "incomeTaxExpense": 51700000, "netIncome": 106100000, "netIncomeRatio": 0.1201041431, "eps": 1.71, "epsdiluted": 1.71, "weightedAverageShsOut": 62000000, "weightedAverageShsOutDil": 62000000, "link": "https://www.sec.gov/Archives/edgar/data/1417398/000110465911066404/0001104659-11-066404-index.htm", "finalLink": "https://www.sec.gov/Archives/edgar/data/1417398/000110465911066404/a11-27211_110k.htm", "calculatedOtherExpenses": 0, "calculatedOperatingExpenses": 211300000, "calculatedNetInterest": 800000, "calculatedOtherIncome": -1600000, "calculatedIncomeNonControlling": 0, "calculatedEbitda": 194700000}, {"date": "2010-09-30", "symbol": "HI", "reportedCurrency": "USD", "cik": "0001417398", "fillingDate": "2010-11-23", "acceptedDate": "2010-11-23 13:35:50", "calendarYear": "2010", "period": "FY", "revenue": 749200000, "costOfRevenue": 435900000, "grossProfit": 313300000, "grossProfitRatio": 0.4181793914, "researchAndDevelopmentExpenses": 0, "generalAndAdministrativeExpenses": 0, "sellingAndMarketingExpenses": 0, "sellingGeneralAndAdministrativeExpenses": 0, "otherExpenses": 175400000, "operatingExpenses": 175400000, "costAndExpenses": 611300000, "interestIncome": 12200000, "interestExpense": 4200000, "depreciationAndAmortization": 28500000, "ebitda": 178600000, "ebitdaratio": 0.2383876135, "operatingIncome": 137900000, "operatingIncomeRatio": 0.1840630005, "totalOtherIncomeExpensesNet": 500000, "incomeBeforeTax": 146400000, "incomeBeforeTaxRatio": 0.1954084357, "incomeTaxExpense": 54100000, "netIncome": 92300000, "netIncomeRatio": 0.1231980779, "eps": 1.49, "epsdiluted": 1.49, "weightedAverageShsOut": 61900000, "weightedAverageShsOutDil": 61900000, "link": "https://www.sec.gov/Archives/edgar/data/1417398/000095012310108162/0000950123-10-108162-index.htm", "finalLink": "https://www.sec.gov/Archives/edgar/data/1417398/000095012310108162/c08644e10vk.htm", "calculatedOtherExpenses": 175400000, "calculatedOperatingExpenses": 175400000, "calculatedNetInterest": 8000000, "calculatedOtherIncome": 500000, "calculatedIncomeNonControlling": 0, "calculatedEbitda": 166400000}, {"date": "2009-09-30", "symbol": "HI", "reportedCurrency": "USD", "cik": "0001417398", "fillingDate": "2009-11-24", "acceptedDate": "2009-11-24 10:29:32", "calendarYear": "2009", "period": "FY", "revenue": 649100000, "costOfRevenue": 374700000, "grossProfit": 274400000, "grossProfitRatio": 0.4227391773, "researchAndDevelopmentExpenses": 0, "generalAndAdministrativeExpenses": 0, "sellingAndMarketingExpenses": 0, "sellingGeneralAndAdministrativeExpenses": 0, "otherExpenses": 119400000, "operatingExpenses": 119400000, "costAndExpenses": 494100000, "interestIncome": 13500000, "interestExpense": 2100000, "depreciationAndAmortization": 18600000, "ebitda": 187100000, "ebitdaratio": 0.2882452627, "operatingIncome": 155000000, "operatingIncomeRatio": 0.2387921738, "totalOtherIncomeExpensesNet": -5600000, "incomeBeforeTax": 160800000, "incomeBeforeTaxRatio": 0.2477276229, "incomeTaxExpense": 58500000, "netIncome": 102300000, "netIncomeRatio": 0.1576028347, "eps": 1.66, "epsdiluted": 1.66, "weightedAverageShsOut": 61700000, "weightedAverageShsOutDil": 61700000, "link": "https://www.sec.gov/Archives/edgar/data/1417398/000095012309065475/0000950123-09-065475-index.htm", "finalLink": "https://www.sec.gov/Archives/edgar/data/1417398/000095012309065475/c92661e10vk.htm", "calculatedOtherExpenses": 119400000, "calculatedOperatingExpenses": 119400000, "calculatedNetInterest": 11400000, "calculatedOtherIncome": -5600000, "calculatedIncomeNonControlling": 0, "calculatedEbitda": 173600000}, {"date": "2008-09-30", "symbol": "HI", "reportedCurrency": "USD", "cik": "0001417398", "fillingDate": "2008-12-09", "acceptedDate": "2008-12-09 14:54:40", "calendarYear": "2008", "period": "FY", "revenue": 678100000, "costOfRevenue": 397600000, "grossProfit": 280500000, "grossProfitRatio": 0.413655803, "researchAndDevelopmentExpenses": 0, "generalAndAdministrativeExpenses": 0, "sellingAndMarketingExpenses": 0, "sellingGeneralAndAdministrativeExpenses": 130900000, "otherExpenses": 0, "operatingExpenses": 130900000, "costAndExpenses": 528500000, "interestIncome": 0, "interestExpense": -2200000, "depreciationAndAmortization": 19100000, "ebitda": 168700000, "ebitdaratio": 0.2487833653, "operatingIncome": 149600000, "operatingIncomeRatio": 0.2206164283, "totalOtherIncomeExpensesNet": 3700000, "incomeBeforeTax": 153300000, "incomeBeforeTaxRatio": 0.2260728506, "incomeTaxExpense": 60100000, "netIncome": 93200000, "netIncomeRatio": 0.137442855, "eps": 1.49, "epsdiluted": 1.49, "weightedAverageShsOut": 62500000, "weightedAverageShsOutDil": 62500000, "link": "https://www.sec.gov/Archives/edgar/data/1417398/000136231008008000/0001362310-08-008000-index.htm", "finalLink": "https://www.sec.gov/Archives/edgar/data/1417398/000136231008008000/c78055e10vk.htm", "calculatedOtherExpenses": 0, "calculatedOperatingExpenses": 130900000, "calculatedNetInterest": 2200000, "calculatedOtherIncome": 1500000, "calculatedIncomeNonControlling": 0, "calculatedEbitda": 168700000}, {"date": "2007-09-30", "symbol": "HI", "reportedCurrency": "USD", "cik": "0001417398", "fillingDate": "2007-09-30", "acceptedDate": "2007-09-29 20:00:00", "calendarYear": "2007", "period": "FY", "revenue": 667200000, "costOfRevenue": 388600000, "grossProfit": 278600000, "grossProfitRatio": 0.4175659472, "researchAndDevelopmentExpenses": 0, "generalAndAdministrativeExpenses": 0, "sellingAndMarketingExpenses": 0, "sellingGeneralAndAdministrativeExpenses": 0, "otherExpenses": 117900000, "operatingExpenses": 117900000, "costAndExpenses": 506500000, "interestIncome": 1400000, "interestExpense": 1400000, "depreciationAndAmortization": 18500000, "ebitda": 179200000, "ebitdaratio": 0.2685851319, "operatingIncome": 160700000, "operatingIncomeRatio": 0.2408573141, "totalOtherIncomeExpensesNet": -3700000, "incomeBeforeTax": 157000000, "incomeBeforeTaxRatio": 0.2353117506, "incomeTaxExpense": 57500000, "netIncome": 99500000, "netIncomeRatio": 0.1491306954, "eps": 1.59, "epsdiluted": 1.59, "weightedAverageShsOut": 62500000, "weightedAverageShsOutDil": 62500000, "link": "", "finalLink": "", "calculatedOtherExpenses": 117900000, "calculatedOperatingExpenses": 117900000, "calculatedNetInterest": 0, "calculatedOtherIncome": -3700000, "calculatedIncomeNonControlling": 0, "calculatedEbitda": 179200000}, {"date": "2006-09-30", "symbol": "HI", "reportedCurrency": "USD", "cik": "0001417398", "fillingDate": "2006-09-30", "acceptedDate": "2006-09-29 20:00:00", "calendarYear": "2006", "period": "FY", "revenue": 1962900000, "costOfRevenue": 1113100000, "grossProfit": 849800000, "grossProfitRatio": 0.4329308676, "researchAndDevelopmentExpenses": 0, "generalAndAdministrativeExpenses": 0, "sellingAndMarketingExpenses": 0, "sellingGeneralAndAdministrativeExpenses": 0, "otherExpenses": 526800000, "operatingExpenses": 526800000, "costAndExpenses": 1639900000, "interestIncome": 42700000, "interestExpense": 21300000, "depreciationAndAmortization": 108800000, "ebitda": 474500000, "ebitdaratio": 0.2417341688, "operatingIncome": 323000000, "operatingIncomeRatio": 0.1645524479, "totalOtherIncomeExpensesNet": -5400000, "incomeBeforeTax": 339000000, "incomeBeforeTaxRatio": 0.1727036528, "incomeTaxExpense": 117500000, "netIncome": 221200000, "netIncomeRatio": 0.1126904071, "eps": 1.82, "epsdiluted": 1.82, "weightedAverageShsOut": 62300000, "weightedAverageShsOutDil": 62300000, "link": "", "finalLink": "", "calculatedOtherExpenses": 526800000, "calculatedOperatingExpenses": 526800000, "calculatedNetInterest": 21400000, "calculatedOtherIncome": -5400000, "calculatedIncomeNonControlling": 300000, "calculatedEbitda": 431800000}, {"date": "2005-09-30", "symbol": "HI", "reportedCurrency": "USD", "cik": "0001417398", "fillingDate": "2005-09-30", "acceptedDate": "2005-09-29 20:00:00", "calendarYear": "2005", "period": "FY", "revenue": 659400000, "costOfRevenue": 0, "grossProfit": 659400000, "grossProfitRatio": 1, "researchAndDevelopmentExpenses": 0, "generalAndAdministrativeExpenses": 0, "sellingAndMarketingExpenses": 0, "sellingGeneralAndAdministrativeExpenses": 0, "otherExpenses": 0, "operatingExpenses": 0, "costAndExpenses": 0, "interestIncome": 0, "interestExpense": 0, "depreciationAndAmortization": 0, "ebitda": 659400000, "ebitdaratio": 1, "operatingIncome": 659400000, "operatingIncomeRatio": 1, "totalOtherIncomeExpensesNet": 0, "incomeBeforeTax": 0, "incomeBeforeTaxRatio": 0, "incomeTaxExpense": -102800000, "netIncome": 102800000, "netIncomeRatio": 0.1558993024, "eps": 1.64, "epsdiluted": 1.64, "weightedAverageShsOut": 62682927, "weightedAverageShsOutDil": 62682927, "link": "", "finalLink": "", "calculatedOtherExpenses": 0, "calculatedOperatingExpenses": 0, "calculatedNetInterest": 0, "calculatedOtherIncome": -659400000, "calculatedIncomeNonControlling": 0, "calculatedEbitda": 659400000}, {"date": "2004-09-30", "symbol": "HI", "reportedCurrency": "USD", "cik": "0001417398", "fillingDate": "2004-09-30", "acceptedDate": "2004-09-29 20:00:00", "calendarYear": "2004", "period": "FY", "revenue": 640300000, "costOfRevenue": 0, "grossProfit": 640300000, "grossProfitRatio": 1, "researchAndDevelopmentExpenses": 0, "generalAndAdministrativeExpenses": 0, "sellingAndMarketingExpenses": 0, "sellingGeneralAndAdministrativeExpenses": 0, "otherExpenses": 0, "operatingExpenses": 0, "costAndExpenses": 0, "interestIncome": 0, "interestExpense": 0, "depreciationAndAmortization": 0, "ebitda": 640300000, "ebitdaratio": 1, "operatingIncome": 640300000, "operatingIncomeRatio": 1, "totalOtherIncomeExpensesNet": 0, "incomeBeforeTax": 0, "incomeBeforeTaxRatio": 0, "incomeTaxExpense": -113800000, "netIncome": 113800000, "netIncomeRatio": 0.1777291894, "eps": 1.82, "epsdiluted": 1.82, "weightedAverageShsOut": 62527473, "weightedAverageShsOutDil": 62527473, "link": "", "finalLink": "", "calculatedOtherExpenses": 0, "calculatedOperatingExpenses": 0, "calculatedNetInterest": 0, "calculatedOtherIncome": -640300000, "calculatedIncomeNonControlling": 0, "calculatedEbitda": 640300000}, {"date": "2003-09-30", "symbol": "HI", "reportedCurrency": "USD", "cik": "0001417398", "fillingDate": "2003-09-30", "acceptedDate": "2003-09-29 20:00:00", "calendarYear": "2003", "period": "FY", "revenue": 1693900000, "costOfRevenue": 0, "grossProfit": 1693900000, "grossProfitRatio": 1, "researchAndDevelopmentExpenses": 0, "generalAndAdministrativeExpenses": 0, "sellingAndMarketingExpenses": 0, "sellingGeneralAndAdministrativeExpenses": 0, "otherExpenses": 1362600000, "operatingExpenses": 1362600000, "costAndExpenses": 1362600000, "interestIncome": 0, "interestExpense": 0, "depreciationAndAmortization": 0, "ebitda": 331300000, "ebitdaratio": 0.1955841549, "operatingIncome": 331300000, "operatingIncomeRatio": 0.1955841549, "totalOtherIncomeExpensesNet": -51000000, "incomeBeforeTax": 280300000, "incomeBeforeTaxRatio": 0.1654761202, "incomeTaxExpense": 99700000, "netIncome": 189000000, "netIncomeRatio": 0.1115768345, "eps": 3.02, "epsdiluted": 3.02, "weightedAverageShsOut": 62500000, "weightedAverageShsOutDil": 62682927, "link": "", "finalLink": "", "calculatedOtherExpenses": 1362600000, "calculatedOperatingExpenses": 1362600000, "calculatedNetInterest": 0, "calculatedOtherIncome": -51000000, "calculatedIncomeNonControlling": -8400000, "calculatedEbitda": 331300000}, {"date": "2002-09-30", "symbol": "HI", "reportedCurrency": "USD", "cik": "0001417398", "fillingDate": "2002-09-30", "acceptedDate": "2002-09-29 20:00:00", "calendarYear": "2002", "period": "FY", "revenue": 1736000000, "costOfRevenue": 0, "grossProfit": 1736000000, "grossProfitRatio": 1, "researchAndDevelopmentExpenses": 0, "generalAndAdministrativeExpenses": 0, "sellingAndMarketingExpenses": 0, "sellingGeneralAndAdministrativeExpenses": 0, "otherExpenses": 1690000000, "operatingExpenses": 1690000000, "costAndExpenses": 1690000000, "interestIncome": 0, "interestExpense": 0, "depreciationAndAmortization": 0, "ebitda": 46000000, "ebitdaratio": 0.0264976959, "operatingIncome": 46000000, "operatingIncomeRatio": 0.0264976959, "totalOtherIncomeExpensesNet": -27000000, "incomeBeforeTax": 19000000, "incomeBeforeTaxRatio": 0.0109447005, "incomeTaxExpense": -37000000, "netIncome": 44000000, "netIncomeRatio": 0.0253456221, "eps": 0.7, "epsdiluted": 0.7, "weightedAverageShsOut": 62500000, "weightedAverageShsOutDil": 62682927, "link": "", "finalLink": "", "calculatedOtherExpenses": 1690000000, "calculatedOperatingExpenses": 1690000000, "calculatedNetInterest": 0, "calculatedOtherIncome": -27000000, "calculatedIncomeNonControlling": 12000000, "calculatedEbitda": 46000000}, {"date": "2001-09-30", "symbol": "HI", "reportedCurrency": "USD", "cik": "0001417398", "fillingDate": "2001-09-30", "acceptedDate": "2001-09-29 20:00:00", "calendarYear": "2001", "period": "FY", "revenue": 1673000000, "costOfRevenue": 0, "grossProfit": 1673000000, "grossProfitRatio": 1, "researchAndDevelopmentExpenses": 0, "generalAndAdministrativeExpenses": 0, "sellingAndMarketingExpenses": 0, "sellingGeneralAndAdministrativeExpenses": 0, "otherExpenses": 1431000000, "operatingExpenses": 1431000000, "costAndExpenses": 1431000000, "interestIncome": 0, "interestExpense": 0, "depreciationAndAmortization": 0, "ebitda": 242000000, "ebitdaratio": 0.1446503288, "operatingIncome": 242000000, "operatingIncomeRatio": 0.1446503288, "totalOtherIncomeExpensesNet": -21000000, "incomeBeforeTax": 221000000, "incomeBeforeTaxRatio": 0.1320980275, "incomeTaxExpense": 52000000, "netIncome": 170000000, "netIncomeRatio": 0.1016138673, "eps": 2.72, "epsdiluted": 2.72, "weightedAverageShsOut": 62500000, "weightedAverageShsOutDil": 62682927, "link": "", "finalLink": "", "calculatedOtherExpenses": 1431000000, "calculatedOperatingExpenses": 1431000000, "calculatedNetInterest": 0, "calculatedOtherIncome": -21000000, "calculatedIncomeNonControlling": -1000000, "calculatedEbitda": 242000000}, {"date": "2000-09-30", "symbol": "HI", "reportedCurrency": "USD", "cik": "0001417398", "fillingDate": "2000-09-30", "acceptedDate": "2000-09-29 20:00:00", "calendarYear": "2000", "period": "FY", "revenue": 1637000000, "costOfRevenue": 0, "grossProfit": 1637000000, "grossProfitRatio": 1, "researchAndDevelopmentExpenses": 0, "generalAndAdministrativeExpenses": 0, "sellingAndMarketingExpenses": 0, "sellingGeneralAndAdministrativeExpenses": 0, "otherExpenses": 1433000000, "operatingExpenses": 1433000000, "costAndExpenses": 1433000000, "interestIncome": 0, "interestExpense": 0, "depreciationAndAmortization": 0, "ebitda": 204000000, "ebitdaratio": 0.124618204, "operatingIncome": 204000000, "operatingIncomeRatio": 0.124618204, "totalOtherIncomeExpensesNet": 0, "incomeBeforeTax": 204000000, "incomeBeforeTaxRatio": 0.124618204, "incomeTaxExpense": 74000000, "netIncome": 154000000, "netIncomeRatio": 0.0940745266, "eps": 2.46, "epsdiluted": 2.46, "weightedAverageShsOut": 62500000, "weightedAverageShsOutDil": 62682927, "link": "", "finalLink": "", "calculatedOtherExpenses": 1433000000, "calculatedOperatingExpenses": 1433000000, "calculatedNetInterest": 0, "calculatedOtherIncome": 0, "calculatedIncomeNonControlling": -24000000, "calculatedEbitda": 204000000}]}