{"originalCurrency": "USD", "convertedCurrency": "USD", "report": [{"date": "2023-12-31", "symbol": "HIG", "reportedCurrency": "USD", "cik": "0000874766", "fillingDate": "2023-12-31", "acceptedDate": "2023-12-30 19:00:00", "calendarYear": "2023", "period": "FY", "revenue": 24527000000, "costOfRevenue": 0, "grossProfit": 24527000000, "grossProfitRatio": 1, "researchAndDevelopmentExpenses": 0, "generalAndAdministrativeExpenses": 0, "sellingAndMarketingExpenses": 0, "sellingGeneralAndAdministrativeExpenses": 4873000000, "otherExpenses": -2115000000, "operatingExpenses": 2115000000, "costAndExpenses": -21234000000, "interestIncome": 199000000, "interestExpense": 199000000, "depreciationAndAmortization": 510000000, "ebitda": -234000000, "ebitdaratio": -0.0095405064, "operatingIncome": 3301000000, "operatingIncomeRatio": 0.1345863742, "totalOtherIncomeExpensesNet": 3088000000, "incomeBeforeTax": 3088000000, "incomeBeforeTaxRatio": 0.1259020671, "incomeTaxExpense": 584000000, "netIncome": 2504000000, "netIncomeRatio": 0.1020915726, "eps": 8.09, "epsdiluted": 7.97, "weightedAverageShsOut": 307100000, "weightedAverageShsOutDil": 311500000, "link": null, "finalLink": null, "calculatedOtherExpenses": 16353000000, "calculatedOperatingExpenses": 21226000000, "calculatedNetInterest": 0, "calculatedOtherIncome": -213000000, "calculatedIncomeNonControlling": 0, "calculatedEbitda": 3811000000}, {"date": "2022-12-31", "symbol": "HIG", "reportedCurrency": "USD", "cik": "0000874766", "fillingDate": "2023-02-24", "acceptedDate": "2023-02-24 16:04:22", "calendarYear": "2022", "period": "FY", "revenue": 22362000000, "costOfRevenue": 4830000000, "grossProfit": 17532000000, "grossProfitRatio": 0.784008586, "researchAndDevelopmentExpenses": 0, "generalAndAdministrativeExpenses": 0, "sellingAndMarketingExpenses": 0, "sellingGeneralAndAdministrativeExpenses": 4830000000, "otherExpenses": -14507000000, "operatingExpenses": -14507000000, "costAndExpenses": 20104000000, "interestIncome": 207000000, "interestExpense": 213000000, "depreciationAndAmortization": 71000000, "ebitda": 3096000000, "ebitdaratio": 0.1384491548, "operatingIncome": 3025000000, "operatingIncomeRatio": 0.1352741257, "totalOtherIncomeExpensesNet": -767000000, "incomeBeforeTax": 2258000000, "incomeBeforeTaxRatio": 0.1009748681, "incomeTaxExpense": 443000000, "netIncome": 1819000000, "netIncomeRatio": 0.0813433503, "eps": 5.52, "epsdiluted": 5.44, "weightedAverageShsOut": 324800000, "weightedAverageShsOutDil": 329500000, "link": "https://www.sec.gov/Archives/edgar/data/874766/000087476623000023/0000874766-23-000023-index.htm", "finalLink": "https://www.sec.gov/Archives/edgar/data/874766/000087476623000023/hig-20221231.htm", "calculatedOtherExpenses": 9677000000, "calculatedOperatingExpenses": 14507000000, "calculatedNetInterest": -6000000, "calculatedOtherIncome": -761000000, "calculatedIncomeNonControlling": -4000000, "calculatedEbitda": 3096000000}, {"date": "2021-12-31", "symbol": "HIG", "reportedCurrency": "USD", "cik": "0000874766", "fillingDate": "2022-02-18", "acceptedDate": "2022-02-18 16:08:25", "calendarYear": "2021", "period": "FY", "revenue": 22390000000, "costOfRevenue": 4779000000, "grossProfit": 17611000000, "grossProfitRatio": 0.7865564984, "researchAndDevelopmentExpenses": 0, "generalAndAdministrativeExpenses": 0, "sellingAndMarketingExpenses": 0, "sellingGeneralAndAdministrativeExpenses": 4779000000, "otherExpenses": -19575000000, "operatingExpenses": -19575000000, "costAndExpenses": 19494000000, "interestIncome": 193000000, "interestExpense": 234000000, "depreciationAndAmortization": 71000000, "ebitda": 2886000000, "ebitdaratio": 0.1288968289, "operatingIncome": 2815000000, "operatingIncomeRatio": 0.1257257704, "totalOtherIncomeExpensesNet": 81000000, "incomeBeforeTax": 2896000000, "incomeBeforeTaxRatio": 0.1293434569, "incomeTaxExpense": 531000000, "netIncome": 2371000000, "netIncomeRatio": 0.1058954891, "eps": 6.71, "epsdiluted": 6.62, "weightedAverageShsOut": 349100000, "weightedAverageShsOutDil": 354100000, "link": "https://www.sec.gov/Archives/edgar/data/874766/000087476622000019/0000874766-22-000019-index.htm", "finalLink": "https://www.sec.gov/Archives/edgar/data/874766/000087476622000019/hig-20211231.htm", "calculatedOtherExpenses": 10017000000, "calculatedOperatingExpenses": 14796000000, "calculatedNetInterest": -41000000, "calculatedOtherIncome": 122000000, "calculatedIncomeNonControlling": -6000000, "calculatedEbitda": 2886000000}, {"date": "2020-12-31", "symbol": "HIG", "reportedCurrency": "USD", "cik": "0000874766", "fillingDate": "2021-02-19", "acceptedDate": "2021-02-19 16:23:11", "calendarYear": "2020", "period": "FY", "revenue": 20523000000, "costOfRevenue": 4480000000, "grossProfit": 16043000000, "grossProfitRatio": 0.7817083272, "researchAndDevelopmentExpenses": 0, "generalAndAdministrativeExpenses": 0, "sellingAndMarketingExpenses": 0, "sellingGeneralAndAdministrativeExpenses": 4480000000, "otherExpenses": -18529000000, "operatingExpenses": -18529000000, "costAndExpenses": 18403000000, "interestIncome": 207000000, "interestExpense": 236000000, "depreciationAndAmortization": 72000000, "ebitda": 2066000000, "ebitdaratio": 0.1006675437, "operatingIncome": 1994000000, "operatingIncomeRatio": 0.0971592847, "totalOtherIncomeExpensesNet": 126000000, "incomeBeforeTax": 2120000000, "incomeBeforeTaxRatio": 0.103298738, "incomeTaxExpense": 383000000, "netIncome": 1737000000, "netIncomeRatio": 0.084636749, "eps": 4.79, "epsdiluted": 4.76, "weightedAverageShsOut": 358300000, "weightedAverageShsOutDil": 360600000, "link": "https://www.sec.gov/Archives/edgar/data/874766/000087476621000022/0000874766-21-000022-index.htm", "finalLink": "https://www.sec.gov/Archives/edgar/data/874766/000087476621000022/hig-20201231.htm", "calculatedOtherExpenses": 9569000000, "calculatedOperatingExpenses": 14049000000, "calculatedNetInterest": -29000000, "calculatedOtherIncome": 155000000, "calculatedIncomeNonControlling": 0, "calculatedEbitda": 2066000000}, {"date": "2019-12-31", "symbol": "HIG", "reportedCurrency": "USD", "cik": "0000874766", "fillingDate": "2020-02-21", "acceptedDate": "2020-02-21 16:18:28", "calendarYear": "2019", "period": "FY", "revenue": 20740000000, "costOfRevenue": 4580000000, "grossProfit": 16160000000, "grossProfitRatio": 0.7791706847, "researchAndDevelopmentExpenses": 0, "generalAndAdministrativeExpenses": 0, "sellingAndMarketingExpenses": 0, "sellingGeneralAndAdministrativeExpenses": 4472000000, "otherExpenses": -18350000000, "operatingExpenses": -18350000000, "costAndExpenses": 18180000000, "interestIncome": 255000000, "interestExpense": 259000000, "depreciationAndAmortization": 66000000, "ebitda": 2456000000, "ebitdaratio": 0.1184185149, "operatingIncome": 2390000000, "operatingIncomeRatio": 0.1152362584, "totalOtherIncomeExpensesNet": 170000000, "incomeBeforeTax": 2560000000, "incomeBeforeTaxRatio": 0.1234329797, "incomeTaxExpense": 475000000, "netIncome": 2085000000, "netIncomeRatio": 0.1005303761, "eps": 5.78, "epsdiluted": 5.71, "weightedAverageShsOut": 360900000, "weightedAverageShsOutDil": 364900000, "link": "https://www.sec.gov/Archives/edgar/data/874766/000087476620000020/0000874766-20-000020-index.htm", "finalLink": "https://www.sec.gov/Archives/edgar/data/874766/000087476620000020/hig1231201910-kdocument.htm", "calculatedOtherExpenses": 9298000000, "calculatedOperatingExpenses": 13770000000, "calculatedNetInterest": -4000000, "calculatedOtherIncome": 174000000, "calculatedIncomeNonControlling": 0, "calculatedEbitda": 2456000000}, {"date": "2018-12-31", "symbol": "HIG", "reportedCurrency": "USD", "cik": "0000874766", "fillingDate": "2019-02-22", "acceptedDate": "2019-02-22 16:09:46", "calendarYear": "2018", "period": "FY", "revenue": 18955000000, "costOfRevenue": 4281000000, "grossProfit": 14674000000, "grossProfitRatio": 0.774149301, "researchAndDevelopmentExpenses": 0, "generalAndAdministrativeExpenses": 0, "sellingAndMarketingExpenses": 0, "sellingGeneralAndAdministrativeExpenses": 4234000000, "otherExpenses": 16898000000, "operatingExpenses": 16898000000, "costAndExpenses": 17202000000, "interestIncome": 0, "interestExpense": 298000000, "depreciationAndAmortization": 467000000, "ebitda": 2840000000, "ebitdaratio": 0.1498285413, "operatingIncome": 2373000000, "operatingIncomeRatio": 0.1251912424, "totalOtherIncomeExpensesNet": 105000000, "incomeBeforeTax": 1753000000, "incomeBeforeTaxRatio": 0.0924821947, "incomeTaxExpense": 268000000, "netIncome": 1807000000, "netIncomeRatio": 0.0953310472, "eps": 5.04, "epsdiluted": 4.96, "weightedAverageShsOut": 358400000, "weightedAverageShsOutDil": 364100000, "link": "https://www.sec.gov/Archives/edgar/data/874766/000087476619000018/0000874766-19-000018-index.htm", "finalLink": "https://www.sec.gov/Archives/edgar/data/874766/000087476619000018/hig1231201810-kdocument.htm", "calculatedOtherExpenses": 8067000000, "calculatedOperatingExpenses": 12301000000, "calculatedNetInterest": -298000000, "calculatedOtherIncome": -322000000, "calculatedIncomeNonControlling": -322000000, "calculatedEbitda": 2840000000}, {"date": "2017-12-31", "symbol": "HIG", "reportedCurrency": "USD", "cik": "0000874766", "fillingDate": "2018-02-23", "acceptedDate": "2018-02-23 16:27:29", "calendarYear": "2017", "period": "FY", "revenue": 16974000000, "costOfRevenue": 4375000000, "grossProfit": 12599000000, "grossProfitRatio": 0.7422528573, "researchAndDevelopmentExpenses": 0, "generalAndAdministrativeExpenses": 0, "sellingAndMarketingExpenses": 0, "sellingGeneralAndAdministrativeExpenses": 4546000000, "otherExpenses": 16123000000, "operatingExpenses": 16123000000, "costAndExpenses": 16251000000, "interestIncome": 0, "interestExpense": 316000000, "depreciationAndAmortization": 399000000, "ebitda": -1431000000, "ebitdaratio": -0.0843054083, "operatingIncome": -262000000, "operatingIncomeRatio": -0.0154353717, "totalOtherIncomeExpensesNet": 85000000, "incomeBeforeTax": 723000000, "incomeBeforeTaxRatio": 0.0425945564, "incomeTaxExpense": 985000000, "netIncome": -3131000000, "netIncomeRatio": -0.1844585837, "eps": -8.61, "epsdiluted": -8.45, "weightedAverageShsOut": 363700000, "weightedAverageShsOutDil": 370500000, "link": "https://www.sec.gov/Archives/edgar/data/874766/000087476618000011/0000874766-18-000011-index.htm", "finalLink": "https://www.sec.gov/Archives/edgar/data/874766/000087476618000011/hig1231201710-kdocument.htm", "calculatedOtherExpenses": 8315000000, "calculatedOperatingExpenses": 12861000000, "calculatedNetInterest": -316000000, "calculatedOtherIncome": 1301000000, "calculatedIncomeNonControlling": 2869000000, "calculatedEbitda": 137000000}, {"date": "2016-12-31", "symbol": "HIG", "reportedCurrency": "USD", "cik": "0000874766", "fillingDate": "2017-02-24", "acceptedDate": "2017-02-24 16:06:01", "calendarYear": "2016", "period": "FY", "revenue": 18300000000, "costOfRevenue": 3633000000, "grossProfit": 14667000000, "grossProfitRatio": 0.8014754098, "researchAndDevelopmentExpenses": 0, "generalAndAdministrativeExpenses": 0, "sellingAndMarketingExpenses": 0, "sellingGeneralAndAdministrativeExpenses": 3523000000, "otherExpenses": 14867000000, "operatingExpenses": 14867000000, "costAndExpenses": 17496000000, "interestIncome": 0, "interestExpense": 339000000, "depreciationAndAmortization": 398000000, "ebitda": 1541000000, "ebitdaratio": 0.0842076503, "operatingIncome": 1143000000, "operatingIncomeRatio": 0.0624590164, "totalOtherIncomeExpensesNet": 86000000, "incomeBeforeTax": 804000000, "incomeBeforeTaxRatio": 0.0439344262, "incomeTaxExpense": -92000000, "netIncome": 896000000, "netIncomeRatio": 0.0489617486, "eps": 2.31, "epsdiluted": 2.27, "weightedAverageShsOut": 387700000, "weightedAverageShsOutDil": 394800000, "link": "https://www.sec.gov/Archives/edgar/data/874766/000087476617000010/0000874766-17-000010-index.htm", "finalLink": "https://www.sec.gov/Archives/edgar/data/874766/000087476617000010/hig1231201610-kdocument.htm", "calculatedOtherExpenses": 10001000000, "calculatedOperatingExpenses": 13524000000, "calculatedNetInterest": -339000000, "calculatedOtherIncome": 0, "calculatedIncomeNonControlling": 0, "calculatedEbitda": 1541000000}, {"date": "2015-12-31", "symbol": "HIG", "reportedCurrency": "USD", "cik": "0000874766", "fillingDate": "2016-02-26", "acceptedDate": "2016-02-26 16:20:31", "calendarYear": "2015", "period": "FY", "revenue": 18377000000, "costOfRevenue": 3772000000, "grossProfit": 14605000000, "grossProfitRatio": 0.7947434293, "researchAndDevelopmentExpenses": 0, "generalAndAdministrativeExpenses": 0, "sellingAndMarketingExpenses": 0, "sellingGeneralAndAdministrativeExpenses": 3439000000, "otherExpenses": 14152000000, "operatingExpenses": 14152000000, "costAndExpenses": 16399000000, "interestIncome": 0, "interestExpense": 357000000, "depreciationAndAmortization": 373000000, "ebitda": 2717000000, "ebitdaratio": 0.1478478533, "operatingIncome": 9000000, "operatingIncomeRatio": 0.0004897426, "totalOtherIncomeExpensesNet": 87000000, "incomeBeforeTax": 1978000000, "incomeBeforeTaxRatio": 0.1076345432, "incomeTaxExpense": 305000000, "netIncome": 1682000000, "netIncomeRatio": 0.0915274528, "eps": 4.05, "epsdiluted": 3.96, "weightedAverageShsOut": 415500000, "weightedAverageShsOutDil": 425200000, "link": "https://www.sec.gov/Archives/edgar/data/874766/000087476616000046/0000874766-16-000046-index.htm", "finalLink": "https://www.sec.gov/Archives/edgar/data/874766/000087476616000046/hig1231201510-kdocument.htm", "calculatedOtherExpenses": 11157000000, "calculatedOperatingExpenses": 14596000000, "calculatedNetInterest": -357000000, "calculatedOtherIncome": 2326000000, "calculatedIncomeNonControlling": -9000000, "calculatedEbitda": 382000000}, {"date": "2014-12-31", "symbol": "HIG", "reportedCurrency": "USD", "cik": "0000874766", "fillingDate": "2015-02-27", "acceptedDate": "2015-02-27 16:10:45", "calendarYear": "2014", "period": "FY", "revenue": 18614000000, "costOfRevenue": 4028000000, "grossProfit": 14586000000, "grossProfitRatio": 0.7836037391, "researchAndDevelopmentExpenses": 0, "generalAndAdministrativeExpenses": 0, "sellingAndMarketingExpenses": 0, "sellingGeneralAndAdministrativeExpenses": 3962000000, "otherExpenses": 16562000000, "operatingExpenses": 16562000000, "costAndExpenses": 16915000000, "interestIncome": 0, "interestExpense": 376000000, "depreciationAndAmortization": 276000000, "ebitda": 1800000000, "ebitdaratio": 0.0967014075, "operatingIncome": -551000000, "operatingIncomeRatio": -0.0296013753, "totalOtherIncomeExpensesNet": 112000000, "incomeBeforeTax": 1699000000, "incomeBeforeTaxRatio": 0.0912753841, "incomeTaxExpense": 350000000, "netIncome": 798000000, "netIncomeRatio": 0.0428709573, "eps": 1.81, "epsdiluted": 1.73, "weightedAverageShsOut": 441800000, "weightedAverageShsOutDil": 460200000, "link": "https://www.sec.gov/Archives/edgar/data/874766/000087476615000013/0000874766-15-000013-index.htm", "finalLink": "https://www.sec.gov/Archives/edgar/data/874766/000087476615000013/hig1231201410-kdocument.htm", "calculatedOtherExpenses": 11175000000, "calculatedOperatingExpenses": 15137000000, "calculatedNetInterest": -376000000, "calculatedOtherIncome": 2626000000, "calculatedIncomeNonControlling": 551000000, "calculatedEbitda": -275000000}, {"date": "2013-12-31", "symbol": "HIG", "reportedCurrency": "USD", "cik": "0000874766", "fillingDate": "2014-02-28", "acceptedDate": "2014-02-28 16:48:19", "calendarYear": "2013", "period": "FY", "revenue": 26236000000, "costOfRevenue": 4280000000, "grossProfit": 21956000000, "grossProfitRatio": 0.8368653758, "researchAndDevelopmentExpenses": 0, "generalAndAdministrativeExpenses": 0, "sellingAndMarketingExpenses": 0, "sellingGeneralAndAdministrativeExpenses": 4109000000, "otherExpenses": 17018000000, "operatingExpenses": 17018000000, "costAndExpenses": 24598000000, "interestIncome": 0, "interestExpense": 397000000, "depreciationAndAmortization": 189000000, "ebitda": 515000000, "ebitdaratio": 0.0196295167, "operatingIncome": 310000000, "operatingIncomeRatio": 0.0118158256, "totalOtherIncomeExpensesNet": 275000000, "incomeBeforeTax": 63000000, "incomeBeforeTaxRatio": 0.0024012807, "incomeTaxExpense": -247000000, "netIncome": 176000000, "netIncomeRatio": 0.0067083397, "eps": 0.37, "epsdiluted": 0.34, "weightedAverageShsOut": 447700000, "weightedAverageShsOutDil": 490600000, "link": "https://www.sec.gov/Archives/edgar/data/874766/000087476614000007/0000874766-14-000007-index.htm", "finalLink": "https://www.sec.gov/Archives/edgar/data/874766/000087476614000007/hig1231201310-kdocument.htm", "calculatedOtherExpenses": 17537000000, "calculatedOperatingExpenses": 21646000000, "calculatedNetInterest": -397000000, "calculatedOtherIncome": 150000000, "calculatedIncomeNonControlling": 134000000, "calculatedEbitda": 499000000}, {"date": "2012-12-31", "symbol": "HIG", "reportedCurrency": "USD", "cik": "0000874766", "fillingDate": "2013-03-01", "acceptedDate": "2013-03-01 16:26:44", "calendarYear": "2012", "period": "FY", "revenue": 26412000000, "costOfRevenue": 5237000000, "grossProfit": 21175000000, "grossProfitRatio": 0.8017189156, "researchAndDevelopmentExpenses": 0, "generalAndAdministrativeExpenses": 0, "sellingAndMarketingExpenses": 0, "sellingGeneralAndAdministrativeExpenses": 4891000000, "otherExpenses": 20275000000, "operatingExpenses": 20275000000, "costAndExpenses": 26939000000, "interestIncome": 0, "interestExpense": 457000000, "depreciationAndAmortization": 467000000, "ebitda": 392000000, "ebitdaratio": 0.0148417386, "operatingIncome": -33000000, "operatingIncomeRatio": -0.0012494321, "totalOtherIncomeExpensesNet": 258000000, "incomeBeforeTax": -527000000, "incomeBeforeTaxRatio": -0.0199530516, "incomeTaxExpense": -494000000, "netIncome": -38000000, "netIncomeRatio": -0.00143874, "eps": -0.0868, "epsdiluted": -0.0781, "weightedAverageShsOut": 437700000, "weightedAverageShsOutDil": 486800000, "link": "https://www.sec.gov/Archives/edgar/data/874766/000087476613000021/0000874766-13-000021-index.htm", "finalLink": "https://www.sec.gov/Archives/edgar/data/874766/000087476613000021/hig12311210-kdocument.htm", "calculatedOtherExpenses": 16317000000, "calculatedOperatingExpenses": 21208000000, "calculatedNetInterest": -457000000, "calculatedOtherIncome": -37000000, "calculatedIncomeNonControlling": 5000000, "calculatedEbitda": 434000000}, {"date": "2011-12-31", "symbol": "HIG", "reportedCurrency": "USD", "cik": "0000874766", "fillingDate": "2012-02-24", "acceptedDate": "2012-02-24 16:34:45", "calendarYear": "2011", "period": "FY", "revenue": 21859000000, "costOfRevenue": 4398000000, "grossProfit": 17461000000, "grossProfitRatio": 0.798801409, "researchAndDevelopmentExpenses": 0, "generalAndAdministrativeExpenses": 4398000000, "sellingAndMarketingExpenses": 0, "sellingGeneralAndAdministrativeExpenses": 4398000000, "otherExpenses": 16627000000, "operatingExpenses": 21025000000, "costAndExpenses": 21629000000, "interestIncome": 0, "interestExpense": 508000000, "depreciationAndAmortization": 668000000, "ebitda": 1492000000, "ebitdaratio": 0.0682556384, "operatingIncome": 576000000, "operatingIncomeRatio": 0.0263507022, "totalOtherIncomeExpensesNet": 282000000, "incomeBeforeTax": 230000000, "incomeBeforeTaxRatio": 0.0105219818, "incomeTaxExpense": -346000000, "netIncome": 712000000, "netIncomeRatio": 0.0325723958, "eps": 1.53, "epsdiluted": 1.38, "weightedAverageShsOut": 431500000, "weightedAverageShsOutDil": 478000000, "link": "https://www.sec.gov/Archives/edgar/data/874766/000095012312003120/0000950123-12-003120-index.htm", "finalLink": "https://www.sec.gov/Archives/edgar/data/874766/000095012312003120/c25396e10vk.htm", "calculatedOtherExpenses": 12487000000, "calculatedOperatingExpenses": 16885000000, "calculatedNetInterest": -508000000, "calculatedOtherIncome": 162000000, "calculatedIncomeNonControlling": -136000000, "calculatedEbitda": 1244000000}, {"date": "2010-12-31", "symbol": "HIG", "reportedCurrency": "USD", "cik": "0000874766", "fillingDate": "2011-02-25", "acceptedDate": "2011-02-25 17:41:09", "calendarYear": "2010", "period": "FY", "revenue": 22383000000, "costOfRevenue": 4663000000, "grossProfit": 17720000000, "grossProfitRatio": 0.7916722513, "researchAndDevelopmentExpenses": 0, "generalAndAdministrativeExpenses": 4663000000, "sellingAndMarketingExpenses": 0, "sellingGeneralAndAdministrativeExpenses": 4663000000, "otherExpenses": 14606000000, "operatingExpenses": 19269000000, "costAndExpenses": 20119000000, "interestIncome": 0, "interestExpense": 508000000, "depreciationAndAmortization": 596000000, "ebitda": 3368000000, "ebitdaratio": 0.1504713399, "operatingIncome": 2772000000, "operatingIncomeRatio": 0.1238439887, "totalOtherIncomeExpensesNet": 480000000, "incomeBeforeTax": 2264000000, "incomeBeforeTaxRatio": 0.1011481928, "incomeTaxExpense": 584000000, "netIncome": 1680000000, "netIncomeRatio": 0.0750569629, "eps": 2.7, "epsdiluted": 2.49, "weightedAverageShsOut": 431500000, "weightedAverageShsOutDil": 481500000, "link": "https://www.sec.gov/Archives/edgar/data/874766/000095012311018937/0000950123-11-018937-index.htm", "finalLink": "https://www.sec.gov/Archives/edgar/data/874766/000095012311018937/c13002e10vk.htm", "calculatedOtherExpenses": 10285000000, "calculatedOperatingExpenses": 14948000000, "calculatedNetInterest": -508000000, "calculatedOtherIncome": 0, "calculatedIncomeNonControlling": 0, "calculatedEbitda": 3368000000}, {"date": "2009-12-31", "symbol": "HIG", "reportedCurrency": "USD", "cik": "0000874766", "fillingDate": "2010-02-23", "acceptedDate": "2010-02-23 16:14:57", "calendarYear": "2009", "period": "FY", "revenue": 24701000000, "costOfRevenue": 3749000000, "grossProfit": 20952000000, "grossProfitRatio": 0.8482247682, "researchAndDevelopmentExpenses": 0, "generalAndAdministrativeExpenses": 3749000000, "sellingAndMarketingExpenses": 0, "sellingGeneralAndAdministrativeExpenses": 3749000000, "otherExpenses": 21929000000, "operatingExpenses": 25678000000, "costAndExpenses": 26429000000, "interestIncome": 0, "interestExpense": 476000000, "depreciationAndAmortization": 470000000, "ebitda": -782000000, "ebitdaratio": -0.0316586373, "operatingIncome": -1252000000, "operatingIncomeRatio": -0.050686207, "totalOtherIncomeExpensesNet": 492000000, "incomeBeforeTax": -1728000000, "incomeBeforeTaxRatio": -0.0699566819, "incomeTaxExpense": -841000000, "netIncome": -887000000, "netIncomeRatio": -0.0359094773, "eps": -2.56, "epsdiluted": -2.45, "weightedAverageShsOut": 346300000, "weightedAverageShsOutDil": 361800000, "link": "https://www.sec.gov/Archives/edgar/data/874766/000095012310015756/0000950123-10-015756-index.htm", "finalLink": "https://www.sec.gov/Archives/edgar/data/874766/000095012310015756/c96333e10vk.htm", "calculatedOtherExpenses": 18455000000, "calculatedOperatingExpenses": 22204000000, "calculatedNetInterest": -476000000, "calculatedOtherIncome": 0, "calculatedIncomeNonControlling": 0, "calculatedEbitda": -782000000}, {"date": "2008-12-31", "symbol": "HIG", "reportedCurrency": "USD", "cik": "0000874766", "fillingDate": "2009-02-12", "acceptedDate": "2009-02-11 20:55:33", "calendarYear": "2008", "period": "FY", "revenue": 9219000000, "costOfRevenue": 3993000000, "grossProfit": 5226000000, "grossProfitRatio": 0.5668727628, "researchAndDevelopmentExpenses": 0, "generalAndAdministrativeExpenses": 0, "sellingAndMarketingExpenses": 0, "sellingGeneralAndAdministrativeExpenses": 0, "otherExpenses": 13467000000, "operatingExpenses": 13467000000, "costAndExpenses": 13810000000, "interestIncome": 0, "interestExpense": 343000000, "depreciationAndAmortization": 361000000, "ebitda": -3887000000, "ebitdaratio": -0.421629244, "operatingIncome": -4248000000, "operatingIncomeRatio": -0.4607875041, "totalOtherIncomeExpensesNet": -5414000000, "incomeBeforeTax": -4591000000, "incomeBeforeTaxRatio": -0.4979932748, "incomeTaxExpense": -1842000000, "netIncome": -2749000000, "netIncomeRatio": -0.2981885237, "eps": -8.9, "epsdiluted": -8.9, "weightedAverageShsOut": 308800000, "weightedAverageShsOutDil": 308800000, "link": "https://www.sec.gov/Archives/edgar/data/874766/000136231009001777/0001362310-09-001777-index.htm", "finalLink": "https://www.sec.gov/Archives/edgar/data/874766/000136231009001777/c80697e10vk.htm", "calculatedOtherExpenses": 9474000000, "calculatedOperatingExpenses": 9474000000, "calculatedNetInterest": -343000000, "calculatedOtherIncome": 0, "calculatedIncomeNonControlling": 0, "calculatedEbitda": -3887000000}, {"date": "2007-12-31", "symbol": "HIG", "reportedCurrency": "USD", "cik": "0000874766", "fillingDate": "2008-02-22", "acceptedDate": "2008-02-22 16:24:24", "calendarYear": "2007", "period": "FY", "revenue": 25916000000, "costOfRevenue": 3894000000, "grossProfit": 22022000000, "grossProfitRatio": 0.8497453311, "researchAndDevelopmentExpenses": 0, "generalAndAdministrativeExpenses": 0, "sellingAndMarketingExpenses": 0, "sellingGeneralAndAdministrativeExpenses": 0, "otherExpenses": 21648000000, "operatingExpenses": 21648000000, "costAndExpenses": 21911000000, "interestIncome": 0, "interestExpense": 263000000, "depreciationAndAmortization": 794000000, "ebitda": 5062000000, "ebitdaratio": 0.1953233524, "operatingIncome": 4268000000, "operatingIncomeRatio": 0.1646859083, "totalOtherIncomeExpensesNet": 5932000000, "incomeBeforeTax": 4005000000, "incomeBeforeTaxRatio": 0.1545377373, "incomeTaxExpense": 1056000000, "netIncome": 2949000000, "netIncomeRatio": 0.1137907084, "eps": 9.32, "epsdiluted": 9.24, "weightedAverageShsOut": 316300000, "weightedAverageShsOutDil": 319100000, "link": "https://www.sec.gov/Archives/edgar/data/874766/000095012308002003/0000950123-08-002003-index.htm", "finalLink": "https://www.sec.gov/Archives/edgar/data/874766/000095012308002003/y49953e10vk.htm", "calculatedOtherExpenses": 17754000000, "calculatedOperatingExpenses": 17754000000, "calculatedNetInterest": -263000000, "calculatedOtherIncome": 0, "calculatedIncomeNonControlling": 0, "calculatedEbitda": 5062000000}, {"date": "2006-12-31", "symbol": "HIG", "reportedCurrency": "USD", "cik": "0000874766", "fillingDate": "2007-02-23", "acceptedDate": "2007-02-23 16:10:56", "calendarYear": "2006", "period": "FY", "revenue": 26500000000, "costOfRevenue": 3252000000, "grossProfit": 23248000000, "grossProfitRatio": 0.8772830189, "researchAndDevelopmentExpenses": 0, "generalAndAdministrativeExpenses": 0, "sellingAndMarketingExpenses": 0, "sellingGeneralAndAdministrativeExpenses": 0, "otherExpenses": 22621000000, "operatingExpenses": 22621000000, "costAndExpenses": 22898000000, "interestIncome": 0, "interestExpense": 277000000, "depreciationAndAmortization": 606000000, "ebitda": 4485000000, "ebitdaratio": 0.169245283, "operatingIncome": 3879000000, "operatingIncomeRatio": 0.1463773585, "totalOtherIncomeExpensesNet": 5213000000, "incomeBeforeTax": 3602000000, "incomeBeforeTaxRatio": 0.1359245283, "incomeTaxExpense": 857000000, "netIncome": 2745000000, "netIncomeRatio": 0.1035849057, "eps": 8.89, "epsdiluted": 8.69, "weightedAverageShsOut": 308800000, "weightedAverageShsOutDil": 315900000, "link": "https://www.sec.gov/Archives/edgar/data/874766/000095012307002663/0000950123-07-002663-index.htm", "finalLink": "https://www.sec.gov/Archives/edgar/data/874766/000095012307002663/y30259e10vk.htm", "calculatedOtherExpenses": 19369000000, "calculatedOperatingExpenses": 19369000000, "calculatedNetInterest": -277000000, "calculatedOtherIncome": 0, "calculatedIncomeNonControlling": 0, "calculatedEbitda": 4485000000}, {"date": "2005-12-31", "symbol": "HIG", "reportedCurrency": "USD", "cik": "0000874766", "fillingDate": "2006-02-24", "acceptedDate": "2006-02-24 16:52:19", "calendarYear": "2005", "period": "FY", "revenue": 27083000000, "costOfRevenue": 3227000000, "grossProfit": 23856000000, "grossProfitRatio": 0.8808477643, "researchAndDevelopmentExpenses": 0, "generalAndAdministrativeExpenses": 0, "sellingAndMarketingExpenses": 0, "sellingGeneralAndAdministrativeExpenses": 0, "otherExpenses": 23846000000, "operatingExpenses": 23846000000, "costAndExpenses": 24098000000, "interestIncome": 0, "interestExpense": 252000000, "depreciationAndAmortization": 561000000, "ebitda": 3798000000, "ebitdaratio": 0.1402355721, "operatingIncome": 3237000000, "operatingIncomeRatio": 0.119521471, "totalOtherIncomeExpensesNet": 4476000000, "incomeBeforeTax": 2985000000, "incomeBeforeTaxRatio": 0.1102167411, "incomeTaxExpense": 711000000, "netIncome": 2274000000, "netIncomeRatio": 0.0839641103, "eps": 7.63, "epsdiluted": 7.44, "weightedAverageShsOut": 298000000, "weightedAverageShsOutDil": 305600000, "link": "https://www.sec.gov/Archives/edgar/data/874766/000095012306002232/0000950123-06-002232-index.htm", "finalLink": "https://www.sec.gov/Archives/edgar/data/874766/000095012306002232/y17778e10vk.htm", "calculatedOtherExpenses": 20619000000, "calculatedOperatingExpenses": 20619000000, "calculatedNetInterest": -252000000, "calculatedOtherIncome": 0, "calculatedIncomeNonControlling": 0, "calculatedEbitda": 3798000000}, {"date": "2004-12-31", "symbol": "HIG", "reportedCurrency": "USD", "cik": "0000874766", "fillingDate": "2005-02-28", "acceptedDate": "2005-02-28 16:24:57", "calendarYear": "2004", "period": "FY", "revenue": 22693000000, "costOfRevenue": 2776000000, "grossProfit": 19917000000, "grossProfitRatio": 0.8776715287, "researchAndDevelopmentExpenses": 0, "generalAndAdministrativeExpenses": 0, "sellingAndMarketingExpenses": 0, "sellingGeneralAndAdministrativeExpenses": 0, "otherExpenses": -17166000000, "operatingExpenses": -17166000000, "costAndExpenses": 20170000000, "interestIncome": 0, "interestExpense": 251000000, "depreciationAndAmortization": 274000000, "ebitda": 3025000000, "ebitdaratio": 0.1333010179, "operatingIncome": 2751000000, "operatingIncomeRatio": 0.12122681, "totalOtherIncomeExpensesNet": 3689000000, "incomeBeforeTax": 2523000000, "incomeBeforeTaxRatio": 0.1111796589, "incomeTaxExpense": 385000000, "netIncome": 2115000000, "netIncomeRatio": 0.0932005464, "eps": 7.24, "epsdiluted": 7.12, "weightedAverageShsOut": 292300000, "weightedAverageShsOutDil": 297000000, "link": "https://www.sec.gov/Archives/edgar/data/874766/000095012305002392/0000950123-05-002392-index.htm", "finalLink": "https://www.sec.gov/Archives/edgar/data/874766/000095012305002392/y06108ke10vk.htm", "calculatedOtherExpenses": 17166000000, "calculatedOperatingExpenses": 17166000000, "calculatedNetInterest": -251000000, "calculatedOtherIncome": 23000000, "calculatedIncomeNonControlling": 23000000, "calculatedEbitda": 3025000000}, {"date": "2003-12-31", "symbol": "HIG", "reportedCurrency": "USD", "cik": "0000874766", "fillingDate": "2004-02-27", "acceptedDate": "2004-02-27 16:34:18", "calendarYear": "2003", "period": "FY", "revenue": 18733000000, "costOfRevenue": 0, "grossProfit": 18733000000, "grossProfitRatio": 1, "researchAndDevelopmentExpenses": 0, "generalAndAdministrativeExpenses": 0, "sellingAndMarketingExpenses": 0, "sellingGeneralAndAdministrativeExpenses": 0, "otherExpenses": -19283000000, "operatingExpenses": -19283000000, "costAndExpenses": 19283000000, "interestIncome": 0, "interestExpense": 0, "depreciationAndAmortization": 219000000, "ebitda": -331000000, "ebitdaratio": -0.0176693535, "operatingIncome": -550000000, "operatingIncomeRatio": -0.029359953, "totalOtherIncomeExpensesNet": 3316000000, "incomeBeforeTax": -550000000, "incomeBeforeTaxRatio": -0.029359953, "incomeTaxExpense": -459000000, "netIncome": -91000000, "netIncomeRatio": -0.0048577377, "eps": -0.33, "epsdiluted": -0.33, "weightedAverageShsOut": 272400000, "weightedAverageShsOutDil": 272400000, "link": "https://www.sec.gov/Archives/edgar/data/874766/000094857204000011/0000948572-04-000011-index.htm", "finalLink": "https://www.sec.gov/Archives/edgar/data/874766/000094857204000011/b10k123103.txt", "calculatedOtherExpenses": 19283000000, "calculatedOperatingExpenses": 19283000000, "calculatedNetInterest": 0, "calculatedOtherIncome": 0, "calculatedIncomeNonControlling": 0, "calculatedEbitda": -331000000}, {"date": "2002-12-31", "symbol": "HIG", "reportedCurrency": "USD", "cik": "0000874766", "fillingDate": "2003-03-03", "acceptedDate": "2003-03-03 16:29:16", "calendarYear": "2002", "period": "FY", "revenue": 15907000000, "costOfRevenue": 0, "grossProfit": 15907000000, "grossProfitRatio": 1, "researchAndDevelopmentExpenses": 0, "generalAndAdministrativeExpenses": 0, "sellingAndMarketingExpenses": 0, "sellingGeneralAndAdministrativeExpenses": 0, "otherExpenses": -14839000000, "operatingExpenses": -14839000000, "costAndExpenses": 14839000000, "interestIncome": 0, "interestExpense": 0, "depreciationAndAmortization": 104000000, "ebitda": 1172000000, "ebitdaratio": 0.0736782549, "operatingIncome": 1068000000, "operatingIncomeRatio": 0.0671402527, "totalOtherIncomeExpensesNet": 3053000000, "incomeBeforeTax": 1068000000, "incomeBeforeTaxRatio": 0.0671402527, "incomeTaxExpense": 68000000, "netIncome": 1000000000, "netIncomeRatio": 0.0628654052, "eps": 4.01, "epsdiluted": 3.97, "weightedAverageShsOut": 249400000, "weightedAverageShsOutDil": 251800000, "link": "https://www.sec.gov/Archives/edgar/data/874766/000094857203000012/0000948572-03-000012-index.htm", "finalLink": "https://www.sec.gov/Archives/edgar/data/874766/000094857203000012/b10k12312002.txt", "calculatedOtherExpenses": 14839000000, "calculatedOperatingExpenses": 14839000000, "calculatedNetInterest": 0, "calculatedOtherIncome": 0, "calculatedIncomeNonControlling": 0, "calculatedEbitda": 1172000000}, {"date": "2001-12-31", "symbol": "HIG", "reportedCurrency": "USD", "cik": "0000874766", "fillingDate": "2002-03-20", "acceptedDate": "2002-03-20 00:00:00", "calendarYear": "2001", "period": "FY", "revenue": 15147000000, "costOfRevenue": 0, "grossProfit": 15147000000, "grossProfitRatio": 1, "researchAndDevelopmentExpenses": 0, "generalAndAdministrativeExpenses": 0, "sellingAndMarketingExpenses": 0, "sellingGeneralAndAdministrativeExpenses": 0, "otherExpenses": -14835000000, "operatingExpenses": -14835000000, "costAndExpenses": 14793000000, "interestIncome": 0, "interestExpense": 0, "depreciationAndAmortization": 72000000, "ebitda": 384000000, "ebitdaratio": 0.0253515548, "operatingIncome": 312000000, "operatingIncomeRatio": 0.0205981382, "totalOtherIncomeExpensesNet": 3124000000, "incomeBeforeTax": 354000000, "incomeBeforeTaxRatio": 0.0233709645, "incomeTaxExpense": -195000000, "netIncome": 507000000, "netIncomeRatio": 0.0334719746, "eps": 2.13, "epsdiluted": 2.1, "weightedAverageShsOut": 237700000, "weightedAverageShsOutDil": 241400000, "link": "https://www.sec.gov/Archives/edgar/data/874766/000094857202000009/0000948572-02-000009-index.htm", "finalLink": "https://www.sec.gov/Archives/edgar/data/874766/000094857202000009/b10kdec01.txt", "calculatedOtherExpenses": 14835000000, "calculatedOperatingExpenses": 14835000000, "calculatedNetInterest": 0, "calculatedOtherIncome": 42000000, "calculatedIncomeNonControlling": 42000000, "calculatedEbitda": 384000000}, {"date": "2000-12-31", "symbol": "HIG", "reportedCurrency": "USD", "cik": "0000874766", "fillingDate": "2001-03-23", "acceptedDate": "2001-03-23 00:00:00", "calendarYear": "2000", "period": "FY", "revenue": 14703000000, "costOfRevenue": 0, "grossProfit": 14703000000, "grossProfitRatio": 1, "researchAndDevelopmentExpenses": 0, "generalAndAdministrativeExpenses": 0, "sellingAndMarketingExpenses": 0, "sellingGeneralAndAdministrativeExpenses": 0, "otherExpenses": -13339000000, "operatingExpenses": -13339000000, "costAndExpenses": 13285000000, "interestIncome": 0, "interestExpense": 0, "depreciationAndAmortization": 63000000, "ebitda": 1427000000, "ebitdaratio": 0.0970550228, "operatingIncome": 1364000000, "operatingIncomeRatio": 0.092770183, "totalOtherIncomeExpensesNet": 2943000000, "incomeBeforeTax": 1418000000, "incomeBeforeTaxRatio": 0.0964429028, "incomeTaxExpense": 390000000, "netIncome": 974000000, "netIncomeRatio": 0.066244984, "eps": 4.42, "epsdiluted": 4.34, "weightedAverageShsOut": 220600000, "weightedAverageShsOutDil": 224400000, "link": "https://www.sec.gov/Archives/edgar/data/874766/000094857201000009/0000948572-01-000009-index.htm", "finalLink": "https://www.sec.gov/Archives/edgar/data/874766/000094857201000009/0000948572-01-000009-0001.txt", "calculatedOtherExpenses": 13339000000, "calculatedOperatingExpenses": 13339000000, "calculatedNetInterest": 0, "calculatedOtherIncome": 54000000, "calculatedIncomeNonControlling": 54000000, "calculatedEbitda": 1427000000}, {"date": "1999-12-31", "symbol": "HIG", "reportedCurrency": "USD", "cik": "0000874766", "fillingDate": "2000-03-24", "acceptedDate": "2000-03-24 00:00:00", "calendarYear": "1999", "period": "FY", "revenue": 13528000000, "costOfRevenue": 0, "grossProfit": 13528000000, "grossProfitRatio": 1, "researchAndDevelopmentExpenses": 0, "generalAndAdministrativeExpenses": 0, "sellingAndMarketingExpenses": 0, "sellingGeneralAndAdministrativeExpenses": 0, "otherExpenses": -12379000000, "operatingExpenses": -12379000000, "costAndExpenses": 12293000000, "interestIncome": 0, "interestExpense": 0, "depreciationAndAmortization": 58000000, "ebitda": 1207000000, "ebitdaratio": 0.0892223536, "operatingIncome": 1149000000, "operatingIncomeRatio": 0.0849349497, "totalOtherIncomeExpensesNet": 86000000, "incomeBeforeTax": 1235000000, "incomeBeforeTaxRatio": 0.0912921348, "incomeTaxExpense": 287000000, "netIncome": 862000000, "netIncomeRatio": 0.0637196925, "eps": 3.83, "epsdiluted": 3.79, "weightedAverageShsOut": 224900000, "weightedAverageShsOutDil": 227500000, "link": "https://www.sec.gov/Archives/edgar/data/874766/000094857200000014/0000948572-00-000014-index.html", "finalLink": "https://www.sec.gov/Archives/edgar/data/874766/000094857200000014/", "calculatedOtherExpenses": 12379000000, "calculatedOperatingExpenses": 12379000000, "calculatedNetInterest": 0, "calculatedOtherIncome": 86000000, "calculatedIncomeNonControlling": 86000000, "calculatedEbitda": 1207000000}, {"date": "1998-12-31", "symbol": "HIG", "reportedCurrency": "USD", "cik": "0000874766", "fillingDate": "1999-03-26", "acceptedDate": "1999-03-26 00:00:00", "calendarYear": "1998", "period": "FY", "revenue": 15022000000, "costOfRevenue": 0, "grossProfit": 15022000000, "grossProfitRatio": 1, "researchAndDevelopmentExpenses": 0, "generalAndAdministrativeExpenses": 0, "sellingAndMarketingExpenses": 0, "sellingGeneralAndAdministrativeExpenses": 0, "otherExpenses": -13619000000, "operatingExpenses": -13619000000, "costAndExpenses": 13547000000, "interestIncome": 0, "interestExpense": 0, "depreciationAndAmortization": 103000000, "ebitda": 1506000000, "ebitdaratio": 0.1002529623, "operatingIncome": 1403000000, "operatingIncomeRatio": 0.093396352, "totalOtherIncomeExpensesNet": 72000000, "incomeBeforeTax": 1475000000, "incomeBeforeTaxRatio": 0.0981893223, "incomeTaxExpense": 388000000, "netIncome": 1015000000, "netIncomeRatio": 0.0675675676, "eps": 4.36, "epsdiluted": 4.3, "weightedAverageShsOut": 232800000, "weightedAverageShsOutDil": 236200000, "link": "https://www.sec.gov/Archives/edgar/data/874766/000094857299000004/0000948572-99-000004-index.html", "finalLink": "https://www.sec.gov/Archives/edgar/data/874766/", "calculatedOtherExpenses": 13619000000, "calculatedOperatingExpenses": 13619000000, "calculatedNetInterest": 0, "calculatedOtherIncome": 72000000, "calculatedIncomeNonControlling": 72000000, "calculatedEbitda": 1506000000}, {"date": "1997-12-31", "symbol": "HIG", "reportedCurrency": "USD", "cik": "0000874766", "fillingDate": "1998-03-27", "acceptedDate": "1998-03-27 00:00:00", "calendarYear": "1997", "period": "FY", "revenue": 13305000000, "costOfRevenue": 0, "grossProfit": 13305000000, "grossProfitRatio": 1, "researchAndDevelopmentExpenses": 0, "generalAndAdministrativeExpenses": 0, "sellingAndMarketingExpenses": 0, "sellingGeneralAndAdministrativeExpenses": 0, "otherExpenses": -11639000000, "operatingExpenses": -11639000000, "costAndExpenses": 11602000000, "interestIncome": 0, "interestExpense": 0, "depreciationAndAmortization": 85000000, "ebitda": 1751000000, "ebitdaratio": 0.1316046599, "operatingIncome": 1666000000, "operatingIncomeRatio": 0.1252160842, "totalOtherIncomeExpensesNet": 37000000, "incomeBeforeTax": 1703000000, "incomeBeforeTaxRatio": 0.1279969936, "incomeTaxExpense": 334000000, "netIncome": 1332000000, "netIncomeRatio": 0.1001127396, "eps": 5.65, "epsdiluted": 5.58, "weightedAverageShsOut": 236000000, "weightedAverageShsOutDil": 238800000, "link": "https://www.sec.gov/Archives/edgar/data/874766/000094857298000007/0000948572-98-000007-index.html", "finalLink": "https://www.sec.gov/Archives/edgar/data/874766/", "calculatedOtherExpenses": 11639000000, "calculatedOperatingExpenses": 11639000000, "calculatedNetInterest": 0, "calculatedOtherIncome": 37000000, "calculatedIncomeNonControlling": 37000000, "calculatedEbitda": 1751000000}, {"date": "1996-12-31", "symbol": "HIG", "reportedCurrency": "USD", "cik": "0000874766", "fillingDate": "1997-03-28", "acceptedDate": "1997-03-28 00:00:00", "calendarYear": "1996", "period": "FY", "revenue": 12473000000, "costOfRevenue": 0, "grossProfit": 12473000000, "grossProfitRatio": 1, "researchAndDevelopmentExpenses": 0, "generalAndAdministrativeExpenses": 0, "sellingAndMarketingExpenses": 0, "sellingGeneralAndAdministrativeExpenses": 0, "otherExpenses": -12791000000, "operatingExpenses": -12791000000, "costAndExpenses": 12791000000, "interestIncome": 0, "interestExpense": 0, "depreciationAndAmortization": 81000000, "ebitda": -237000000, "ebitdaratio": -0.0190010423, "operatingIncome": -318000000, "operatingIncomeRatio": -0.0254950693, "totalOtherIncomeExpensesNet": 0, "incomeBeforeTax": -318000000, "incomeBeforeTaxRatio": -0.0254950693, "incomeTaxExpense": -219000000, "netIncome": -99000000, "netIncomeRatio": -0.0079371442, "eps": -0.42, "epsdiluted": -0.42, "weightedAverageShsOut": 234600000, "weightedAverageShsOutDil": 234600000, "link": "https://www.sec.gov/Archives/edgar/data/874766/000094857297000016/0000948572-97-000016-index.html", "finalLink": "https://www.sec.gov/Archives/edgar/data/874766/", "calculatedOtherExpenses": 12791000000, "calculatedOperatingExpenses": 12791000000, "calculatedNetInterest": 0, "calculatedOtherIncome": 0, "calculatedIncomeNonControlling": 0, "calculatedEbitda": -237000000}, {"date": "1995-12-31", "symbol": "HIG", "reportedCurrency": "USD", "cik": "0000874766", "fillingDate": "1995-12-31", "acceptedDate": "1995-12-30 19:00:00", "calendarYear": "1995", "period": "FY", "revenue": 12150000000, "costOfRevenue": 0, "grossProfit": 12150000000, "grossProfitRatio": 1, "researchAndDevelopmentExpenses": 0, "generalAndAdministrativeExpenses": 0, "sellingAndMarketingExpenses": 0, "sellingGeneralAndAdministrativeExpenses": 0, "otherExpenses": -11408000000, "operatingExpenses": -11408000000, "costAndExpenses": -11408000000, "interestIncome": 0, "interestExpense": 0, "depreciationAndAmortization": 85000000, "ebitda": 827000000, "ebitdaratio": 0.0680658436, "operatingIncome": 742000000, "operatingIncomeRatio": 0.0610699588, "totalOtherIncomeExpensesNet": 2522000000, "incomeBeforeTax": 3264000000, "incomeBeforeTaxRatio": 0.2686419753, "incomeTaxExpense": 180000000, "netIncome": 562000000, "netIncomeRatio": 0.046255144, "eps": 2.39, "epsdiluted": 2.38, "weightedAverageShsOut": 233891213, "weightedAverageShsOutDil": 234873950, "link": "", "finalLink": "", "calculatedOtherExpenses": 11408000000, "calculatedOperatingExpenses": 11408000000, "calculatedNetInterest": 0, "calculatedOtherIncome": 2522000000, "calculatedIncomeNonControlling": 2522000000, "calculatedEbitda": 827000000}]}