{"originalCurrency": "USD", "convertedCurrency": "USD", "report": [{"date": "2023-12-31", "symbol": "HII", "reportedCurrency": "USD", "cik": "0001501585", "fillingDate": "2024-02-01", "acceptedDate": "2024-02-01 12:09:56", "calendarYear": "2023", "period": "FY", "revenue": 11454000000, "costOfRevenue": 9808000000, "grossProfit": 1646000000, "grossProfitRatio": 0.1437052558, "researchAndDevelopmentExpenses": 35000000, "generalAndAdministrativeExpenses": 1022000000, "sellingAndMarketingExpenses": 0, "sellingGeneralAndAdministrativeExpenses": 1022000000, "otherExpenses": 167000000, "operatingExpenses": 902000000, "costAndExpenses": 10710000000, "interestIncome": 0, "interestExpense": 95000000, "depreciationAndAmortization": 347000000, "ebitda": 1258000000, "ebitdaratio": 0.1098306269, "operatingIncome": 781000000, "operatingIncomeRatio": 0.0681857866, "totalOtherIncomeExpensesNet": 204000000, "incomeBeforeTax": 853000000, "incomeBeforeTaxRatio": 0.0744718002, "incomeTaxExpense": 172000000, "netIncome": 681000000, "netIncomeRatio": 0.0594552122, "eps": 17.07, "epsdiluted": 17.07, "weightedAverageShsOut": 39900000, "weightedAverageShsOutDil": 39900000, "link": "https://www.sec.gov/Archives/edgar/data/1501585/000150158524000007/0001501585-24-000007-index.htm", "finalLink": "https://www.sec.gov/Archives/edgar/data/1501585/000150158524000007/hii-20231231.htm", "calculatedOtherExpenses": -192000000, "calculatedOperatingExpenses": 865000000, "calculatedNetInterest": -95000000, "calculatedOtherIncome": 167000000, "calculatedIncomeNonControlling": 0, "calculatedEbitda": 1128000000}, {"date": "2022-12-31", "symbol": "HII", "reportedCurrency": "USD", "cik": "0001501585", "fillingDate": "2023-02-09", "acceptedDate": "2023-02-09 13:30:13", "calendarYear": "2022", "period": "FY", "revenue": 10676000000, "costOfRevenue": 9236000000, "grossProfit": 1440000000, "grossProfitRatio": 0.1348819783, "researchAndDevelopmentExpenses": 40000000, "generalAndAdministrativeExpenses": 924000000, "sellingAndMarketingExpenses": 0, "sellingGeneralAndAdministrativeExpenses": 924000000, "otherExpenses": -1000000, "operatingExpenses": 923000000, "costAndExpenses": 10159000000, "interestIncome": 54000000, "interestExpense": 102000000, "depreciationAndAmortization": 358000000, "ebitda": 1131000000, "ebitdaratio": 0.1059385538, "operatingIncome": 773000000, "operatingIncomeRatio": 0.0724053953, "totalOtherIncomeExpensesNet": -54000000, "incomeBeforeTax": 719000000, "incomeBeforeTaxRatio": 0.0673473211, "incomeTaxExpense": 140000000, "netIncome": 579000000, "netIncomeRatio": 0.0542337954, "eps": 14.44, "epsdiluted": 14.44, "weightedAverageShsOut": 40100000, "weightedAverageShsOutDil": 40100000, "link": "https://www.sec.gov/Archives/edgar/data/1501585/000150158523000010/0001501585-23-000010-index.htm", "finalLink": "https://www.sec.gov/Archives/edgar/data/1501585/000150158523000010/hii-20221231.htm", "calculatedOtherExpenses": -297000000, "calculatedOperatingExpenses": 667000000, "calculatedNetInterest": -48000000, "calculatedOtherIncome": -6000000, "calculatedIncomeNonControlling": 0, "calculatedEbitda": 1131000000}, {"date": "2021-12-31", "symbol": "HII", "reportedCurrency": "USD", "cik": "0001501585", "fillingDate": "2022-02-10", "acceptedDate": "2022-02-10 17:01:54", "calendarYear": "2021", "period": "FY", "revenue": 9524000000, "costOfRevenue": 8156000000, "grossProfit": 1368000000, "grossProfitRatio": 0.1436371273, "researchAndDevelopmentExpenses": 34000000, "generalAndAdministrativeExpenses": 898000000, "sellingAndMarketingExpenses": 0, "sellingGeneralAndAdministrativeExpenses": 898000000, "otherExpenses": -2000000, "operatingExpenses": 896000000, "costAndExpenses": 9052000000, "interestIncome": 48000000, "interestExpense": 89000000, "depreciationAndAmortization": 450000000, "ebitda": 963000000, "ebitdaratio": 0.1011129777, "operatingIncome": 513000000, "operatingIncomeRatio": 0.0538639227, "totalOtherIncomeExpensesNet": 109000000, "incomeBeforeTax": 622000000, "incomeBeforeTaxRatio": 0.0653086938, "incomeTaxExpense": 78000000, "netIncome": 544000000, "netIncomeRatio": 0.0571188576, "eps": 13.5, "epsdiluted": 13.5, "weightedAverageShsOut": 40300000, "weightedAverageShsOutDil": 40300000, "link": "https://www.sec.gov/Archives/edgar/data/1501585/000150158522000007/0001501585-22-000007-index.htm", "finalLink": "https://www.sec.gov/Archives/edgar/data/1501585/000150158522000007/hii-20211231.htm", "calculatedOtherExpenses": -77000000, "calculatedOperatingExpenses": 855000000, "calculatedNetInterest": -41000000, "calculatedOtherIncome": 150000000, "calculatedIncomeNonControlling": 0, "calculatedEbitda": 963000000}, {"date": "2020-12-31", "symbol": "HII", "reportedCurrency": "USD", "cik": "0001501585", "fillingDate": "2021-02-11", "acceptedDate": "2021-02-11 16:07:04", "calendarYear": "2020", "period": "FY", "revenue": 9361000000, "costOfRevenue": 7691000000, "grossProfit": 1670000000, "grossProfitRatio": 0.1783997436, "researchAndDevelopmentExpenses": 31000000, "generalAndAdministrativeExpenses": 904000000, "sellingAndMarketingExpenses": 0, "sellingGeneralAndAdministrativeExpenses": 904000000, "otherExpenses": -1000000, "operatingExpenses": 903000000, "costAndExpenses": 8594000000, "interestIncome": 82000000, "interestExpense": 114000000, "depreciationAndAmortization": 340000000, "ebitda": 1139000000, "ebitdaratio": 0.1216750347, "operatingIncome": 799000000, "operatingIncomeRatio": 0.0853541288, "totalOtherIncomeExpensesNet": 11000000, "incomeBeforeTax": 810000000, "incomeBeforeTaxRatio": 0.086529217, "incomeTaxExpense": 114000000, "netIncome": 696000000, "netIncomeRatio": 0.0743510309, "eps": 17.14, "epsdiluted": 17.14, "weightedAverageShsOut": 40600000, "weightedAverageShsOutDil": 40600000, "link": "https://www.sec.gov/Archives/edgar/data/1501585/000150158521000008/0001501585-21-000008-index.htm", "finalLink": "https://www.sec.gov/Archives/edgar/data/1501585/000150158521000008/hii-20201231.htm", "calculatedOtherExpenses": -64000000, "calculatedOperatingExpenses": 871000000, "calculatedNetInterest": -32000000, "calculatedOtherIncome": 43000000, "calculatedIncomeNonControlling": 0, "calculatedEbitda": 1139000000}, {"date": "2019-12-31", "symbol": "HII", "reportedCurrency": "USD", "cik": "0001501585", "fillingDate": "2020-02-13", "acceptedDate": "2020-02-13 16:40:58", "calendarYear": "2019", "period": "FY", "revenue": 8899000000, "costOfRevenue": 7368000000, "grossProfit": 1531000000, "grossProfitRatio": 0.1720418024, "researchAndDevelopmentExpenses": 23000000, "generalAndAdministrativeExpenses": 788000000, "sellingAndMarketingExpenses": 0, "sellingGeneralAndAdministrativeExpenses": 788000000, "otherExpenses": 17000000, "operatingExpenses": 788000000, "costAndExpenses": 8156000000, "interestIncome": 48000000, "interestExpense": 70000000, "depreciationAndAmortization": 251000000, "ebitda": 987000000, "ebitdaratio": 0.1109113384, "operatingIncome": 736000000, "operatingIncomeRatio": 0.082705922, "totalOtherIncomeExpensesNet": -53000000, "incomeBeforeTax": 683000000, "incomeBeforeTaxRatio": 0.0767501967, "incomeTaxExpense": 134000000, "netIncome": 549000000, "netIncomeRatio": 0.061692325, "eps": 13.26, "epsdiluted": 13.26, "weightedAverageShsOut": 41400000, "weightedAverageShsOutDil": 41400000, "link": "https://www.sec.gov/Archives/edgar/data/1501585/000150158520000011/0001501585-20-000011-index.htm", "finalLink": "https://www.sec.gov/Archives/edgar/data/1501585/000150158520000011/hii-20191231.htm", "calculatedOtherExpenses": -16000000, "calculatedOperatingExpenses": 795000000, "calculatedNetInterest": -22000000, "calculatedOtherIncome": -31000000, "calculatedIncomeNonControlling": 0, "calculatedEbitda": 987000000}, {"date": "2018-12-31", "symbol": "HII", "reportedCurrency": "USD", "cik": "0001501585", "fillingDate": "2019-02-14", "acceptedDate": "2019-02-14 14:38:12", "calendarYear": "2018", "period": "FY", "revenue": 8176000000, "costOfRevenue": 6385000000, "grossProfit": 1791000000, "grossProfitRatio": 0.219055773, "researchAndDevelopmentExpenses": 0, "generalAndAdministrativeExpenses": 871000000, "sellingAndMarketingExpenses": 0, "sellingGeneralAndAdministrativeExpenses": 871000000, "otherExpenses": 78000000, "operatingExpenses": 857000000, "costAndExpenses": 7242000000, "interestIncome": 0, "interestExpense": 58000000, "depreciationAndAmortization": 203000000, "ebitda": 1215000000, "ebitdaratio": 0.1486056751, "operatingIncome": 951000000, "operatingIncomeRatio": 0.116316047, "totalOtherIncomeExpensesNet": 95000000, "incomeBeforeTax": 971000000, "incomeBeforeTaxRatio": 0.1187622309, "incomeTaxExpense": 135000000, "netIncome": 836000000, "netIncomeRatio": 0.1022504892, "eps": 19.09, "epsdiluted": 19.09, "weightedAverageShsOut": 43800000, "weightedAverageShsOutDil": 43800000, "link": "https://www.sec.gov/Archives/edgar/data/1501585/000150158519000005/0001501585-19-000005-index.htm", "finalLink": "https://www.sec.gov/Archives/edgar/data/1501585/000150158519000005/hii201810-k.htm", "calculatedOtherExpenses": -31000000, "calculatedOperatingExpenses": 840000000, "calculatedNetInterest": -58000000, "calculatedOtherIncome": 78000000, "calculatedIncomeNonControlling": 0, "calculatedEbitda": 1154000000}, {"date": "2017-12-31", "symbol": "HII", "reportedCurrency": "USD", "cik": "0001501585", "fillingDate": "2018-02-15", "acceptedDate": "2018-02-15 16:16:57", "calendarYear": "2017", "period": "FY", "revenue": 7441000000, "costOfRevenue": 6018000000, "grossProfit": 1423000000, "grossProfitRatio": 0.1912377369, "researchAndDevelopmentExpenses": 0, "generalAndAdministrativeExpenses": 570000000, "sellingAndMarketingExpenses": 0, "sellingGeneralAndAdministrativeExpenses": 570000000, "otherExpenses": 1000000, "operatingExpenses": 570000000, "costAndExpenses": 6588000000, "interestIncome": 0, "interestExpense": 94000000, "depreciationAndAmortization": 205000000, "ebitda": 1071000000, "ebitdaratio": 0.1439322672, "operatingIncome": 865000000, "operatingIncomeRatio": 0.1162478162, "totalOtherIncomeExpensesNet": 13000000, "incomeBeforeTax": 772000000, "incomeBeforeTaxRatio": 0.103749496, "incomeTaxExpense": 293000000, "netIncome": 479000000, "netIncomeRatio": 0.0643730681, "eps": 10.48, "epsdiluted": 10.46, "weightedAverageShsOut": 45700000, "weightedAverageShsOutDil": 45800000, "link": "https://www.sec.gov/Archives/edgar/data/1501585/000150158518000006/0001501585-18-000006-index.htm", "finalLink": "https://www.sec.gov/Archives/edgar/data/1501585/000150158518000006/hii201710-k.htm", "calculatedOtherExpenses": -12000000, "calculatedOperatingExpenses": 558000000, "calculatedNetInterest": -94000000, "calculatedOtherIncome": 1000000, "calculatedIncomeNonControlling": 0, "calculatedEbitda": 1070000000}, {"date": "2016-12-31", "symbol": "HII", "reportedCurrency": "USD", "cik": "0001501585", "fillingDate": "2017-02-16", "acceptedDate": "2017-02-16 11:44:26", "calendarYear": "2016", "period": "FY", "revenue": 7068000000, "costOfRevenue": 5608000000, "grossProfit": 1460000000, "grossProfitRatio": 0.2065647991, "researchAndDevelopmentExpenses": 0, "generalAndAdministrativeExpenses": 623000000, "sellingAndMarketingExpenses": 0, "sellingGeneralAndAdministrativeExpenses": 623000000, "otherExpenses": -15000000, "operatingExpenses": 608000000, "costAndExpenses": 6216000000, "interestIncome": 0, "interestExpense": 74000000, "depreciationAndAmortization": 186000000, "ebitda": 1044000000, "ebitdaratio": 0.1477079796, "operatingIncome": 858000000, "operatingIncomeRatio": 0.1213921902, "totalOtherIncomeExpensesNet": 6000000, "incomeBeforeTax": 784000000, "incomeBeforeTaxRatio": 0.1109224675, "incomeTaxExpense": 211000000, "netIncome": 573000000, "netIncomeRatio": 0.0810696095, "eps": 12.24, "epsdiluted": 12.14, "weightedAverageShsOut": 46800000, "weightedAverageShsOutDil": 47200000, "link": "https://www.sec.gov/Archives/edgar/data/1501585/000150158517000005/0001501585-17-000005-index.htm", "finalLink": "https://www.sec.gov/Archives/edgar/data/1501585/000150158517000005/hii201610-k.htm", "calculatedOtherExpenses": -21000000, "calculatedOperatingExpenses": 602000000, "calculatedNetInterest": -74000000, "calculatedOtherIncome": 0, "calculatedIncomeNonControlling": 0, "calculatedEbitda": 1044000000}, {"date": "2015-12-31", "symbol": "HII", "reportedCurrency": "USD", "cik": "0001501585", "fillingDate": "2016-02-18", "acceptedDate": "2016-02-18 13:41:56", "calendarYear": "2015", "period": "FY", "revenue": 7020000000, "costOfRevenue": 5517000000, "grossProfit": 1503000000, "grossProfitRatio": 0.2141025641, "researchAndDevelopmentExpenses": 0, "generalAndAdministrativeExpenses": 669000000, "sellingAndMarketingExpenses": 0, "sellingGeneralAndAdministrativeExpenses": 669000000, "otherExpenses": 0, "operatingExpenses": 669000000, "costAndExpenses": 6186000000, "interestIncome": 0, "interestExpense": 137000000, "depreciationAndAmortization": 180000000, "ebitda": 1024000000, "ebitdaratio": 0.1458689459, "operatingIncome": 769000000, "operatingIncomeRatio": 0.1095441595, "totalOtherIncomeExpensesNet": -65000000, "incomeBeforeTax": 632000000, "incomeBeforeTaxRatio": 0.09002849, "incomeTaxExpense": 228000000, "netIncome": 404000000, "netIncomeRatio": 0.0575498575, "eps": 8.43, "epsdiluted": 8.36, "weightedAverageShsOut": 47900000, "weightedAverageShsOutDil": 48300000, "link": "https://www.sec.gov/Archives/edgar/data/1501585/000150158516000038/0001501585-16-000038-index.htm", "finalLink": "https://www.sec.gov/Archives/edgar/data/1501585/000150158516000038/hii201510-k.htm", "calculatedOtherExpenses": 65000000, "calculatedOperatingExpenses": 734000000, "calculatedNetInterest": -137000000, "calculatedOtherIncome": 0, "calculatedIncomeNonControlling": 0, "calculatedEbitda": 949000000}, {"date": "2014-12-31", "symbol": "HII", "reportedCurrency": "USD", "cik": "0001501585", "fillingDate": "2015-02-19", "acceptedDate": "2015-02-19 10:36:39", "calendarYear": "2014", "period": "FY", "revenue": 6957000000, "costOfRevenue": 5540000000, "grossProfit": 1417000000, "grossProfitRatio": 0.203679747, "researchAndDevelopmentExpenses": 0, "generalAndAdministrativeExpenses": 726000000, "sellingAndMarketingExpenses": 0, "sellingGeneralAndAdministrativeExpenses": 726000000, "otherExpenses": 1000000, "operatingExpenses": 726000000, "costAndExpenses": 6266000000, "interestIncome": 0, "interestExpense": 149000000, "depreciationAndAmortization": 194000000, "ebitda": 897000000, "ebitdaratio": 0.1289348857, "operatingIncome": 655000000, "operatingIncomeRatio": 0.0941497772, "totalOtherIncomeExpensesNet": -35000000, "incomeBeforeTax": 507000000, "incomeBeforeTaxRatio": 0.0728762398, "incomeTaxExpense": 169000000, "netIncome": 338000000, "netIncomeRatio": 0.0485841598, "eps": 6.93, "epsdiluted": 6.86, "weightedAverageShsOut": 48800000, "weightedAverageShsOutDil": 49300000, "link": "https://www.sec.gov/Archives/edgar/data/1501585/000150158515000005/0001501585-15-000005-index.htm", "finalLink": "https://www.sec.gov/Archives/edgar/data/1501585/000150158515000005/hii201410-k.htm", "calculatedOtherExpenses": 36000000, "calculatedOperatingExpenses": 762000000, "calculatedNetInterest": -149000000, "calculatedOtherIncome": 1000000, "calculatedIncomeNonControlling": 0, "calculatedEbitda": 849000000}, {"date": "2013-12-31", "symbol": "HII", "reportedCurrency": "USD", "cik": "0001501585", "fillingDate": "2014-02-27", "acceptedDate": "2014-02-27 11:34:17", "calendarYear": "2013", "period": "FY", "revenue": 6820000000, "costOfRevenue": 5583000000, "grossProfit": 1237000000, "grossProfitRatio": 0.1813782991, "researchAndDevelopmentExpenses": 0, "generalAndAdministrativeExpenses": 739000000, "sellingAndMarketingExpenses": 0, "sellingGeneralAndAdministrativeExpenses": 739000000, "otherExpenses": 0, "operatingExpenses": 739000000, "costAndExpenses": 6322000000, "interestIncome": 0, "interestExpense": 118000000, "depreciationAndAmortization": 226000000, "ebitda": 738000000, "ebitdaratio": 0.1082111437, "operatingIncome": 512000000, "operatingIncomeRatio": 0.0750733138, "totalOtherIncomeExpensesNet": 14000000, "incomeBeforeTax": 394000000, "incomeBeforeTaxRatio": 0.057771261, "incomeTaxExpense": 133000000, "netIncome": 261000000, "netIncomeRatio": 0.0382697947, "eps": 5.25, "epsdiluted": 5.18, "weightedAverageShsOut": 49700000, "weightedAverageShsOutDil": 50400001, "link": "https://www.sec.gov/Archives/edgar/data/1501585/000150158514000005/0001501585-14-000005-index.htm", "finalLink": "https://www.sec.gov/Archives/edgar/data/1501585/000150158514000005/hii201310-k.htm", "calculatedOtherExpenses": -14000000, "calculatedOperatingExpenses": 725000000, "calculatedNetInterest": -118000000, "calculatedOtherIncome": 0, "calculatedIncomeNonControlling": 0, "calculatedEbitda": 738000000}, {"date": "2012-12-31", "symbol": "HII", "reportedCurrency": "USD", "cik": "0001501585", "fillingDate": "2013-02-27", "acceptedDate": "2013-02-27 15:10:25", "calendarYear": "2012", "period": "FY", "revenue": 6708000000, "costOfRevenue": 5629000000, "grossProfit": 1079000000, "grossProfitRatio": 0.1608527132, "researchAndDevelopmentExpenses": 0, "generalAndAdministrativeExpenses": 739000000, "sellingAndMarketingExpenses": 0, "sellingGeneralAndAdministrativeExpenses": 739000000, "otherExpenses": 0, "operatingExpenses": 739000000, "costAndExpenses": 6368000000, "interestIncome": 0, "interestExpense": 117000000, "depreciationAndAmortization": 184000000, "ebitda": 542000000, "ebitdaratio": 0.0807990459, "operatingIncome": 358000000, "operatingIncomeRatio": 0.0533691115, "totalOtherIncomeExpensesNet": 18000000, "incomeBeforeTax": 241000000, "incomeBeforeTaxRatio": 0.035927251, "incomeTaxExpense": 95000000, "netIncome": 146000000, "netIncomeRatio": 0.0217650566, "eps": 2.96, "epsdiluted": 2.91, "weightedAverageShsOut": 49400000, "weightedAverageShsOutDil": 50100001, "link": "https://www.sec.gov/Archives/edgar/data/1501585/000150158513000003/0001501585-13-000003-index.htm", "finalLink": "https://www.sec.gov/Archives/edgar/data/1501585/000150158513000003/hii201210-k.htm", "calculatedOtherExpenses": -18000000, "calculatedOperatingExpenses": 721000000, "calculatedNetInterest": -117000000, "calculatedOtherIncome": 0, "calculatedIncomeNonControlling": 0, "calculatedEbitda": 542000000}, {"date": "2011-12-31", "symbol": "HII", "reportedCurrency": "USD", "cik": "0001501585", "fillingDate": "2012-03-29", "acceptedDate": "2012-03-29 08:38:40", "calendarYear": "2011", "period": "FY", "revenue": 6575000000, "costOfRevenue": 5551000000, "grossProfit": 1024000000, "grossProfitRatio": 0.1557414449, "researchAndDevelopmentExpenses": 0, "generalAndAdministrativeExpenses": 624000000, "sellingAndMarketingExpenses": 0, "sellingGeneralAndAdministrativeExpenses": 624000000, "otherExpenses": 0, "operatingExpenses": 624000000, "costAndExpenses": 6175000000, "interestIncome": 0, "interestExpense": 104000000, "depreciationAndAmortization": 184000000, "ebitda": 584000000, "ebitdaratio": 0.0888212928, "operatingIncome": 110000000, "operatingIncomeRatio": 0.016730038, "totalOtherIncomeExpensesNet": -290000000, "incomeBeforeTax": 6000000, "incomeBeforeTaxRatio": 0.0009125475, "incomeTaxExpense": 100000000, "netIncome": -94000000, "netIncomeRatio": -0.0142965779, "eps": -1.93, "epsdiluted": -1.93, "weightedAverageShsOut": 48800000, "weightedAverageShsOutDil": 48800000, "link": "https://www.sec.gov/Archives/edgar/data/1501585/000119312512138529/0001193125-12-138529-index.htm", "finalLink": "https://www.sec.gov/Archives/edgar/data/1501585/000119312512138529/d281994d10k.htm", "calculatedOtherExpenses": 290000000, "calculatedOperatingExpenses": 914000000, "calculatedNetInterest": -104000000, "calculatedOtherIncome": 0, "calculatedIncomeNonControlling": 0, "calculatedEbitda": 294000000}, {"date": "2010-12-31", "symbol": "HII", "reportedCurrency": "USD", "cik": "0001501585", "fillingDate": "2010-12-31", "acceptedDate": "2010-12-30 19:00:00", "calendarYear": "2010", "period": "FY", "revenue": 6723000000, "costOfRevenue": 5831000000, "grossProfit": 892000000, "grossProfitRatio": 0.1326788636, "researchAndDevelopmentExpenses": 0, "generalAndAdministrativeExpenses": 670000000, "sellingAndMarketingExpenses": 0, "sellingGeneralAndAdministrativeExpenses": 670000000, "otherExpenses": -2000000, "operatingExpenses": 670000000, "costAndExpenses": 6501000000, "interestIncome": 0, "interestExpense": 40000000, "depreciationAndAmortization": 183000000, "ebitda": 422000000, "ebitdaratio": 0.0627695969, "operatingIncome": 241000000, "operatingIncomeRatio": 0.0358470921, "totalOtherIncomeExpensesNet": 17000000, "incomeBeforeTax": 199000000, "incomeBeforeTaxRatio": 0.029599881, "incomeTaxExpense": 68000000, "netIncome": 131000000, "netIncomeRatio": 0.0194853488, "eps": 2.69, "epsdiluted": 2.69, "weightedAverageShsOut": 48765741, "weightedAverageShsOutDil": 48765741, "link": "", "finalLink": "", "calculatedOtherExpenses": -19000000, "calculatedOperatingExpenses": 651000000, "calculatedNetInterest": -40000000, "calculatedOtherIncome": -2000000, "calculatedIncomeNonControlling": 0, "calculatedEbitda": 424000000}]}