{"originalCurrency": "USD", "convertedCurrency": "USD", "report": [{"date": "2023-12-31", "symbol": "HL", "reportedCurrency": "USD", "cik": "0000719413", "fillingDate": "2024-02-15", "acceptedDate": "2024-02-15 12:32:42", "calendarYear": "2023", "period": "FY", "revenue": 720227000, "costOfRevenue": 607278000, "grossProfit": 112949000, "grossProfitRatio": 0.1568241679, "researchAndDevelopmentExpenses": 0, "generalAndAdministrativeExpenses": 42722000, "sellingAndMarketingExpenses": 0, "sellingGeneralAndAdministrativeExpenses": 42722000, "otherExpenses": 5883000, "operatingExpenses": 73796000, "costAndExpenses": 681074000, "interestIncome": 0, "interestExpense": 43319000, "depreciationAndAmortization": 163672000, "ebitda": 208708000, "ebitdaratio": 0.2897808608, "operatingIncome": -44674000, "operatingIncomeRatio": -0.0620276663, "totalOtherIncomeExpensesNet": -78829000, "incomeBeforeTax": -82995000, "incomeBeforeTaxRatio": -0.1152345025, "incomeTaxExpense": 1222000, "netIncome": -84769000, "netIncomeRatio": -0.1176976148, "eps": -0.14, "epsdiluted": -0.14, "weightedAverageShsOut": 605668000, "weightedAverageShsOutDil": 605668000, "link": "https://www.sec.gov/Archives/edgar/data/719413/000095017024015673/0000950170-24-015673-index.htm", "finalLink": "https://www.sec.gov/Archives/edgar/data/719413/000095017024015673/hl-20231231.htm", "calculatedOtherExpenses": 114901000, "calculatedOperatingExpenses": 157623000, "calculatedNetInterest": -43319000, "calculatedOtherIncome": 4998000, "calculatedIncomeNonControlling": 552000, "calculatedEbitda": 118998000}, {"date": "2022-12-31", "symbol": "HL", "reportedCurrency": "USD", "cik": "0000719413", "fillingDate": "2023-02-17", "acceptedDate": "2023-02-17 13:58:50", "calendarYear": "2022", "period": "FY", "revenue": 718905000, "costOfRevenue": 602749000, "grossProfit": 116156000, "grossProfitRatio": 0.1615735041, "researchAndDevelopmentExpenses": 0, "generalAndAdministrativeExpenses": 43384000, "sellingAndMarketingExpenses": 0, "sellingGeneralAndAdministrativeExpenses": 43384000, "otherExpenses": 52303000, "operatingExpenses": 95687000, "costAndExpenses": 698436000, "interestIncome": 42793000, "interestExpense": 42793000, "depreciationAndAmortization": 145147000, "ebitda": 173445000, "ebitdaratio": 0.2412627538, "operatingIncome": 28298000, "operatingIncomeRatio": 0.0393626418, "totalOtherIncomeExpensesNet": -73212000, "incomeBeforeTax": -44914000, "incomeBeforeTaxRatio": -0.0624755705, "incomeTaxExpense": -7566000, "netIncome": -37348000, "netIncomeRatio": -0.0519512314, "eps": -0.067, "epsdiluted": -0.067, "weightedAverageShsOut": 557344000, "weightedAverageShsOutDil": 557344000, "link": "https://www.sec.gov/Archives/edgar/data/719413/000095017023003174/0000950170-23-003174-index.htm", "finalLink": "https://www.sec.gov/Archives/edgar/data/719413/000095017023003174/hl-20221231.htm", "calculatedOtherExpenses": 44474000, "calculatedOperatingExpenses": 87858000, "calculatedNetInterest": 0, "calculatedOtherIncome": -73212000, "calculatedIncomeNonControlling": 0, "calculatedEbitda": 173445000}, {"date": "2021-12-31", "symbol": "HL", "reportedCurrency": "USD", "cik": "0000719413", "fillingDate": "2022-02-23", "acceptedDate": "2022-02-23 15:05:50", "calendarYear": "2021", "period": "FY", "revenue": 807473000, "costOfRevenue": 589672000, "grossProfit": 217801000, "grossProfitRatio": 0.2697316195, "researchAndDevelopmentExpenses": 0, "generalAndAdministrativeExpenses": 34570000, "sellingAndMarketingExpenses": 0, "sellingGeneralAndAdministrativeExpenses": 34570000, "otherExpenses": 62141000, "operatingExpenses": 96711000, "costAndExpenses": 686383000, "interestIncome": 41945000, "interestExpense": 41945000, "depreciationAndAmortization": 172651000, "ebitda": 293167000, "ebitdaratio": 0.3630672481, "operatingIncome": 120516000, "operatingIncomeRatio": 0.1492508109, "totalOtherIncomeExpensesNet": -114990000, "incomeBeforeTax": 5526000, "incomeBeforeTaxRatio": 0.0068435725, "incomeTaxExpense": -29569000, "netIncome": 35095000, "netIncomeRatio": 0.0434627536, "eps": 0.0644, "epsdiluted": 0.0644, "weightedAverageShsOut": 536192000, "weightedAverageShsOutDil": 542176000, "link": "https://www.sec.gov/Archives/edgar/data/719413/000143774922004164/0001437749-22-004164-index.htm", "finalLink": "https://www.sec.gov/Archives/edgar/data/719413/000143774922004164/hl20211231_10k.htm", "calculatedOtherExpenses": 62715000, "calculatedOperatingExpenses": 97285000, "calculatedNetInterest": 0, "calculatedOtherIncome": -114990000, "calculatedIncomeNonControlling": 0, "calculatedEbitda": 293167000}, {"date": "2020-12-31", "symbol": "HL", "reportedCurrency": "USD", "cik": "0000719413", "fillingDate": "2021-02-18", "acceptedDate": "2021-02-18 13:21:52", "calendarYear": "2020", "period": "FY", "revenue": 691873000, "costOfRevenue": 546170000, "grossProfit": 145703000, "grossProfitRatio": 0.2105921173, "researchAndDevelopmentExpenses": 2442000, "generalAndAdministrativeExpenses": 35561000, "sellingAndMarketingExpenses": 0, "sellingGeneralAndAdministrativeExpenses": 35561000, "otherExpenses": 22747000, "operatingExpenses": 60750000, "costAndExpenses": 606920000, "interestIncome": 49569000, "interestExpense": 49569000, "depreciationAndAmortization": 164026000, "ebitda": 242783000, "ebitdaratio": 0.3509068861, "operatingIncome": 78757000, "operatingIncomeRatio": 0.1138315847, "totalOtherIncomeExpensesNet": -95412000, "incomeBeforeTax": -16655000, "incomeBeforeTaxRatio": -0.024072337, "incomeTaxExpense": 135000, "netIncome": -16790000, "netIncomeRatio": -0.0242674595, "eps": -0.0318, "epsdiluted": -0.0318, "weightedAverageShsOut": 527328999, "weightedAverageShsOutDil": 527328999, "link": "https://www.sec.gov/Archives/edgar/data/719413/000143774921003217/0001437749-21-003217-index.htm", "finalLink": "https://www.sec.gov/Archives/edgar/data/719413/000143774921003217/hl20201231_10k.htm", "calculatedOtherExpenses": 28943000, "calculatedOperatingExpenses": 66946000, "calculatedNetInterest": 0, "calculatedOtherIncome": -95412000, "calculatedIncomeNonControlling": 0, "calculatedEbitda": 242783000}, {"date": "2019-12-31", "symbol": "HL", "reportedCurrency": "USD", "cik": "0000719413", "fillingDate": "2020-02-10", "acceptedDate": "2020-02-10 06:19:11", "calendarYear": "2019", "period": "FY", "revenue": 673266000, "costOfRevenue": 649867000, "grossProfit": 23399000, "grossProfitRatio": 0.0347544655, "researchAndDevelopmentExpenses": 3685000, "generalAndAdministrativeExpenses": 35832000, "sellingAndMarketingExpenses": 0, "sellingGeneralAndAdministrativeExpenses": 35832000, "otherExpenses": 18962000, "operatingExpenses": 58479000, "costAndExpenses": 708346000, "interestIncome": -4429000, "interestExpense": 48447000, "depreciationAndAmortization": 204475000, "ebitda": 164966000, "ebitdaratio": 0.2450235123, "operatingIncome": -39509000, "operatingIncomeRatio": -0.0586826009, "totalOtherIncomeExpensesNet": -84149000, "incomeBeforeTax": -123658000, "incomeBeforeTaxRatio": -0.1836688619, "incomeTaxExpense": -24101000, "netIncome": -99557000, "netIncomeRatio": -0.1478717179, "eps": -0.2, "epsdiluted": -0.2, "weightedAverageShsOut": 490449000, "weightedAverageShsOutDil": 490449000, "link": "https://www.sec.gov/Archives/edgar/data/719413/000143774920002109/0001437749-20-002109-index.htm", "finalLink": "https://www.sec.gov/Archives/edgar/data/719413/000143774920002109/hl20191231_10k.htm", "calculatedOtherExpenses": 23391000, "calculatedOperatingExpenses": 62908000, "calculatedNetInterest": -52876000, "calculatedOtherIncome": -31273000, "calculatedIncomeNonControlling": 0, "calculatedEbitda": 164966000}, {"date": "2018-12-31", "symbol": "HL", "reportedCurrency": "USD", "cik": "0000719413", "fillingDate": "2019-02-22", "acceptedDate": "2019-02-21 20:11:30", "calendarYear": "2018", "period": "FY", "revenue": 567137000, "costOfRevenue": 488038000, "grossProfit": 79099000, "grossProfitRatio": 0.1394707099, "researchAndDevelopmentExpenses": 10328000, "generalAndAdministrativeExpenses": 36542000, "sellingAndMarketingExpenses": 0, "sellingGeneralAndAdministrativeExpenses": 36542000, "otherExpenses": -907000, "operatingExpenses": 84161000, "costAndExpenses": 572199000, "interestIncome": -907000, "interestExpense": 40944000, "depreciationAndAmortization": 140905000, "ebitda": 134936000, "ebitdaratio": 0.2379248753, "operatingIncome": -39126000, "operatingIncomeRatio": -0.0689886218, "totalOtherIncomeExpensesNet": 12742000, "incomeBeforeTax": -33264000, "incomeBeforeTaxRatio": -0.0586524949, "incomeTaxExpense": -6701000, "netIncome": -26563000, "netIncomeRatio": -0.0468370076, "eps": -0.0613, "epsdiluted": -0.0613, "weightedAverageShsOut": 433419000, "weightedAverageShsOutDil": 433419000, "link": "https://www.sec.gov/Archives/edgar/data/719413/000143774919003108/0001437749-19-003108-index.htm", "finalLink": "https://www.sec.gov/Archives/edgar/data/719413/000143774919003108/hl20181231_10k.htm", "calculatedOtherExpenses": 71355000, "calculatedOperatingExpenses": 118225000, "calculatedNetInterest": -41851000, "calculatedOtherIncome": 47713000, "calculatedIncomeNonControlling": 0, "calculatedEbitda": 101779000}, {"date": "2017-12-31", "symbol": "HL", "reportedCurrency": "USD", "cik": "0000719413", "fillingDate": "2018-02-15", "acceptedDate": "2018-02-15 15:57:52", "calendarYear": "2017", "period": "FY", "revenue": 577775000, "costOfRevenue": 420789000, "grossProfit": 156986000, "grossProfitRatio": 0.2717078447, "researchAndDevelopmentExpenses": 8724000, "generalAndAdministrativeExpenses": 35611000, "sellingAndMarketingExpenses": 0, "sellingGeneralAndAdministrativeExpenses": 35611000, "otherExpenses": 26023000, "operatingExpenses": 70358000, "costAndExpenses": 491147000, "interestIncome": 1692000, "interestExpense": 38012000, "depreciationAndAmortization": 121930000, "ebitda": 210250000, "ebitdaratio": 0.3638959803, "operatingIncome": 64643000, "operatingIncomeRatio": 0.1118826533, "totalOtherIncomeExpensesNet": -53948000, "incomeBeforeTax": -3640000, "incomeBeforeTaxRatio": -0.0063000303, "incomeTaxExpense": 19879000, "netIncome": -23519000, "netIncomeRatio": -0.0407061572, "eps": -0.0592, "epsdiluted": -0.0592, "weightedAverageShsOut": 397394000, "weightedAverageShsOutDil": 397394000, "link": "https://www.sec.gov/Archives/edgar/data/719413/000143774918002671/0001437749-18-002671-index.htm", "finalLink": "https://www.sec.gov/Archives/edgar/data/719413/000143774918002671/hl20171231_10k.htm", "calculatedOtherExpenses": 48008000, "calculatedOperatingExpenses": 92343000, "calculatedNetInterest": -36320000, "calculatedOtherIncome": -31963000, "calculatedIncomeNonControlling": 0, "calculatedEbitda": 186573000}, {"date": "2016-12-31", "symbol": "HL", "reportedCurrency": "USD", "cik": "0000719413", "fillingDate": "2017-02-23", "acceptedDate": "2017-02-23 12:48:45", "calendarYear": "2016", "period": "FY", "revenue": 645957000, "costOfRevenue": 454451000, "grossProfit": 191506000, "grossProfitRatio": 0.2964686504, "researchAndDevelopmentExpenses": 3380000, "generalAndAdministrativeExpenses": 45040000, "sellingAndMarketingExpenses": 0, "sellingGeneralAndAdministrativeExpenses": 45040000, "otherExpenses": 17873000, "operatingExpenses": 66293000, "costAndExpenses": 520744000, "interestIncome": 507000, "interestExpense": 21796000, "depreciationAndAmortization": 117413000, "ebitda": 243133000, "ebitdaratio": 0.376391927, "operatingIncome": 116944000, "operatingIncomeRatio": 0.1810399144, "totalOtherIncomeExpensesNet": -6949000, "incomeBeforeTax": 96975000, "incomeBeforeTaxRatio": 0.150126092, "incomeTaxExpense": 27428000, "netIncome": 69547000, "netIncomeRatio": 0.1076650613, "eps": 0.18, "epsdiluted": 0.18, "weightedAverageShsOut": 386416000, "weightedAverageShsOutDil": 389322000, "link": "https://www.sec.gov/Archives/edgar/data/719413/000143774917003050/0001437749-17-003050-index.htm", "finalLink": "https://www.sec.gov/Archives/edgar/data/719413/000143774917003050/hl20161231_10k.htm", "calculatedOtherExpenses": 26142000, "calculatedOperatingExpenses": 74562000, "calculatedNetInterest": -21289000, "calculatedOtherIncome": 1320000, "calculatedIncomeNonControlling": 0, "calculatedEbitda": 234357000}, {"date": "2015-12-31", "symbol": "HL", "reportedCurrency": "USD", "cik": "0000719413", "fillingDate": "2016-02-23", "acceptedDate": "2016-02-23 06:29:54", "calendarYear": "2015", "period": "FY", "revenue": 443567000, "costOfRevenue": 405056000, "grossProfit": 38511000, "grossProfitRatio": 0.0868211567, "researchAndDevelopmentExpenses": 4213000, "generalAndAdministrativeExpenses": 34201000, "sellingAndMarketingExpenses": 0, "sellingGeneralAndAdministrativeExpenses": 34201000, "otherExpenses": 20922000, "operatingExpenses": 59336000, "costAndExpenses": 464392000, "interestIncome": 916000, "interestExpense": 25389000, "depreciationAndAmortization": 112585000, "ebitda": 92676000, "ebitdaratio": 0.2089334869, "operatingIncome": -35611000, "operatingIncomeRatio": -0.0802832492, "totalOtherIncomeExpensesNet": 14640000, "incomeBeforeTax": -30658000, "incomeBeforeTaxRatio": -0.0691169541, "incomeTaxExpense": 56310000, "netIncome": -86968000, "netIncomeRatio": -0.1960650815, "eps": -0.23, "epsdiluted": -0.23, "weightedAverageShsOut": 373954000, "weightedAverageShsOutDil": 373954000, "link": "https://www.sec.gov/Archives/edgar/data/719413/000143774916025805/0001437749-16-025805-index.htm", "finalLink": "https://www.sec.gov/Archives/edgar/data/719413/000143774916025805/hl20151231_10k.htm", "calculatedOtherExpenses": 35708000, "calculatedOperatingExpenses": 74122000, "calculatedNetInterest": -24473000, "calculatedOtherIncome": 29426000, "calculatedIncomeNonControlling": 0, "calculatedEbitda": 76974000}, {"date": "2014-12-31", "symbol": "HL", "reportedCurrency": "USD", "cik": "0000719413", "fillingDate": "2015-02-18", "acceptedDate": "2015-02-18 13:55:16", "calendarYear": "2014", "period": "FY", "revenue": 500781000, "costOfRevenue": 415580000, "grossProfit": 85201000, "grossProfitRatio": 0.1701362472, "researchAndDevelopmentExpenses": 1969000, "generalAndAdministrativeExpenses": 31538000, "sellingAndMarketingExpenses": 0, "sellingGeneralAndAdministrativeExpenses": 31538000, "otherExpenses": 19993000, "operatingExpenses": 53500000, "costAndExpenses": 469080000, "interestIncome": 286000, "interestExpense": 26775000, "depreciationAndAmortization": 112173000, "ebitda": 144160000, "ebitdaratio": 0.2878703465, "operatingIncome": 21628000, "operatingIncomeRatio": 0.0431885395, "totalOtherIncomeExpensesNet": 7372000, "incomeBeforeTax": 12584000, "incomeBeforeTaxRatio": 0.0251287489, "incomeTaxExpense": -5240000, "netIncome": 17824000, "netIncomeRatio": 0.0355924047, "eps": 0.05, "epsdiluted": 0.05, "weightedAverageShsOut": 353442000, "weightedAverageShsOutDil": 357435000, "link": "https://www.sec.gov/Archives/edgar/data/719413/000143774915002930/0001437749-15-002930-index.htm", "finalLink": "https://www.sec.gov/Archives/edgar/data/719413/000143774915002930/hl20141231_10k.htm", "calculatedOtherExpenses": 30066000, "calculatedOperatingExpenses": 63573000, "calculatedNetInterest": -26489000, "calculatedOtherIncome": 17445000, "calculatedIncomeNonControlling": 0, "calculatedEbitda": 133801000}, {"date": "2013-12-31", "symbol": "HL", "reportedCurrency": "USD", "cik": "0000719413", "fillingDate": "2014-02-19", "acceptedDate": "2014-02-19 16:53:57", "calendarYear": "2013", "period": "FY", "revenue": 382589000, "costOfRevenue": 316443000, "grossProfit": 66146000, "grossProfitRatio": 0.1728904908, "researchAndDevelopmentExpenses": 14148000, "generalAndAdministrativeExpenses": 28925000, "sellingAndMarketingExpenses": 0, "sellingGeneralAndAdministrativeExpenses": 28925000, "otherExpenses": 25143000, "operatingExpenses": 68216000, "costAndExpenses": 384659000, "interestIncome": 662000, "interestExpense": 21689000, "depreciationAndAmortization": 82366000, "ebitda": 80958000, "ebitdaratio": 0.2116056656, "operatingIncome": -32394000, "operatingIncomeRatio": -0.084670495, "totalOtherIncomeExpensesNet": -11828000, "incomeBeforeTax": -34925000, "incomeBeforeTaxRatio": -0.0912859492, "incomeTaxExpense": -9795000, "netIncome": -25130000, "netIncomeRatio": -0.0656840631, "eps": -0.0789, "epsdiluted": -0.0789, "weightedAverageShsOut": 318679000, "weightedAverageShsOutDil": 318679000, "link": "https://www.sec.gov/Archives/edgar/data/719413/000143774914002454/0001437749-14-002454-index.htm", "finalLink": "https://www.sec.gov/Archives/edgar/data/719413/000143774914002454/hl20131231_10k.htm", "calculatedOtherExpenses": 55467000, "calculatedOperatingExpenses": 98540000, "calculatedNetInterest": -21027000, "calculatedOtherIncome": 18496000, "calculatedIncomeNonControlling": 0, "calculatedEbitda": 49972000}, {"date": "2012-12-31", "symbol": "HL", "reportedCurrency": "USD", "cik": "0000719413", "fillingDate": "2013-02-25", "acceptedDate": "2013-02-25 12:43:13", "calendarYear": "2012", "period": "FY", "revenue": 321143000, "costOfRevenue": 177627000, "grossProfit": 143516000, "grossProfitRatio": 0.4468912603, "researchAndDevelopmentExpenses": 17916000, "generalAndAdministrativeExpenses": 21253000, "sellingAndMarketingExpenses": 0, "sellingGeneralAndAdministrativeExpenses": 21253000, "otherExpenses": 36245000, "operatingExpenses": 75414000, "costAndExpenses": 253041000, "interestIncome": 22000, "interestExpense": 2427000, "depreciationAndAmortization": 50113000, "ebitda": 118237000, "ebitdaratio": 0.368175548, "operatingIncome": 37866000, "operatingIncomeRatio": 0.1179100899, "totalOtherIncomeExpensesNet": -41864000, "incomeBeforeTax": 23833000, "incomeBeforeTaxRatio": 0.0742130453, "incomeTaxExpense": 8879000, "netIncome": 14954000, "netIncomeRatio": 0.0465649259, "eps": 0.05, "epsdiluted": 0.05, "weightedAverageShsOut": 285375000, "weightedAverageShsOutDil": 297566000, "link": "https://www.sec.gov/Archives/edgar/data/719413/000143774913001916/0001437749-13-001916-index.htm", "finalLink": "https://www.sec.gov/Archives/edgar/data/719413/000143774913001916/hecla_10k-123112.htm", "calculatedOtherExpenses": 66481000, "calculatedOperatingExpenses": 105650000, "calculatedNetInterest": -2405000, "calculatedOtherIncome": -11628000, "calculatedIncomeNonControlling": 0, "calculatedEbitda": 87979000}, {"date": "2011-12-31", "symbol": "HL", "reportedCurrency": "USD", "cik": "0000719413", "fillingDate": "2012-02-22", "acceptedDate": "2012-02-21 18:42:33", "calendarYear": "2011", "period": "FY", "revenue": 477634000, "costOfRevenue": 212639000, "grossProfit": 264995000, "grossProfitRatio": 0.5548076561, "researchAndDevelopmentExpenses": 31405000, "generalAndAdministrativeExpenses": 18540000, "sellingAndMarketingExpenses": 0, "sellingGeneralAndAdministrativeExpenses": 18540000, "otherExpenses": 7658000, "operatingExpenses": 57603000, "costAndExpenses": 270242000, "interestIncome": 0, "interestExpense": 2875000, "depreciationAndAmortization": 47348000, "ebitda": 254740000, "ebitdaratio": 0.5333372415, "operatingIncome": 197645000, "operatingIncomeRatio": 0.4138001064, "totalOtherIncomeExpensesNet": 28625000, "incomeBeforeTax": 233142000, "incomeBeforeTaxRatio": 0.4881185175, "incomeTaxExpense": 81978000, "netIncome": 151164000, "netIncomeRatio": 0.3164850073, "eps": 0.54, "epsdiluted": 0.51, "weightedAverageShsOut": 280956000, "weightedAverageShsOutDil": 297033000, "link": "https://www.sec.gov/Archives/edgar/data/719413/000143774912001603/0001437749-12-001603-index.htm", "finalLink": "https://www.sec.gov/Archives/edgar/data/719413/000143774912001603/hecla_10k-123111.htm", "calculatedOtherExpenses": 17405000, "calculatedOperatingExpenses": 67350000, "calculatedNetInterest": -2875000, "calculatedOtherIncome": 38372000, "calculatedIncomeNonControlling": 0, "calculatedEbitda": 244993000}, {"date": "2010-12-31", "symbol": "HL", "reportedCurrency": "USD", "cik": "0000719413", "fillingDate": "2011-02-25", "acceptedDate": "2011-02-25 10:03:46", "calendarYear": "2010", "period": "FY", "revenue": 418813000, "costOfRevenue": 223994000, "grossProfit": 194819000, "grossProfitRatio": 0.4651694193, "researchAndDevelopmentExpenses": 0, "generalAndAdministrativeExpenses": 23553000, "sellingAndMarketingExpenses": 0, "sellingGeneralAndAdministrativeExpenses": 23553000, "otherExpenses": 222821000, "operatingExpenses": 246374000, "costAndExpenses": 470368000, "interestIncome": 126000, "interestExpense": 2211000, "depreciationAndAmortization": 61615000, "ebitda": 10186000, "ebitdaratio": 0.0243211171, "operatingIncome": -51555000, "operatingIncomeRatio": -0.1230978981, "totalOtherIncomeExpensesNet": -20909000, "incomeBeforeTax": -74549000, "incomeBeforeTaxRatio": -0.1780006829, "incomeTaxExpense": -123532000, "netIncome": 48983000, "netIncomeRatio": 0.1169567325, "eps": 0.14, "epsdiluted": 0.13, "weightedAverageShsOut": 251146000, "weightedAverageShsOutDil": 269601000, "link": "https://www.sec.gov/Archives/edgar/data/719413/000143774911001070/0001437749-11-001070-index.htm", "finalLink": "https://www.sec.gov/Archives/edgar/data/719413/000143774911001070/hecla_10k-123110.htm", "calculatedOtherExpenses": 222821000, "calculatedOperatingExpenses": 246374000, "calculatedNetInterest": -2085000, "calculatedOtherIncome": -20909000, "calculatedIncomeNonControlling": 0, "calculatedEbitda": 10060000}, {"date": "2009-12-31", "symbol": "HL", "reportedCurrency": "USD", "cik": "0000719413", "fillingDate": "2010-02-17", "acceptedDate": "2010-02-17 17:13:04", "calendarYear": "2009", "period": "FY", "revenue": 312548000, "costOfRevenue": 211479000, "grossProfit": 101069000, "grossProfitRatio": 0.3233711302, "researchAndDevelopmentExpenses": 0, "generalAndAdministrativeExpenses": 15063000, "sellingAndMarketingExpenses": 0, "sellingGeneralAndAdministrativeExpenses": 15063000, "otherExpenses": 10734000, "operatingExpenses": 25797000, "costAndExpenses": 237276000, "interestIncome": 1121000, "interestExpense": 11326000, "depreciationAndAmortization": 64449000, "ebitda": 140842000, "ebitdaratio": 0.450625184, "operatingIncome": 75272000, "operatingIncomeRatio": 0.240833408, "totalOtherIncomeExpensesNet": -4921000, "incomeBeforeTax": 60146000, "incomeBeforeTaxRatio": 0.1924376416, "incomeTaxExpense": -7680000, "netIncome": 67826000, "netIncomeRatio": 0.2170098673, "eps": 0.24, "epsdiluted": 0.23, "weightedAverageShsOut": 224933000, "weightedAverageShsOutDil": 233618000, "link": "https://www.sec.gov/Archives/edgar/data/719413/000143774910000424/0001437749-10-000424-index.htm", "finalLink": "https://www.sec.gov/Archives/edgar/data/719413/000143774910000424/hecla_10k-123109.htm", "calculatedOtherExpenses": 10734000, "calculatedOperatingExpenses": 25797000, "calculatedNetInterest": -10205000, "calculatedOtherIncome": -4921000, "calculatedIncomeNonControlling": 0, "calculatedEbitda": 139721000}, {"date": "2008-12-31", "symbol": "HL", "reportedCurrency": "USD", "cik": "0000719413", "fillingDate": "2009-03-02", "acceptedDate": "2009-03-02 14:26:12", "calendarYear": "2008", "period": "FY", "revenue": 192655000, "costOfRevenue": 174796000, "grossProfit": 17859000, "grossProfitRatio": 0.0926993849, "researchAndDevelopmentExpenses": 0, "generalAndAdministrativeExpenses": 13894000, "sellingAndMarketingExpenses": 29527000, "sellingGeneralAndAdministrativeExpenses": 43421000, "otherExpenses": -203000, "operatingExpenses": 43218000, "costAndExpenses": 218014000, "interestIncome": 0, "interestExpense": -19573000, "depreciationAndAmortization": 43202000, "ebitda": 9916000, "ebitdaratio": 0.0514702447, "operatingIncome": -25359000, "operatingIncomeRatio": -0.1316290779, "totalOtherIncomeExpensesNet": 7927000, "incomeBeforeTax": -33366000, "incomeBeforeTaxRatio": -0.1731904181, "incomeTaxExpense": 3807000, "netIncome": -54468000, "netIncomeRatio": -0.2827230023, "eps": -0.39, "epsdiluted": -0.39, "weightedAverageShsOut": 141272000, "weightedAverageShsOutDil": 141272000, "link": "https://www.sec.gov/Archives/edgar/data/719413/000089710109000401/0000897101-09-000401-index.htm", "finalLink": "https://www.sec.gov/Archives/edgar/data/719413/000089710109000401/hecla090906_10k.htm", "calculatedOtherExpenses": -203000, "calculatedOperatingExpenses": 43218000, "calculatedNetInterest": 19573000, "calculatedOtherIncome": -27580000, "calculatedIncomeNonControlling": 17295000, "calculatedEbitda": 17843000}, {"date": "2007-12-31", "symbol": "HL", "reportedCurrency": "USD", "cik": "0000719413", "fillingDate": "2008-02-29", "acceptedDate": "2008-02-29 15:16:01", "calendarYear": "2007", "period": "FY", "revenue": 222622000, "costOfRevenue": 162504000, "grossProfit": 60118000, "grossProfitRatio": 0.2700451887, "researchAndDevelopmentExpenses": 1027000, "generalAndAdministrativeExpenses": 15166000, "sellingAndMarketingExpenses": 2404000, "sellingGeneralAndAdministrativeExpenses": 17570000, "otherExpenses": -43087000, "operatingExpenses": -24490000, "costAndExpenses": 138014000, "interestIncome": 0, "interestExpense": -534000, "depreciationAndAmortization": 27179000, "ebitda": 121462000, "ebitdaratio": 0.5455974702, "operatingIncome": 48785000, "operatingIncomeRatio": 0.2191382703, "totalOtherIncomeExpensesNet": -9675000, "incomeBeforeTax": 44067000, "incomeBeforeTaxRatio": 0.1979453962, "incomeTaxExpense": -9130000, "netIncome": 53197000, "netIncomeRatio": 0.238956617, "eps": 0.43, "epsdiluted": 0.43, "weightedAverageShsOut": 120420000, "weightedAverageShsOutDil": 121071000, "link": "https://www.sec.gov/Archives/edgar/data/719413/000089710108000445/0000897101-08-000445-index.htm", "finalLink": "https://www.sec.gov/Archives/edgar/data/719413/000089710108000445/hecla080804_10k.htm", "calculatedOtherExpenses": -7264000, "calculatedOperatingExpenses": 11333000, "calculatedNetInterest": 534000, "calculatedOtherIncome": -5252000, "calculatedIncomeNonControlling": 0, "calculatedEbitda": 75964000}, {"date": "2006-12-31", "symbol": "HL", "reportedCurrency": "USD", "cik": "0000719413", "fillingDate": "2007-03-16", "acceptedDate": "2007-03-16 14:20:43", "calendarYear": "2006", "period": "FY", "revenue": 217417000, "costOfRevenue": 164264000, "grossProfit": 53153000, "grossProfitRatio": 0.2444749031, "researchAndDevelopmentExpenses": 0, "generalAndAdministrativeExpenses": 15011000, "sellingAndMarketingExpenses": 11647000, "sellingGeneralAndAdministrativeExpenses": 26658000, "otherExpenses": 24795000, "operatingExpenses": 51453000, "costAndExpenses": 215717000, "interestIncome": 0, "interestExpense": -608000, "depreciationAndAmortization": 39767000, "ebitda": 8602000, "ebitdaratio": 0.0395645235, "operatingIncome": 21966000, "operatingIncomeRatio": 0.1010316581, "totalOtherIncomeExpensesNet": 32865000, "incomeBeforeTax": 61821000, "incomeBeforeTaxRatio": 0.2843429907, "incomeTaxExpense": -7301000, "netIncome": 69122000, "netIncomeRatio": 0.3179236214, "eps": 0.57, "epsdiluted": 0.57, "weightedAverageShsOut": 119255000, "weightedAverageShsOutDil": 119702000, "link": "https://www.sec.gov/Archives/edgar/data/719413/000089710107000595/0000897101-07-000595-index.htm", "finalLink": "https://www.sec.gov/Archives/edgar/data/719413/000089710107000595/hecla065050s1_10k.htm", "calculatedOtherExpenses": 4529000, "calculatedOperatingExpenses": 31187000, "calculatedNetInterest": 608000, "calculatedOtherIncome": 39247000, "calculatedIncomeNonControlling": 0, "calculatedEbitda": 61733000}, {"date": "2005-12-31", "symbol": "HL", "reportedCurrency": "USD", "cik": "0000719413", "fillingDate": "2006-03-10", "acceptedDate": "2006-03-10 16:47:27", "calendarYear": "2005", "period": "FY", "revenue": 110161000, "costOfRevenue": 112431000, "grossProfit": -2270000, "grossProfitRatio": -0.0206062036, "researchAndDevelopmentExpenses": 0, "generalAndAdministrativeExpenses": 10134000, "sellingAndMarketingExpenses": 11701000, "sellingGeneralAndAdministrativeExpenses": 21835000, "otherExpenses": 17398000, "operatingExpenses": 39233000, "costAndExpenses": 151664000, "interestIncome": 0, "interestExpense": -225000, "depreciationAndAmortization": 21083000, "ebitda": -17184000, "ebitdaratio": -0.1559898694, "operatingIncome": -26344000, "operatingIncomeRatio": -0.2391408938, "totalOtherIncomeExpensesNet": -3236000, "incomeBeforeTax": -24700000, "incomeBeforeTaxRatio": -0.224217282, "incomeTaxExpense": 660000, "netIncome": -25360000, "netIncomeRatio": -0.230208513, "eps": -0.21, "epsdiluted": -0.21, "weightedAverageShsOut": 118458000, "weightedAverageShsOutDil": 118458000, "link": "https://www.sec.gov/Archives/edgar/data/719413/000089710106000570/0000897101-06-000570-index.htm", "finalLink": "https://www.sec.gov/Archives/edgar/data/719413/000089710106000570/hecla061047_10k.htm", "calculatedOtherExpenses": 2239000, "calculatedOperatingExpenses": 24074000, "calculatedNetInterest": 225000, "calculatedOtherIncome": 1419000, "calculatedIncomeNonControlling": 0, "calculatedEbitda": -5261000}, {"date": "2004-12-31", "symbol": "HL", "reportedCurrency": "USD", "cik": "0000719413", "fillingDate": "2005-03-16", "acceptedDate": "2005-03-16 15:33:22", "calendarYear": "2004", "period": "FY", "revenue": 130826000, "costOfRevenue": 89586000, "grossProfit": 41240000, "grossProfitRatio": 0.3152278599, "researchAndDevelopmentExpenses": 0, "generalAndAdministrativeExpenses": 8731000, "sellingAndMarketingExpenses": 15397000, "sellingGeneralAndAdministrativeExpenses": 24128000, "otherExpenses": 18044000, "operatingExpenses": 42172000, "costAndExpenses": 131758000, "interestIncome": 1923000, "interestExpense": -500000, "depreciationAndAmortization": 21878000, "ebitda": 20946000, "ebitdaratio": 0.1601057894, "operatingIncome": -4766000, "operatingIncomeRatio": -0.0364300674, "totalOtherIncomeExpensesNet": 1423000, "incomeBeforeTax": -3343000, "incomeBeforeTaxRatio": -0.0255530246, "incomeTaxExpense": 2791000, "netIncome": -6134000, "netIncomeRatio": -0.0468867045, "eps": -0.052, "epsdiluted": -0.052, "weightedAverageShsOut": 118048000, "weightedAverageShsOutDil": 118048000, "link": "https://www.sec.gov/Archives/edgar/data/719413/000089710105000728/0000897101-05-000728-index.htm", "finalLink": "https://www.sec.gov/Archives/edgar/data/719413/000089710105000728/hecla051200_10k.htm", "calculatedOtherExpenses": 21878000, "calculatedOperatingExpenses": 46006000, "calculatedNetInterest": 2423000, "calculatedOtherIncome": -1000000, "calculatedIncomeNonControlling": 0, "calculatedEbitda": 17112000}, {"date": "2003-12-31", "symbol": "HL", "reportedCurrency": "USD", "cik": "0000719413", "fillingDate": "2004-03-03", "acceptedDate": "2004-03-03 17:17:51", "calendarYear": "2003", "period": "FY", "revenue": 116353000, "costOfRevenue": 61197000, "grossProfit": 55156000, "grossProfitRatio": 0.4740402052, "researchAndDevelopmentExpenses": 0, "generalAndAdministrativeExpenses": 8407000, "sellingAndMarketingExpenses": 0, "sellingGeneralAndAdministrativeExpenses": 8407000, "otherExpenses": 33682000, "operatingExpenses": 42089000, "costAndExpenses": 103286000, "interestIncome": 2590000, "interestExpense": -1407000, "depreciationAndAmortization": 20462000, "ebitda": 66870000, "ebitdaratio": 0.5747165952, "operatingIncome": -7054000, "operatingIncomeRatio": -0.0606258541, "totalOtherIncomeExpensesNet": -33341000, "incomeBeforeTax": -5871000, "incomeBeforeTaxRatio": -0.0504585185, "incomeTaxExpense": 1217000, "netIncome": -6016000, "netIncomeRatio": -0.0517047261, "eps": -0.0544, "epsdiluted": -0.0544, "weightedAverageShsOut": 110610000, "weightedAverageShsOutDil": 110610000, "link": "https://www.sec.gov/Archives/edgar/data/719413/000089710104000432/0000897101-04-000432-index.htm", "finalLink": "https://www.sec.gov/Archives/edgar/data/719413/000089710104000432/hecla041038s1_10k.htm", "calculatedOtherExpenses": 53803000, "calculatedOperatingExpenses": 62210000, "calculatedNetInterest": 3997000, "calculatedOtherIncome": -2814000, "calculatedIncomeNonControlling": -1072000, "calculatedEbitda": 13408000}, {"date": "2002-12-31", "symbol": "HL", "reportedCurrency": "USD", "cik": "0000719413", "fillingDate": "2003-03-07", "acceptedDate": "2003-03-07 17:29:23", "calendarYear": "2002", "period": "FY", "revenue": 105700000, "costOfRevenue": 59449000, "grossProfit": 46251000, "grossProfitRatio": 0.4375685904, "researchAndDevelopmentExpenses": 0, "generalAndAdministrativeExpenses": 0, "sellingAndMarketingExpenses": 0, "sellingGeneralAndAdministrativeExpenses": 7121000, "otherExpenses": 6839000, "operatingExpenses": 13960000, "costAndExpenses": 73409000, "interestIncome": 0, "interestExpense": 0, "depreciationAndAmortization": 22652000, "ebitda": 63525000, "ebitdaratio": 0.6009933775, "operatingIncome": 9755000, "operatingIncomeRatio": 0.0922894986, "totalOtherIncomeExpensesNet": -8582000, "incomeBeforeTax": 7945000, "incomeBeforeTaxRatio": 0.0751655629, "incomeTaxExpense": -2918000, "netIncome": 8639000, "netIncomeRatio": 0.081731315, "eps": -0.18, "epsdiluted": -0.18, "weightedAverageShsOut": 80250000, "weightedAverageShsOutDil": 80250000, "link": "https://www.sec.gov/Archives/edgar/data/719413/000089710103000181/0000897101-03-000181-index.htm", "finalLink": "https://www.sec.gov/Archives/edgar/data/719413/000089710103000181/hecla031150_10k.txt", "calculatedOtherExpenses": 29375000, "calculatedOperatingExpenses": 36496000, "calculatedNetInterest": 0, "calculatedOtherIncome": -1810000, "calculatedIncomeNonControlling": 2224000, "calculatedEbitda": 32407000}, {"date": "2001-12-31", "symbol": "HL", "reportedCurrency": "USD", "cik": "0000719413", "fillingDate": "2002-03-15", "acceptedDate": "2002-03-15 00:00:00", "calendarYear": "2001", "period": "FY", "revenue": 85247000, "costOfRevenue": 60053000, "grossProfit": 25194000, "grossProfitRatio": 0.2955411921, "researchAndDevelopmentExpenses": 0, "generalAndAdministrativeExpenses": 0, "sellingAndMarketingExpenses": 0, "sellingGeneralAndAdministrativeExpenses": 10686000, "otherExpenses": 265000, "operatingExpenses": 10951000, "costAndExpenses": 71004000, "interestIncome": 0, "interestExpense": 0, "depreciationAndAmortization": 20740000, "ebitda": 37937000, "ebitdaratio": 0.4450244583, "operatingIncome": -6232000, "operatingIncomeRatio": -0.0731052119, "totalOtherIncomeExpensesNet": -2954000, "incomeBeforeTax": -9582000, "incomeBeforeTaxRatio": -0.1124027825, "incomeTaxExpense": 11903000, "netIncome": 2340000, "netIncomeRatio": 0.0274496463, "eps": -0.08, "epsdiluted": -0.08, "weightedAverageShsOut": 69396000, "weightedAverageShsOutDil": 69396000, "link": "https://www.sec.gov/Archives/edgar/data/719413/000071941302000005/0000719413-02-000005-index.htm", "finalLink": "https://www.sec.gov/Archives/edgar/data/719413/000071941302000005/form10k.txt", "calculatedOtherExpenses": 20740000, "calculatedOperatingExpenses": 31426000, "calculatedNetInterest": 0, "calculatedOtherIncome": -3350000, "calculatedIncomeNonControlling": -23825000, "calculatedEbitda": 14508000}, {"date": "2000-12-31", "symbol": "HL", "reportedCurrency": "USD", "cik": "0000719413", "fillingDate": "2001-04-12", "acceptedDate": "2001-04-12 00:00:00", "calendarYear": "2000", "period": "FY", "revenue": 75850000, "costOfRevenue": 63088000, "grossProfit": 12762000, "grossProfitRatio": 0.1682531312, "researchAndDevelopmentExpenses": 0, "generalAndAdministrativeExpenses": 0, "sellingAndMarketingExpenses": 0, "sellingGeneralAndAdministrativeExpenses": 33664000, "otherExpenses": 282000, "operatingExpenses": 33946000, "costAndExpenses": 97034000, "interestIncome": 0, "interestExpense": 0, "depreciationAndAmortization": 22363000, "ebitda": 83468000, "ebitdaratio": 1.1004350692, "operatingIncome": -79515000, "operatingIncomeRatio": -1.0483190508, "totalOtherIncomeExpensesNet": -82289000, "incomeBeforeTax": -84834000, "incomeBeforeTaxRatio": -1.118444298, "incomeTaxExpense": 13000, "netIncome": -83965000, "netIncomeRatio": -1.1069874753, "eps": -1.26, "epsdiluted": -1.26, "weightedAverageShsOut": 66791000, "weightedAverageShsOutDil": 66791000, "link": "https://www.sec.gov/Archives/edgar/data/719413/000071941301500016/0000719413-01-500016-index.htm", "finalLink": "https://www.sec.gov/Archives/edgar/data/719413/000071941301500016/hl10kful.txt", "calculatedOtherExpenses": 58613000, "calculatedOperatingExpenses": 92277000, "calculatedNetInterest": 0, "calculatedOtherIncome": -5319000, "calculatedIncomeNonControlling": -882000, "calculatedEbitda": -57152000}, {"date": "1999-12-31", "symbol": "HL", "reportedCurrency": "USD", "cik": "0000719413", "fillingDate": "2000-03-28", "acceptedDate": "2000-03-28 00:00:00", "calendarYear": "1999", "period": "FY", "revenue": 163614000, "costOfRevenue": 129476000, "grossProfit": 34138000, "grossProfitRatio": 0.2086496266, "researchAndDevelopmentExpenses": 0, "generalAndAdministrativeExpenses": 0, "sellingAndMarketingExpenses": 0, "sellingGeneralAndAdministrativeExpenses": 43483000, "otherExpenses": 23738000, "operatingExpenses": 67221000, "costAndExpenses": 196697000, "interestIncome": 0, "interestExpense": 0, "depreciationAndAmortization": 23738000, "ebitda": -3577000, "ebitdaratio": -0.0218624323, "operatingIncome": -37660000, "operatingIncomeRatio": -0.2301759018, "totalOtherIncomeExpensesNet": -5768000, "incomeBeforeTax": -38890000, "incomeBeforeTaxRatio": -0.2376935959, "incomeTaxExpense": -285000, "netIncome": -39990000, "netIncomeRatio": -0.244416737, "eps": -0.64, "epsdiluted": -0.64, "weightedAverageShsOut": 62347000, "weightedAverageShsOutDil": 62347000, "link": "https://www.sec.gov/Archives/edgar/data/719413/000071941300000004/0000719413-00-000004-index.html", "finalLink": "https://www.sec.gov/Archives/edgar/data/719413/000071941300000004/", "calculatedOtherExpenses": 28315000, "calculatedOperatingExpenses": 71798000, "calculatedNetInterest": 0, "calculatedOtherIncome": -1230000, "calculatedIncomeNonControlling": 1385000, "calculatedEbitda": -13922000}, {"date": "1998-12-31", "symbol": "HL", "reportedCurrency": "USD", "cik": "0000719413", "fillingDate": "1999-03-11", "acceptedDate": "1999-03-11 00:00:00", "calendarYear": "1998", "period": "FY", "revenue": 159200000, "costOfRevenue": 127900000, "grossProfit": 31300000, "grossProfitRatio": 0.1966080402, "researchAndDevelopmentExpenses": 0, "generalAndAdministrativeExpenses": 0, "sellingAndMarketingExpenses": 0, "sellingGeneralAndAdministrativeExpenses": 13200000, "otherExpenses": 22600000, "operatingExpenses": 35800000, "costAndExpenses": 163700000, "interestIncome": 0, "interestExpense": 0, "depreciationAndAmortization": 22600000, "ebitda": 12600000, "ebitdaratio": 0.0791457286, "operatingIncome": -4500000, "operatingIncomeRatio": -0.0282663317, "totalOtherIncomeExpensesNet": 5500000, "incomeBeforeTax": -1200000, "incomeBeforeTaxRatio": -0.0075376884, "incomeTaxExpense": -900000, "netIncome": -300000, "netIncomeRatio": -0.0018844221, "eps": -0.0054, "epsdiluted": -0.0054, "weightedAverageShsOut": 56000000, "weightedAverageShsOutDil": 56000000, "link": "https://www.sec.gov/Archives/edgar/data/719413/000071941399000002/0000719413-99-000002-index.html", "finalLink": "https://www.sec.gov/Archives/edgar/data/719413/", "calculatedOtherExpenses": 22600000, "calculatedOperatingExpenses": 35800000, "calculatedNetInterest": 0, "calculatedOtherIncome": 3300000, "calculatedIncomeNonControlling": 0, "calculatedEbitda": 18100000}, {"date": "1997-12-31", "symbol": "HL", "reportedCurrency": "USD", "cik": "0000719413", "fillingDate": "1998-03-09", "acceptedDate": "1998-03-09 00:00:00", "calendarYear": "1997", "period": "FY", "revenue": 163900000, "costOfRevenue": 126700000, "grossProfit": 37200000, "grossProfitRatio": 0.2269676632, "researchAndDevelopmentExpenses": 0, "generalAndAdministrativeExpenses": 0, "sellingAndMarketingExpenses": 0, "sellingGeneralAndAdministrativeExpenses": 15400000, "otherExpenses": 21300000, "operatingExpenses": 36700000, "costAndExpenses": 163400000, "interestIncome": 0, "interestExpense": 0, "depreciationAndAmortization": 21300000, "ebitda": 19200000, "ebitdaratio": 0.1171446004, "operatingIncome": 500000, "operatingIncomeRatio": 0.0030506406, "totalOtherIncomeExpensesNet": 2600000, "incomeBeforeTax": 1400000, "incomeBeforeTaxRatio": 0.0085417938, "incomeTaxExpense": 1900000, "netIncome": -500000, "netIncomeRatio": -0.0030506406, "eps": -0.0093, "epsdiluted": -0.0093, "weightedAverageShsOut": 53750000, "weightedAverageShsOutDil": 53750000, "link": "https://www.sec.gov/Archives/edgar/data/719413/000071941398000003/0000719413-98-000003-index.html", "finalLink": "https://www.sec.gov/Archives/edgar/data/719413/", "calculatedOtherExpenses": 21300000, "calculatedOperatingExpenses": 36700000, "calculatedNetInterest": 0, "calculatedOtherIncome": 900000, "calculatedIncomeNonControlling": 0, "calculatedEbitda": 21800000}, {"date": "1996-12-31", "symbol": "HL", "reportedCurrency": "USD", "cik": "0000719413", "fillingDate": "1997-02-28", "acceptedDate": "1997-02-28 00:00:00", "calendarYear": "1996", "period": "FY", "revenue": 158300000, "costOfRevenue": 126900000, "grossProfit": 31400000, "grossProfitRatio": 0.198357549, "researchAndDevelopmentExpenses": 0, "generalAndAdministrativeExpenses": 0, "sellingAndMarketingExpenses": 0, "sellingGeneralAndAdministrativeExpenses": 49800000, "otherExpenses": 20800000, "operatingExpenses": 70600000, "costAndExpenses": 197500000, "interestIncome": 0, "interestExpense": 0, "depreciationAndAmortization": 20800000, "ebitda": -26600000, "ebitdaratio": -0.1680353759, "operatingIncome": -39200000, "operatingIncomeRatio": -0.2476310802, "totalOtherIncomeExpensesNet": 8200000, "incomeBeforeTax": -31700000, "incomeBeforeTaxRatio": -0.2002526848, "incomeTaxExpense": 700000, "netIncome": -32400000, "netIncomeRatio": -0.2046746684, "eps": -0.63, "epsdiluted": -0.63, "weightedAverageShsOut": 51133000, "weightedAverageShsOutDil": 51333333, "link": "https://www.sec.gov/Archives/edgar/data/719413/000071941397000006/0000719413-97-000006-index.html", "finalLink": "https://www.sec.gov/Archives/edgar/data/719413/", "calculatedOtherExpenses": 20800000, "calculatedOperatingExpenses": 70600000, "calculatedNetInterest": 0, "calculatedOtherIncome": 7500000, "calculatedIncomeNonControlling": 0, "calculatedEbitda": -18400000}, {"date": "1995-12-31", "symbol": "HL", "reportedCurrency": "USD", "cik": "0000719413", "fillingDate": "1996-03-12", "acceptedDate": "1996-03-12 00:00:00", "calendarYear": "1995", "period": "FY", "revenue": 155900000, "costOfRevenue": 125800000, "grossProfit": 30100000, "grossProfitRatio": 0.1930724824, "researchAndDevelopmentExpenses": 0, "generalAndAdministrativeExpenses": 0, "sellingAndMarketingExpenses": 0, "sellingGeneralAndAdministrativeExpenses": 16500000, "otherExpenses": 23800000, "operatingExpenses": 40300000, "costAndExpenses": 166100000, "interestIncome": 0, "interestExpense": 0, "depreciationAndAmortization": 23800000, "ebitda": 104800000, "ebitdaratio": 0.6722257858, "operatingIncome": -10200000, "operatingIncomeRatio": -0.0654265555, "totalOtherIncomeExpensesNet": -91200000, "incomeBeforeTax": -101400000, "incomeBeforeTaxRatio": -0.6504169339, "incomeTaxExpense": 300000, "netIncome": -101700000, "netIncomeRatio": -0.6523412444, "eps": -2.11, "epsdiluted": -2.11, "weightedAverageShsOut": 48192000, "weightedAverageShsOutDil": 48192000, "link": "https://www.sec.gov/Archives/edgar/data/719413/000071941396000002/0000719413-96-000002-index.html", "finalLink": "https://www.sec.gov/Archives/edgar/data/719413/", "calculatedOtherExpenses": 23800000, "calculatedOperatingExpenses": 40300000, "calculatedNetInterest": 0, "calculatedOtherIncome": -91200000, "calculatedIncomeNonControlling": 0, "calculatedEbitda": 13600000}, {"date": "1994-12-31", "symbol": "HL", "reportedCurrency": "USD", "cik": "0000719413", "fillingDate": "1995-03-27", "acceptedDate": "1995-03-27 00:00:00", "calendarYear": "1994", "period": "FY", "revenue": 128700000, "costOfRevenue": 104700000, "grossProfit": 24000000, "grossProfitRatio": 0.1864801865, "researchAndDevelopmentExpenses": 0, "generalAndAdministrativeExpenses": 0, "sellingAndMarketingExpenses": 0, "sellingGeneralAndAdministrativeExpenses": 19500000, "otherExpenses": 14800000, "operatingExpenses": 34300000, "costAndExpenses": 139000000, "interestIncome": 0, "interestExpense": 0, "depreciationAndAmortization": 14800000, "ebitda": 17600000, "ebitdaratio": 0.1367521368, "operatingIncome": -10300000, "operatingIncomeRatio": -0.08003108, "totalOtherIncomeExpensesNet": -13100000, "incomeBeforeTax": -24300000, "incomeBeforeTaxRatio": -0.1888111888, "incomeTaxExpense": -500000, "netIncome": -24600000, "netIncomeRatio": -0.1911421911, "eps": -0.56, "epsdiluted": -0.56, "weightedAverageShsOut": 43944000, "weightedAverageShsOutDil": 43944000, "link": "https://www.sec.gov/Archives/edgar/data/719413/000095012395000689/0000950123-95-000689-index.html", "finalLink": "https://www.sec.gov/Archives/edgar/data/719413/", "calculatedOtherExpenses": 14800000, "calculatedOperatingExpenses": 34300000, "calculatedNetInterest": 0, "calculatedOtherIncome": -14000000, "calculatedIncomeNonControlling": 800000, "calculatedEbitda": 4500000}, {"date": "1993-12-31", "symbol": "HL", "reportedCurrency": "USD", "cik": "0000719413", "fillingDate": "1994-03-18", "acceptedDate": "1994-03-18 00:00:00", "calendarYear": "1993", "period": "FY", "revenue": 81800000, "costOfRevenue": 71100000, "grossProfit": 10700000, "grossProfitRatio": 0.130806846, "researchAndDevelopmentExpenses": 0, "generalAndAdministrativeExpenses": 0, "sellingAndMarketingExpenses": 0, "sellingGeneralAndAdministrativeExpenses": 13800000, "otherExpenses": 11000000, "operatingExpenses": 24800000, "costAndExpenses": 95900000, "interestIncome": 0, "interestExpense": 0, "depreciationAndAmortization": 11000000, "ebitda": -5900000, "ebitdaratio": -0.0721271394, "operatingIncome": -14100000, "operatingIncomeRatio": -0.1723716381, "totalOtherIncomeExpensesNet": 2800000, "incomeBeforeTax": -12600000, "incomeBeforeTaxRatio": -0.1540342298, "incomeTaxExpense": -900000, "netIncome": -11700000, "netIncomeRatio": -0.1430317848, "eps": -0.43, "epsdiluted": -0.43, "weightedAverageShsOut": 27241379, "weightedAverageShsOutDil": 27241379, "link": "https://www.sec.gov/Archives/edgar/data/719413/000095012394000531/0000950123-94-000531-index.html", "finalLink": "https://www.sec.gov/Archives/edgar/data/719413/", "calculatedOtherExpenses": 11000000, "calculatedOperatingExpenses": 24800000, "calculatedNetInterest": 0, "calculatedOtherIncome": 1500000, "calculatedIncomeNonControlling": 0, "calculatedEbitda": -3100000}, {"date": "1992-12-31", "symbol": "HL", "reportedCurrency": "USD", "cik": "0000719413", "fillingDate": "1992-12-31", "acceptedDate": "1992-12-30 19:00:00", "calendarYear": "1992", "period": "FY", "revenue": 100700000, "costOfRevenue": 83300000, "grossProfit": 17400000, "grossProfitRatio": 0.1727904667, "researchAndDevelopmentExpenses": 0, "generalAndAdministrativeExpenses": 0, "sellingAndMarketingExpenses": 0, "sellingGeneralAndAdministrativeExpenses": 58100000, "otherExpenses": 14300000, "operatingExpenses": 72400000, "costAndExpenses": 155700000, "interestIncome": 0, "interestExpense": 0, "depreciationAndAmortization": 14300000, "ebitda": -51000000, "ebitdaratio": -0.5064548163, "operatingIncome": -55000000, "operatingIncomeRatio": -0.5461767627, "totalOtherIncomeExpensesNet": 10300000, "incomeBeforeTax": -49500000, "incomeBeforeTaxRatio": -0.4915590864, "incomeTaxExpense": -300000, "netIncome": -49300000, "netIncomeRatio": -0.4895729891, "eps": -1.6, "epsdiluted": -1.6, "weightedAverageShsOut": 30812500, "weightedAverageShsOutDil": 30812500, "link": "", "finalLink": "", "calculatedOtherExpenses": 14300000, "calculatedOperatingExpenses": 72400000, "calculatedNetInterest": 0, "calculatedOtherIncome": 5500000, "calculatedIncomeNonControlling": 100000, "calculatedEbitda": -40700000}, {"date": "1991-12-31", "symbol": "HL", "reportedCurrency": "USD", "cik": "0000719413", "fillingDate": "1991-12-31", "acceptedDate": "1991-12-30 19:00:00", "calendarYear": "1991", "period": "FY", "revenue": 117600000, "costOfRevenue": 84900000, "grossProfit": 32700000, "grossProfitRatio": 0.2780612245, "researchAndDevelopmentExpenses": 0, "generalAndAdministrativeExpenses": 0, "sellingAndMarketingExpenses": 0, "sellingGeneralAndAdministrativeExpenses": 24900000, "otherExpenses": 21900000, "operatingExpenses": 46800000, "costAndExpenses": 131700000, "interestIncome": 0, "interestExpense": 0, "depreciationAndAmortization": 21900000, "ebitda": 5400000, "ebitdaratio": 0.0459183673, "operatingIncome": -14100000, "operatingIncomeRatio": -0.1198979592, "totalOtherIncomeExpensesNet": 2400000, "incomeBeforeTax": -18000000, "incomeBeforeTaxRatio": -0.1530612245, "incomeTaxExpense": -2600000, "netIncome": -15400000, "netIncomeRatio": -0.130952381, "eps": -0.51, "epsdiluted": -0.51, "weightedAverageShsOut": 30196078, "weightedAverageShsOutDil": 30196078, "link": "", "finalLink": "", "calculatedOtherExpenses": 21900000, "calculatedOperatingExpenses": 46800000, "calculatedNetInterest": 0, "calculatedOtherIncome": -3900000, "calculatedIncomeNonControlling": 0, "calculatedEbitda": 7800000}, {"date": "1990-12-31", "symbol": "HL", "reportedCurrency": "USD", "cik": "0000719413", "fillingDate": "1990-12-31", "acceptedDate": "1990-12-30 19:00:00", "calendarYear": "1990", "period": "FY", "revenue": 132900000, "costOfRevenue": 100400000, "grossProfit": 32500000, "grossProfitRatio": 0.2445447705, "researchAndDevelopmentExpenses": 0, "generalAndAdministrativeExpenses": 0, "sellingAndMarketingExpenses": 0, "sellingGeneralAndAdministrativeExpenses": 14900000, "otherExpenses": 18400000, "operatingExpenses": 33300000, "costAndExpenses": 133700000, "interestIncome": 0, "interestExpense": 0, "depreciationAndAmortization": 18400000, "ebitda": 9300000, "ebitdaratio": 0.0699774266, "operatingIncome": -800000, "operatingIncomeRatio": -0.0060195636, "totalOtherIncomeExpensesNet": 8300000, "incomeBeforeTax": 2300000, "incomeBeforeTaxRatio": 0.0173062453, "incomeTaxExpense": -2800000, "netIncome": 5100000, "netIncomeRatio": 0.0383747178, "eps": 0.19, "epsdiluted": 0.19, "weightedAverageShsOut": 26842105, "weightedAverageShsOutDil": 26842105, "link": "", "finalLink": "", "calculatedOtherExpenses": 18400000, "calculatedOperatingExpenses": 33300000, "calculatedNetInterest": 0, "calculatedOtherIncome": 3100000, "calculatedIncomeNonControlling": 0, "calculatedEbitda": 17600000}, {"date": "1989-12-31", "symbol": "HL", "reportedCurrency": "USD", "cik": "0000719413", "fillingDate": "1989-12-31", "acceptedDate": "1989-12-30 19:00:00", "calendarYear": "1989", "period": "FY", "revenue": 99400000, "costOfRevenue": 74800000, "grossProfit": 24600000, "grossProfitRatio": 0.2474849095, "researchAndDevelopmentExpenses": 0, "generalAndAdministrativeExpenses": 0, "sellingAndMarketingExpenses": 0, "sellingGeneralAndAdministrativeExpenses": 20800000, "otherExpenses": 17500000, "operatingExpenses": 38300000, "costAndExpenses": 113100000, "interestIncome": 0, "interestExpense": 0, "depreciationAndAmortization": 17500000, "ebitda": 12300000, "ebitdaratio": 0.1237424547, "operatingIncome": -13700000, "operatingIncomeRatio": -0.1378269618, "totalOtherIncomeExpensesNet": -8500000, "incomeBeforeTax": -25900000, "incomeBeforeTaxRatio": -0.2605633803, "incomeTaxExpense": -3500000, "netIncome": -22400000, "netIncomeRatio": -0.2253521127, "eps": -0.83, "epsdiluted": -0.83, "weightedAverageShsOut": 26987952, "weightedAverageShsOutDil": 26987952, "link": "", "finalLink": "", "calculatedOtherExpenses": 17500000, "calculatedOperatingExpenses": 38300000, "calculatedNetInterest": 0, "calculatedOtherIncome": -12200000, "calculatedIncomeNonControlling": 0, "calculatedEbitda": 3800000}, {"date": "1988-12-31", "symbol": "HL", "reportedCurrency": "USD", "cik": "0000719413", "fillingDate": "1988-12-31", "acceptedDate": "1988-12-30 19:00:00", "calendarYear": "1988", "period": "FY", "revenue": 102300000, "costOfRevenue": 60500000, "grossProfit": 41800000, "grossProfitRatio": 0.4086021505, "researchAndDevelopmentExpenses": 0, "generalAndAdministrativeExpenses": 0, "sellingAndMarketingExpenses": 0, "sellingGeneralAndAdministrativeExpenses": 18900000, "otherExpenses": 11900000, "operatingExpenses": 30800000, "costAndExpenses": 91300000, "interestIncome": 0, "interestExpense": 0, "depreciationAndAmortization": 11900000, "ebitda": 19900000, "ebitdaratio": 0.1945259042, "operatingIncome": 11000000, "operatingIncomeRatio": 0.1075268817, "totalOtherIncomeExpensesNet": 3000000, "incomeBeforeTax": 13500000, "incomeBeforeTaxRatio": 0.1319648094, "incomeTaxExpense": -3100000, "netIncome": 16600000, "netIncomeRatio": 0.1622678397, "eps": 0.61, "epsdiluted": 0.61, "weightedAverageShsOut": 27213115, "weightedAverageShsOutDil": 27213115, "link": "", "finalLink": "", "calculatedOtherExpenses": 11900000, "calculatedOperatingExpenses": 30800000, "calculatedNetInterest": 0, "calculatedOtherIncome": 2500000, "calculatedIncomeNonControlling": 0, "calculatedEbitda": 22900000}, {"date": "1987-12-31", "symbol": "HL", "reportedCurrency": "USD", "cik": "0000719413", "fillingDate": "1987-12-31", "acceptedDate": "1987-12-30 19:00:00", "calendarYear": "1987", "period": "FY", "revenue": 87100000, "costOfRevenue": 53000000, "grossProfit": 34100000, "grossProfitRatio": 0.3915040184, "researchAndDevelopmentExpenses": 0, "generalAndAdministrativeExpenses": 0, "sellingAndMarketingExpenses": 0, "sellingGeneralAndAdministrativeExpenses": 10800000, "otherExpenses": 10900000, "operatingExpenses": 21700000, "costAndExpenses": 74700000, "interestIncome": 0, "interestExpense": 0, "depreciationAndAmortization": 10900000, "ebitda": 22600000, "ebitdaratio": 0.2594718714, "operatingIncome": 12400000, "operatingIncomeRatio": 0.1423650976, "totalOtherIncomeExpensesNet": 700000, "incomeBeforeTax": 12700000, "incomeBeforeTaxRatio": 0.1458094145, "incomeTaxExpense": 2400000, "netIncome": 10300000, "netIncomeRatio": 0.1182548794, "eps": 0.38, "epsdiluted": 0.38, "weightedAverageShsOut": 27105263, "weightedAverageShsOutDil": 27105263, "link": "", "finalLink": "", "calculatedOtherExpenses": 10900000, "calculatedOperatingExpenses": 21700000, "calculatedNetInterest": 0, "calculatedOtherIncome": 300000, "calculatedIncomeNonControlling": 0, "calculatedEbitda": 23300000}, {"date": "1986-12-31", "symbol": "HL", "reportedCurrency": "USD", "cik": "0000719413", "fillingDate": "1986-12-31", "acceptedDate": "1986-12-30 19:00:00", "calendarYear": "1986", "period": "FY", "revenue": 60900000, "costOfRevenue": 57200000, "grossProfit": 3700000, "grossProfitRatio": 0.0607553366, "researchAndDevelopmentExpenses": 0, "generalAndAdministrativeExpenses": 0, "sellingAndMarketingExpenses": 0, "sellingGeneralAndAdministrativeExpenses": 7000000, "otherExpenses": 11100000, "operatingExpenses": 18100000, "costAndExpenses": 75300000, "interestIncome": 0, "interestExpense": 0, "depreciationAndAmortization": 11100000, "ebitda": 5200000, "ebitdaratio": 0.0853858785, "operatingIncome": -14400000, "operatingIncomeRatio": -0.236453202, "totalOtherIncomeExpensesNet": -8500000, "incomeBeforeTax": -23200000, "incomeBeforeTaxRatio": -0.380952381, "incomeTaxExpense": -2000000, "netIncome": -21200000, "netIncomeRatio": -0.3481116585, "eps": -0.79, "epsdiluted": -0.79, "weightedAverageShsOut": 26835443, "weightedAverageShsOutDil": 26835443, "link": "", "finalLink": "", "calculatedOtherExpenses": 11100000, "calculatedOperatingExpenses": 18100000, "calculatedNetInterest": 0, "calculatedOtherIncome": -8800000, "calculatedIncomeNonControlling": 0, "calculatedEbitda": -3300000}, {"date": "1985-12-31", "symbol": "HL", "reportedCurrency": "USD", "cik": "0000719413", "fillingDate": "1985-12-31", "acceptedDate": "1985-12-30 19:00:00", "calendarYear": "1985", "period": "FY", "revenue": 79400000, "costOfRevenue": 71000000, "grossProfit": 8400000, "grossProfitRatio": 0.1057934509, "researchAndDevelopmentExpenses": 0, "generalAndAdministrativeExpenses": 0, "sellingAndMarketingExpenses": 0, "sellingGeneralAndAdministrativeExpenses": 6000000, "otherExpenses": 13800000, "operatingExpenses": 19800000, "costAndExpenses": 90800000, "interestIncome": 0, "interestExpense": 0, "depreciationAndAmortization": 13800000, "ebitda": -700000, "ebitdaratio": -0.0088161209, "operatingIncome": -11400000, "operatingIncomeRatio": -0.1435768262, "totalOtherIncomeExpensesNet": 3100000, "incomeBeforeTax": -8700000, "incomeBeforeTaxRatio": -0.1095717884, "incomeTaxExpense": 200000, "netIncome": -4200000, "netIncomeRatio": -0.0528967254, "eps": -0.16, "epsdiluted": -0.16, "weightedAverageShsOut": 26250000, "weightedAverageShsOutDil": 26250000, "link": "", "finalLink": "", "calculatedOtherExpenses": 13800000, "calculatedOperatingExpenses": 19800000, "calculatedNetInterest": 0, "calculatedOtherIncome": 2700000, "calculatedIncomeNonControlling": -4700000, "calculatedEbitda": 2400000}]}