{"originalCurrency": "USD", "convertedCurrency": "USD", "report": [{"date": "2024-03-31", "symbol": "HLI", "reportedCurrency": "USD", "cik": "0001302215", "fillingDate": "2024-05-09", "acceptedDate": "2024-05-08 19:10:45", "calendarYear": "2024", "period": "FY", "revenue": 1914404000, "costOfRevenue": 1473930000, "grossProfit": 440474000, "grossProfitRatio": 0.2300841411, "researchAndDevelopmentExpenses": 0, "generalAndAdministrativeExpenses": 49077000, "sellingAndMarketingExpenses": 1253434000, "sellingGeneralAndAdministrativeExpenses": 1302511000, "otherExpenses": -1486773000, "operatingExpenses": 1486773000, "costAndExpenses": 1515309000, "interestIncome": 0, "interestExpense": 0, "depreciationAndAmortization": 28536000, "ebitda": 427631000, "ebitdaratio": 0.2233755258, "operatingIncome": 399095000, "operatingIncomeRatio": 0.2084695811, "totalOtherIncomeExpensesNet": -8556000, "incomeBeforeTax": 390539000, "incomeBeforeTaxRatio": 0.2040003051, "incomeTaxExpense": 110238000, "netIncome": 280301000, "netIncomeRatio": 0.1464168483, "eps": 4.36, "epsdiluted": 4.11, "weightedAverageShsOut": 64337975, "weightedAverageShsOutDil": 68159390, "link": "https://www.sec.gov/Archives/edgar/data/1302215/000130221524000010/0001302215-24-000010-index.htm", "finalLink": "https://www.sec.gov/Archives/edgar/data/1302215/000130221524000010/q4fy24-ex991.htm", "calculatedOtherExpenses": -1261132000, "calculatedOperatingExpenses": 41379000, "calculatedNetInterest": 0, "calculatedOtherIncome": -8556000, "calculatedIncomeNonControlling": 0, "calculatedEbitda": 427631000}, {"date": "2023-03-31", "symbol": "HLI", "reportedCurrency": "USD", "cik": "0001302215", "fillingDate": "2023-05-25", "acceptedDate": "2023-05-25 16:50:16", "calendarYear": "2023", "period": "FY", "revenue": 1809447000, "costOfRevenue": 1147879000, "grossProfit": 661568000, "grossProfitRatio": 0.365618888, "researchAndDevelopmentExpenses": 0, "generalAndAdministrativeExpenses": 142903000, "sellingAndMarketingExpenses": 0, "sellingGeneralAndAdministrativeExpenses": 142903000, "otherExpenses": 176927000, "operatingExpenses": 319830000, "costAndExpenses": 1467709000, "interestIncome": 0, "interestExpense": 2738000, "depreciationAndAmortization": 58221000, "ebitda": 399959000, "ebitdaratio": 0.2210393562, "operatingIncome": 341738000, "operatingIncomeRatio": 0.1888632273, "totalOtherIncomeExpensesNet": -2738000, "incomeBeforeTax": 339000000, "incomeBeforeTaxRatio": 0.1873500578, "incomeTaxExpense": 69777000, "netIncome": 254223000, "netIncomeRatio": 0.1404976216, "eps": 4.01, "epsdiluted": 3.76, "weightedAverageShsOut": 63358408, "weightedAverageShsOutDil": 67586263, "link": "https://www.sec.gov/Archives/edgar/data/1302215/000130221523000031/0001302215-23-000031-index.htm", "finalLink": "https://www.sec.gov/Archives/edgar/data/1302215/000130221523000031/hli-20230331.htm", "calculatedOtherExpenses": 176927000, "calculatedOperatingExpenses": 319830000, "calculatedNetInterest": -2738000, "calculatedOtherIncome": 0, "calculatedIncomeNonControlling": 15000000, "calculatedEbitda": 399959000}, {"date": "2022-03-31", "symbol": "HLI", "reportedCurrency": "USD", "cik": "0001302215", "fillingDate": "2022-05-27", "acceptedDate": "2022-05-27 17:22:18", "calendarYear": "2022", "period": "FY", "revenue": 2269958000, "costOfRevenue": 1408634000, "grossProfit": 861324000, "grossProfitRatio": 0.379444906, "researchAndDevelopmentExpenses": 0, "generalAndAdministrativeExpenses": 150275000, "sellingAndMarketingExpenses": 0, "sellingGeneralAndAdministrativeExpenses": 150275000, "otherExpenses": 98185000, "operatingExpenses": 248460000, "costAndExpenses": 1657094000, "interestIncome": 0, "interestExpense": 9499000, "depreciationAndAmortization": 48537000, "ebitda": 661401000, "ebitdaratio": 0.2913714703, "operatingIncome": 612864000, "operatingIncomeRatio": 0.2699891364, "totalOtherIncomeExpensesNet": -8926000, "incomeBeforeTax": 603938000, "incomeBeforeTaxRatio": 0.266056905, "incomeTaxExpense": 165614000, "netIncome": 437751000, "netIncomeRatio": 0.1928454183, "eps": 6.74, "epsdiluted": 6.41, "weightedAverageShsOut": 64970287, "weightedAverageShsOutDil": 68259708, "link": "https://www.sec.gov/Archives/edgar/data/1302215/000130221522000029/0001302215-22-000029-index.htm", "finalLink": "https://www.sec.gov/Archives/edgar/data/1302215/000130221522000029/hli-20220331.htm", "calculatedOtherExpenses": 98185000, "calculatedOperatingExpenses": 248460000, "calculatedNetInterest": -9499000, "calculatedOtherIncome": 573000, "calculatedIncomeNonControlling": 573000, "calculatedEbitda": 661401000}, {"date": "2021-03-31", "symbol": "HLI", "reportedCurrency": "USD", "cik": "0001302215", "fillingDate": "2021-05-21", "acceptedDate": "2021-05-21 16:50:48", "calendarYear": "2021", "period": "FY", "revenue": 1525452000, "costOfRevenue": 971195000, "grossProfit": 554257000, "grossProfitRatio": 0.3633395217, "researchAndDevelopmentExpenses": 0, "generalAndAdministrativeExpenses": 95560000, "sellingAndMarketingExpenses": 0, "sellingGeneralAndAdministrativeExpenses": 95560000, "otherExpenses": 50540000, "operatingExpenses": 146100000, "costAndExpenses": 1117295000, "interestIncome": 0, "interestExpense": 547000, "depreciationAndAmortization": 15228000, "ebitda": 423385000, "ebitdaratio": 0.277547245, "operatingIncome": 408157000, "operatingIncomeRatio": 0.26756463, "totalOtherIncomeExpensesNet": 1071000, "incomeBeforeTax": 409228000, "incomeBeforeTaxRatio": 0.268266717, "incomeTaxExpense": 96457000, "netIncome": 312771000, "netIncomeRatio": 0.2050349667, "eps": 4.75, "epsdiluted": 4.55, "weightedAverageShsOut": 65785042, "weightedAverageShsOutDil": 68671248, "link": "https://www.sec.gov/Archives/edgar/data/1302215/000130221521000027/0001302215-21-000027-index.htm", "finalLink": "https://www.sec.gov/Archives/edgar/data/1302215/000130221521000027/hli-20210331.htm", "calculatedOtherExpenses": 50540000, "calculatedOperatingExpenses": 146100000, "calculatedNetInterest": -547000, "calculatedOtherIncome": 1618000, "calculatedIncomeNonControlling": 0, "calculatedEbitda": 423385000}, {"date": "2020-03-31", "symbol": "HLI", "reportedCurrency": "USD", "cik": "0001302215", "fillingDate": "2020-05-15", "acceptedDate": "2020-05-15 17:31:47", "calendarYear": "2020", "period": "FY", "revenue": 1159368000, "costOfRevenue": 737762000, "grossProfit": 421606000, "grossProfitRatio": 0.3636515757, "researchAndDevelopmentExpenses": 0, "generalAndAdministrativeExpenses": 93301000, "sellingAndMarketingExpenses": 0, "sellingGeneralAndAdministrativeExpenses": 93301000, "otherExpenses": 98704000, "operatingExpenses": 192005000, "costAndExpenses": 929767000, "interestIncome": 0, "interestExpense": 571000, "depreciationAndAmortization": 17291000, "ebitda": 246892000, "ebitdaratio": 0.2129539542, "operatingIncome": 229601000, "operatingIncomeRatio": 0.1980397941, "totalOtherIncomeExpensesNet": 6046000, "incomeBeforeTax": 235647000, "incomeBeforeTaxRatio": 0.2032547043, "incomeTaxExpense": 51854000, "netIncome": 183793000, "netIncomeRatio": 0.1585286121, "eps": 2.96, "epsdiluted": 2.8, "weightedAverageShsOut": 62152870, "weightedAverageShsOutDil": 65725516, "link": "https://www.sec.gov/Archives/edgar/data/1302215/000130221520000074/0001302215-20-000074-index.htm", "finalLink": "https://www.sec.gov/Archives/edgar/data/1302215/000130221520000074/fy2010-k.htm", "calculatedOtherExpenses": 98704000, "calculatedOperatingExpenses": 192005000, "calculatedNetInterest": -571000, "calculatedOtherIncome": 6617000, "calculatedIncomeNonControlling": 0, "calculatedEbitda": 246892000}, {"date": "2019-03-31", "symbol": "HLI", "reportedCurrency": "USD", "cik": "0001302215", "fillingDate": "2019-05-24", "acceptedDate": "2019-05-23 20:26:40", "calendarYear": "2019", "period": "FY", "revenue": 1084385000, "costOfRevenue": 692073000, "grossProfit": 392312000, "grossProfitRatio": 0.3617829461, "researchAndDevelopmentExpenses": 0, "generalAndAdministrativeExpenses": 795119000, "sellingAndMarketingExpenses": 0, "sellingGeneralAndAdministrativeExpenses": 795119000, "otherExpenses": -27436000, "operatingExpenses": 865000000, "costAndExpenses": 865000000, "interestIncome": 0, "interestExpense": 640000, "depreciationAndAmortization": 14475000, "ebitda": 238795000, "ebitdaratio": 0.2202123784, "operatingIncome": 224320000, "operatingIncomeRatio": 0.2068637984, "totalOtherIncomeExpensesNet": 4793000, "incomeBeforeTax": 224320000, "incomeBeforeTaxRatio": 0.2068637984, "incomeTaxExpense": 65214000, "netIncome": 159106000, "netIncomeRatio": 0.1467246412, "eps": 2.42, "epsdiluted": 2.42, "weightedAverageShsOut": 65746308, "weightedAverageShsOutDil": 65846132, "link": "https://www.sec.gov/Archives/edgar/data/1302215/000130221519000044/0001302215-19-000044-index.htm", "finalLink": "https://www.sec.gov/Archives/edgar/data/1302215/000130221519000044/q419hli-03312019x10k.htm", "calculatedOtherExpenses": -627127000, "calculatedOperatingExpenses": 167992000, "calculatedNetInterest": -640000, "calculatedOtherIncome": 640000, "calculatedIncomeNonControlling": 0, "calculatedEbitda": 238795000}, {"date": "2018-03-31", "symbol": "HLI", "reportedCurrency": "USD", "cik": "0001302215", "fillingDate": "2018-05-25", "acceptedDate": "2018-05-24 21:55:42", "calendarYear": "2018", "period": "FY", "revenue": 963364000, "costOfRevenue": 636631000, "grossProfit": 326733000, "grossProfitRatio": 0.3391584074, "researchAndDevelopmentExpenses": 0, "generalAndAdministrativeExpenses": 64158000, "sellingAndMarketingExpenses": 0, "sellingGeneralAndAdministrativeExpenses": 64158000, "otherExpenses": 3390000, "operatingExpenses": 112287000, "costAndExpenses": 748918000, "interestIncome": 0, "interestExpense": 0, "depreciationAndAmortization": 7905000, "ebitda": 222351000, "ebitdaratio": 0.2308068394, "operatingIncome": 214446000, "operatingIncomeRatio": 0.2226012182, "totalOtherIncomeExpensesNet": 3390000, "incomeBeforeTax": 217836000, "incomeBeforeTaxRatio": 0.2261201374, "incomeTaxExpense": 45553000, "netIncome": 172283000, "netIncomeRatio": 0.1788347914, "eps": 2.6, "epsdiluted": 2.6, "weightedAverageShsOut": 66262692, "weightedAverageShsOutDil": 66324093, "link": "https://www.sec.gov/Archives/edgar/data/1302215/000130221518000015/0001302215-18-000015-index.htm", "finalLink": "https://www.sec.gov/Archives/edgar/data/1302215/000130221518000015/hli-03312018x10k.htm", "calculatedOtherExpenses": 48129000, "calculatedOperatingExpenses": 112287000, "calculatedNetInterest": 0, "calculatedOtherIncome": 3390000, "calculatedIncomeNonControlling": 0, "calculatedEbitda": 222351000}, {"date": "2017-03-31", "symbol": "HLI", "reportedCurrency": "USD", "cik": "0001302215", "fillingDate": "2017-06-13", "acceptedDate": "2017-06-13 17:32:21", "calendarYear": "2017", "period": "FY", "revenue": 872091000, "costOfRevenue": 582244000, "grossProfit": 289847000, "grossProfitRatio": 0.3323586644, "researchAndDevelopmentExpenses": 0, "generalAndAdministrativeExpenses": 57795000, "sellingAndMarketingExpenses": 0, "sellingGeneralAndAdministrativeExpenses": 57795000, "otherExpenses": -3508000, "operatingExpenses": 107852000, "costAndExpenses": 690096000, "interestIncome": 0, "interestExpense": 0, "depreciationAndAmortization": 8853000, "ebitda": 190848000, "ebitdaratio": 0.2188395477, "operatingIncome": 181995000, "operatingIncomeRatio": 0.2086880842, "totalOtherIncomeExpensesNet": -3508000, "incomeBeforeTax": 178487000, "incomeBeforeTaxRatio": 0.2046655682, "incomeTaxExpense": 70144000, "netIncome": 108343000, "netIncomeRatio": 0.1242335949, "eps": 1.77, "epsdiluted": 1.63, "weightedAverageShsOut": 61100497, "weightedAverageShsOutDil": 66579130, "link": "https://www.sec.gov/Archives/edgar/data/1302215/000130221517000027/0001302215-17-000027-index.htm", "finalLink": "https://www.sec.gov/Archives/edgar/data/1302215/000130221517000027/hli-03312017x10k.htm", "calculatedOtherExpenses": 50057000, "calculatedOperatingExpenses": 107852000, "calculatedNetInterest": 0, "calculatedOtherIncome": -3508000, "calculatedIncomeNonControlling": 0, "calculatedEbitda": 190848000}, {"date": "2016-03-31", "symbol": "HLI", "reportedCurrency": "USD", "cik": "0001302215", "fillingDate": "2016-06-23", "acceptedDate": "2016-06-23 15:12:24", "calendarYear": "2016", "period": "FY", "revenue": 693765000, "costOfRevenue": 461609000, "grossProfit": 232156000, "grossProfitRatio": 0.334632044, "researchAndDevelopmentExpenses": 0, "generalAndAdministrativeExpenses": 63163000, "sellingAndMarketingExpenses": 0, "sellingGeneralAndAdministrativeExpenses": 63163000, "otherExpenses": -770000, "operatingExpenses": 103218000, "costAndExpenses": 564827000, "interestIncome": 0, "interestExpense": 0, "depreciationAndAmortization": 7499000, "ebitda": 138975000, "ebitdaratio": 0.2003199931, "operatingIncome": 126400000, "operatingIncomeRatio": 0.1821942589, "totalOtherIncomeExpensesNet": -3308000, "incomeBeforeTax": 125630000, "incomeBeforeTaxRatio": 0.181084373, "incomeTaxExpense": 55863000, "netIncome": 69741000, "netIncomeRatio": 0.100525394, "eps": 1.18, "epsdiluted": 1.1, "weightedAverageShsOut": 59044981, "weightedAverageShsOutDil": 63475903, "link": "https://www.sec.gov/Archives/edgar/data/1302215/000130221516000050/0001302215-16-000050-index.htm", "finalLink": "https://www.sec.gov/Archives/edgar/data/1302215/000130221516000050/hli-03312016x10k.htm", "calculatedOtherExpenses": 42593000, "calculatedOperatingExpenses": 105756000, "calculatedNetInterest": 0, "calculatedOtherIncome": -770000, "calculatedIncomeNonControlling": 26000, "calculatedEbitda": 133899000}, {"date": "2015-03-31", "symbol": "HLI", "reportedCurrency": "USD", "cik": "0001302215", "fillingDate": "2015-03-31", "acceptedDate": "2015-03-30 20:00:00", "calendarYear": "2015", "period": "FY", "revenue": 680872000, "costOfRevenue": 475100000, "grossProfit": 205772000, "grossProfitRatio": 0.3022183318, "researchAndDevelopmentExpenses": 0, "generalAndAdministrativeExpenses": 56194000, "sellingAndMarketingExpenses": 0, "sellingGeneralAndAdministrativeExpenses": 56194000, "otherExpenses": 18897000, "operatingExpenses": 75091000, "costAndExpenses": 550191000, "interestIncome": 4214000, "interestExpense": 0, "depreciationAndAmortization": 5508000, "ebitda": 138216000, "ebitdaratio": 0.2029985078, "operatingIncome": 128654000, "operatingIncomeRatio": 0.1889547521, "totalOtherIncomeExpensesNet": -2760000, "incomeBeforeTax": 132135000, "incomeBeforeTaxRatio": 0.1940673137, "incomeTaxExpense": 52196000, "netIncome": 79881000, "netIncomeRatio": 0.1173216111, "eps": 1.32, "epsdiluted": 1.32, "weightedAverageShsOut": 60060902, "weightedAverageShsOutDil": 60462053, "link": "", "finalLink": "", "calculatedOtherExpenses": 20924000, "calculatedOperatingExpenses": 77118000, "calculatedNetInterest": 4214000, "calculatedOtherIncome": -733000, "calculatedIncomeNonControlling": 58000, "calculatedEbitda": 134162000}, {"date": "2014-03-31", "symbol": "HLI", "reportedCurrency": "USD", "cik": "0001302215", "fillingDate": "2014-03-31", "acceptedDate": "2014-03-30 20:00:00", "calendarYear": "2014", "period": "FY", "revenue": 592450000, "costOfRevenue": 414918000, "grossProfit": 177532000, "grossProfitRatio": 0.2996573551, "researchAndDevelopmentExpenses": 0, "generalAndAdministrativeExpenses": 53169000, "sellingAndMarketingExpenses": 0, "sellingGeneralAndAdministrativeExpenses": 53169000, "otherExpenses": 2478000, "operatingExpenses": 74684000, "costAndExpenses": 489602000, "interestIncome": 0, "interestExpense": 0, "depreciationAndAmortization": 6040000, "ebitda": 108888000, "ebitdaratio": 0.1837927251, "operatingIncome": 102848000, "operatingIncomeRatio": 0.173597772, "totalOtherIncomeExpensesNet": 2478000, "incomeBeforeTax": 105326000, "incomeBeforeTaxRatio": 0.1777804034, "incomeTaxExpense": 43898000, "netIncome": 61320000, "netIncomeRatio": 0.1035024053, "eps": 1.01, "epsdiluted": 1.01, "weightedAverageShsOut": 58400000, "weightedAverageShsOutDil": 60462053, "link": "", "finalLink": "", "calculatedOtherExpenses": 21515000, "calculatedOperatingExpenses": 74684000, "calculatedNetInterest": 0, "calculatedOtherIncome": 2478000, "calculatedIncomeNonControlling": 108000, "calculatedEbitda": 108888000}]}