{"originalCurrency": "USD", "convertedCurrency": "USD", "report": [{"date": "2023-03-31", "symbol": "HLNE", "reportedCurrency": "USD", "cik": "0001433642", "fillingDate": "2023-05-25", "acceptedDate": "2023-05-25 16:53:24", "calendarYear": "2023", "period": "FY", "revenue": 528753000, "costOfRevenue": 188462000, "grossProfit": 340291000, "grossProfitRatio": 0.6435727079, "researchAndDevelopmentExpenses": 0, "generalAndAdministrativeExpenses": 100251000, "sellingAndMarketingExpenses": 0, "sellingGeneralAndAdministrativeExpenses": 100251000, "otherExpenses": -5243000, "operatingExpenses": 100251000, "costAndExpenses": 288713000, "interestIncome": 5114000, "interestExpense": 8617000, "depreciationAndAmortization": 7443000, "ebitda": 258670000, "ebitdaratio": 0.4892076262, "operatingIncome": 251227000, "operatingIncomeRatio": 0.4751311104, "totalOtherIncomeExpensesNet": -8617000, "incomeBeforeTax": 242610000, "incomeBeforeTaxRatio": 0.4588342761, "incomeTaxExpense": 55425000, "netIncome": 187185000, "netIncomeRatio": 0.3540121758, "eps": 5.05, "epsdiluted": 3.49, "weightedAverageShsOut": 37059654, "weightedAverageShsOutDil": 53698681, "link": "https://www.sec.gov/Archives/edgar/data/1433642/000143364223000051/0001433642-23-000051-index.htm", "finalLink": "https://www.sec.gov/Archives/edgar/data/1433642/000143364223000051/hlne-20230331.htm", "calculatedOtherExpenses": -11187000, "calculatedOperatingExpenses": 89064000, "calculatedNetInterest": -3503000, "calculatedOtherIncome": -5114000, "calculatedIncomeNonControlling": 0, "calculatedEbitda": 258670000}, {"date": "2022-03-31", "symbol": "HLNE", "reportedCurrency": "USD", "cik": "0001433642", "fillingDate": "2022-05-26", "acceptedDate": "2022-05-26 17:06:39", "calendarYear": "2022", "period": "FY", "revenue": 367919000, "costOfRevenue": 121761000, "grossProfit": 246158000, "grossProfitRatio": 0.6690548735, "researchAndDevelopmentExpenses": 0, "generalAndAdministrativeExpenses": 76594000, "sellingAndMarketingExpenses": 0, "sellingGeneralAndAdministrativeExpenses": 76594000, "otherExpenses": 64469000, "operatingExpenses": 76594000, "costAndExpenses": 198355000, "interestIncome": 500000, "interestExpense": 4634000, "depreciationAndAmortization": 5495000, "ebitda": 323805000, "ebitdaratio": 0.8800986087, "operatingIncome": 318310000, "operatingIncomeRatio": 0.865163256, "totalOtherIncomeExpensesNet": -4634000, "incomeBeforeTax": 313676000, "incomeBeforeTaxRatio": 0.8525680924, "incomeTaxExpense": 66423000, "netIncome": 247253000, "netIncomeRatio": 0.6720310721, "eps": 6.77, "epsdiluted": 4.61, "weightedAverageShsOut": 36511507, "weightedAverageShsOutDil": 53674293, "link": "https://www.sec.gov/Archives/edgar/data/1433642/000143364222000027/0001433642-22-000027-index.htm", "finalLink": "https://www.sec.gov/Archives/edgar/data/1433642/000143364222000027/hlne-20220331.htm", "calculatedOtherExpenses": -148746000, "calculatedOperatingExpenses": -72152000, "calculatedNetInterest": -4134000, "calculatedOtherIncome": -500000, "calculatedIncomeNonControlling": 0, "calculatedEbitda": 323805000}, {"date": "2021-03-31", "symbol": "HLNE", "reportedCurrency": "USD", "cik": "0001433642", "fillingDate": "2021-05-27", "acceptedDate": "2021-05-27 16:20:06", "calendarYear": "2021", "period": "FY", "revenue": 341635000, "costOfRevenue": 136319000, "grossProfit": 205316000, "grossProfitRatio": 0.6009805787, "researchAndDevelopmentExpenses": 0, "generalAndAdministrativeExpenses": 49588000, "sellingAndMarketingExpenses": 0, "sellingGeneralAndAdministrativeExpenses": 49588000, "otherExpenses": 5894000, "operatingExpenses": 49588000, "costAndExpenses": 185907000, "interestIncome": 1676000, "interestExpense": 2044000, "depreciationAndAmortization": 4134000, "ebitda": 199380000, "ebitdaratio": 0.5836053098, "operatingIncome": 195246000, "operatingIncomeRatio": 0.571504676, "totalOtherIncomeExpensesNet": -2044000, "incomeBeforeTax": 193202000, "incomeBeforeTaxRatio": 0.5655216825, "incomeTaxExpense": 24417000, "netIncome": 168785000, "netIncomeRatio": 0.4940506681, "eps": 5.09, "epsdiluted": 5.06, "weightedAverageShsOut": 33152318, "weightedAverageShsOutDil": 33362364, "link": "https://www.sec.gov/Archives/edgar/data/1433642/000143364221000077/0001433642-21-000077-index.htm", "finalLink": "https://www.sec.gov/Archives/edgar/data/1433642/000143364221000077/hlne-20210331.htm", "calculatedOtherExpenses": -39518000, "calculatedOperatingExpenses": 10070000, "calculatedNetInterest": -368000, "calculatedOtherIncome": -1676000, "calculatedIncomeNonControlling": 0, "calculatedEbitda": 199380000}, {"date": "2020-03-31", "symbol": "HLNE", "reportedCurrency": "USD", "cik": "0001433642", "fillingDate": "2020-05-28", "acceptedDate": "2020-05-28 16:41:25", "calendarYear": "2020", "period": "FY", "revenue": 274048000, "costOfRevenue": 98519000, "grossProfit": 175529000, "grossProfitRatio": 0.6405045831, "researchAndDevelopmentExpenses": 0, "generalAndAdministrativeExpenses": 59100000, "sellingAndMarketingExpenses": 0, "sellingGeneralAndAdministrativeExpenses": 59100000, "otherExpenses": 6172000, "operatingExpenses": 59100000, "costAndExpenses": 157619000, "interestIncome": 709000, "interestExpense": 2816000, "depreciationAndAmortization": 3291000, "ebitda": 146851000, "ebitdaratio": 0.5358586817, "operatingIncome": 143560000, "operatingIncomeRatio": 0.5238498365, "totalOtherIncomeExpensesNet": -2816000, "incomeBeforeTax": 140744000, "incomeBeforeTaxRatio": 0.5135742644, "incomeTaxExpense": 13968000, "netIncome": 126776000, "netIncomeRatio": 0.4626050911, "eps": 4.51, "epsdiluted": 4.46, "weightedAverageShsOut": 28088578, "weightedAverageShsOutDil": 28438772, "link": "https://www.sec.gov/Archives/edgar/data/1433642/000143364220000039/0001433642-20-000039-index.htm", "finalLink": "https://www.sec.gov/Archives/edgar/data/1433642/000143364220000039/hlne-20200331.htm", "calculatedOtherExpenses": -27131000, "calculatedOperatingExpenses": 31969000, "calculatedNetInterest": -2107000, "calculatedOtherIncome": -709000, "calculatedIncomeNonControlling": 0, "calculatedEbitda": 146851000}, {"date": "2019-03-31", "symbol": "HLNE", "reportedCurrency": "USD", "cik": "0001433642", "fillingDate": "2019-05-30", "acceptedDate": "2019-05-30 17:26:26", "calendarYear": "2019", "period": "FY", "revenue": 252179000, "costOfRevenue": 97719000, "grossProfit": 154460000, "grossProfitRatio": 0.6125014375, "researchAndDevelopmentExpenses": 0, "generalAndAdministrativeExpenses": 50236000, "sellingAndMarketingExpenses": 0, "sellingGeneralAndAdministrativeExpenses": 50236000, "otherExpenses": 20915000, "operatingExpenses": 50236000, "costAndExpenses": 147955000, "interestIncome": 255000, "interestExpense": 3039000, "depreciationAndAmortization": 2979000, "ebitda": 135575000, "ebitdaratio": 0.537614155, "operatingIncome": 104224000, "operatingIncomeRatio": 0.4132937318, "totalOtherIncomeExpensesNet": 28117000, "incomeBeforeTax": 129557000, "incomeBeforeTaxRatio": 0.5137501537, "incomeTaxExpense": 30560000, "netIncome": 33573000, "netIncomeRatio": 0.1331316248, "eps": 1.41, "epsdiluted": 1.38, "weightedAverageShsOut": 23836401, "weightedAverageShsOutDil": 24298795, "link": "https://www.sec.gov/Archives/edgar/data/1433642/000143364219000071/0001433642-19-000071-index.htm", "finalLink": "https://www.sec.gov/Archives/edgar/data/1433642/000143364219000071/hlne3311910k.htm", "calculatedOtherExpenses": 0, "calculatedOperatingExpenses": 50236000, "calculatedNetInterest": -2784000, "calculatedOtherIncome": 28117000, "calculatedIncomeNonControlling": 65424000, "calculatedEbitda": 107203000}, {"date": "2018-03-31", "symbol": "HLNE", "reportedCurrency": "USD", "cik": "0001433642", "fillingDate": "2018-06-14", "acceptedDate": "2018-06-14 16:02:48", "calendarYear": "2018", "period": "FY", "revenue": 244033000, "costOfRevenue": 82868000, "grossProfit": 161165000, "grossProfitRatio": 0.6604229756, "researchAndDevelopmentExpenses": 0, "generalAndAdministrativeExpenses": 38212000, "sellingAndMarketingExpenses": 0, "sellingGeneralAndAdministrativeExpenses": 38212000, "otherExpenses": 5036000, "operatingExpenses": 38212000, "costAndExpenses": 121080000, "interestIncome": 528000, "interestExpense": 5989000, "depreciationAndAmortization": 1891000, "ebitda": 147510000, "ebitdaratio": 0.6044674286, "operatingIncome": 122953000, "operatingIncomeRatio": 0.5038375957, "totalOtherIncomeExpensesNet": 22138000, "incomeBeforeTax": 139630000, "incomeBeforeTaxRatio": 0.5721767138, "incomeTaxExpense": 33333000, "netIncome": 17341000, "netIncomeRatio": 0.0710600615, "eps": 0.94, "epsdiluted": 0.91, "weightedAverageShsOut": 18414715, "weightedAverageShsOutDil": 18990369, "link": "https://www.sec.gov/Archives/edgar/data/1433642/000143364218000038/0001433642-18-000038-index.htm", "finalLink": "https://www.sec.gov/Archives/edgar/data/1433642/000143364218000038/hlne3311810k.htm", "calculatedOtherExpenses": 0, "calculatedOperatingExpenses": 38212000, "calculatedNetInterest": -5461000, "calculatedOtherIncome": 22138000, "calculatedIncomeNonControlling": 88956000, "calculatedEbitda": 124844000}, {"date": "2017-03-31", "symbol": "HLNE", "reportedCurrency": "USD", "cik": "0001433642", "fillingDate": "2017-06-27", "acceptedDate": "2017-06-26 17:57:51", "calendarYear": "2017", "period": "FY", "revenue": 179820000, "costOfRevenue": 72116000, "grossProfit": 107704000, "grossProfitRatio": 0.5989545101, "researchAndDevelopmentExpenses": 0, "generalAndAdministrativeExpenses": 31589000, "sellingAndMarketingExpenses": 0, "sellingGeneralAndAdministrativeExpenses": 31589000, "otherExpenses": 83000, "operatingExpenses": 31589000, "costAndExpenses": 103705000, "interestIncome": 320000, "interestExpense": 14565000, "depreciationAndAmortization": 1915000, "ebitda": 91234000, "ebitdaratio": 0.5073629185, "operatingIncome": 76115000, "operatingIncomeRatio": 0.4232843955, "totalOtherIncomeExpensesNet": 12884000, "incomeBeforeTax": 74754000, "incomeBeforeTaxRatio": 0.4157157157, "incomeTaxExpense": 316000, "netIncome": 612000, "netIncomeRatio": 0.0034034034, "eps": 0.03, "epsdiluted": 0.03, "weightedAverageShsOut": 17788363, "weightedAverageShsOutDil": 18341079, "link": "https://www.sec.gov/Archives/edgar/data/1433642/000143364217000095/0001433642-17-000095-index.htm", "finalLink": "https://www.sec.gov/Archives/edgar/data/1433642/000143364217000095/hlne3311710k.htm", "calculatedOtherExpenses": 0, "calculatedOperatingExpenses": 31589000, "calculatedNetInterest": -14245000, "calculatedOtherIncome": 12884000, "calculatedIncomeNonControlling": 73826000, "calculatedEbitda": 78030000}, {"date": "2016-03-31", "symbol": "HLNE", "reportedCurrency": "USD", "cik": "0001433642", "fillingDate": "2016-03-31", "acceptedDate": "2016-03-30 20:00:00", "calendarYear": "2016", "period": "FY", "revenue": 180797000, "costOfRevenue": 92065000, "grossProfit": 88732000, "grossProfitRatio": 0.4907824798, "researchAndDevelopmentExpenses": 0, "generalAndAdministrativeExpenses": 26898000, "sellingAndMarketingExpenses": 0, "sellingGeneralAndAdministrativeExpenses": 26898000, "otherExpenses": 5816000, "operatingExpenses": 26898000, "costAndExpenses": 118963000, "interestIncome": 194000, "interestExpense": 12641000, "depreciationAndAmortization": 2027000, "ebitda": 71389000, "ebitdaratio": 0.3948572156, "operatingIncome": 61834000, "operatingIncomeRatio": 0.3420078873, "totalOtherIncomeExpensesNet": 7334000, "incomeBeforeTax": 56721000, "incomeBeforeTaxRatio": 0.3137275508, "incomeTaxExpense": 869000, "netIncome": 57107000, "netIncomeRatio": 0.315862542, "eps": 3.35, "epsdiluted": 3.35, "weightedAverageShsOut": 17070505, "weightedAverageShsOutDil": 17070505, "link": "", "finalLink": "", "calculatedOtherExpenses": 0, "calculatedOperatingExpenses": 26898000, "calculatedNetInterest": -12447000, "calculatedOtherIncome": 7334000, "calculatedIncomeNonControlling": -1255000, "calculatedEbitda": 63861000}, {"date": "2015-03-31", "symbol": "HLNE", "reportedCurrency": "USD", "cik": "0001433642", "fillingDate": "2015-03-31", "acceptedDate": "2015-03-30 20:00:00", "calendarYear": "2015", "period": "FY", "revenue": 155385000, "costOfRevenue": 60157000, "grossProfit": 95228000, "grossProfitRatio": 0.6128519484, "researchAndDevelopmentExpenses": 0, "generalAndAdministrativeExpenses": 26865000, "sellingAndMarketingExpenses": 0, "sellingGeneralAndAdministrativeExpenses": 26865000, "otherExpenses": -1056000, "operatingExpenses": 26865000, "costAndExpenses": 87022000, "interestIncome": 87000, "interestExpense": 5883000, "depreciationAndAmortization": 1867000, "ebitda": 79735000, "ebitdaratio": 0.5131447694, "operatingIncome": 68363000, "operatingIncomeRatio": 0.439958812, "totalOtherIncomeExpensesNet": 9418000, "incomeBeforeTax": 71985000, "incomeBeforeTaxRatio": 0.4632686553, "incomeTaxExpense": 483000, "netIncome": 71502000, "netIncomeRatio": 0.4601602471, "eps": 4.19, "epsdiluted": 4.19, "weightedAverageShsOut": 17070505, "weightedAverageShsOutDil": 17070505, "link": "", "finalLink": "", "calculatedOtherExpenses": 0, "calculatedOperatingExpenses": 26865000, "calculatedNetInterest": -5796000, "calculatedOtherIncome": 9418000, "calculatedIncomeNonControlling": 0, "calculatedEbitda": 70230000}, {"date": "2014-03-31", "symbol": "HLNE", "reportedCurrency": "USD", "cik": "0001433642", "fillingDate": "2014-03-31", "acceptedDate": "2014-03-30 20:00:00", "calendarYear": "2014", "period": "FY", "revenue": 139764000, "costOfRevenue": 55950000, "grossProfit": 83814000, "grossProfitRatio": 0.5996823216, "researchAndDevelopmentExpenses": 0, "generalAndAdministrativeExpenses": 24760000, "sellingAndMarketingExpenses": 0, "sellingGeneralAndAdministrativeExpenses": 24760000, "otherExpenses": -699000, "operatingExpenses": 24760000, "costAndExpenses": 80710000, "interestIncome": 142000, "interestExpense": 8503000, "depreciationAndAmortization": 1853000, "ebitda": 77255000, "ebitdaratio": 0.5527532126, "operatingIncome": 59054000, "operatingIncomeRatio": 0.4225265447, "totalOtherIncomeExpensesNet": 16206000, "incomeBeforeTax": 66899000, "incomeBeforeTaxRatio": 0.4786568787, "incomeTaxExpense": -128000, "netIncome": 62462000, "netIncomeRatio": 0.4469105063, "eps": 3.66, "epsdiluted": 3.66, "weightedAverageShsOut": 17070505, "weightedAverageShsOutDil": 17070505, "link": "", "finalLink": "", "calculatedOtherExpenses": 0, "calculatedOperatingExpenses": 24760000, "calculatedNetInterest": -8361000, "calculatedOtherIncome": 16206000, "calculatedIncomeNonControlling": 4565000, "calculatedEbitda": 60907000}]}