{"originalCurrency": "USD", "convertedCurrency": "USD", "report": [{"date": "2023-12-31", "symbol": "HLT", "reportedCurrency": "USD", "cik": "0001585689", "fillingDate": "2024-02-07", "acceptedDate": "2024-02-07 10:10:16", "calendarYear": "2023", "period": "FY", "revenue": 10235000000, "costOfRevenue": 7305000000, "grossProfit": 2930000000, "grossProfitRatio": 0.286272594, "researchAndDevelopmentExpenses": 0, "generalAndAdministrativeExpenses": 408000000, "sellingAndMarketingExpenses": 0, "sellingGeneralAndAdministrativeExpenses": 408000000, "otherExpenses": 39000000, "operatingExpenses": 667000000, "costAndExpenses": 7972000000, "interestIncome": 464000000, "interestExpense": 464000000, "depreciationAndAmortization": 147000000, "ebitda": 2357000000, "ebitdaratio": 0.2302882267, "operatingIncome": 2225000000, "operatingIncomeRatio": 0.2173913043, "totalOtherIncomeExpensesNet": -107000000, "incomeBeforeTax": 1692000000, "incomeBeforeTaxRatio": 0.1653150953, "incomeTaxExpense": 541000000, "netIncome": 1141000000, "netIncomeRatio": 0.1114802149, "eps": 4.36, "epsdiluted": 4.33, "weightedAverageShsOut": 262000000, "weightedAverageShsOutDil": 264000000, "link": "https://www.sec.gov/Archives/edgar/data/1585689/000158568924000027/0001585689-24-000027-index.htm", "finalLink": "https://www.sec.gov/Archives/edgar/data/1585689/000158568924000027/hlt-20231231.htm", "calculatedOtherExpenses": 297000000, "calculatedOperatingExpenses": 705000000, "calculatedNetInterest": 0, "calculatedOtherIncome": -533000000, "calculatedIncomeNonControlling": 10000000, "calculatedEbitda": 2372000000}, {"date": "2022-12-31", "symbol": "HLT", "reportedCurrency": "USD", "cik": "0001585689", "fillingDate": "2023-02-09", "acceptedDate": "2023-02-09 11:08:28", "calendarYear": "2022", "period": "FY", "revenue": 8773000000, "costOfRevenue": 6075000000, "grossProfit": 2698000000, "grossProfitRatio": 0.3075344808, "researchAndDevelopmentExpenses": 0, "generalAndAdministrativeExpenses": 382000000, "sellingAndMarketingExpenses": 0, "sellingGeneralAndAdministrativeExpenses": 382000000, "otherExpenses": 222000000, "operatingExpenses": 604000000, "costAndExpenses": 6679000000, "interestIncome": 415000000, "interestExpense": 415000000, "depreciationAndAmortization": 212000000, "ebitda": 2306000000, "ebitdaratio": 0.2628519321, "operatingIncome": 2094000000, "operatingIncomeRatio": 0.2386868802, "totalOtherIncomeExpensesNet": -360000000, "incomeBeforeTax": 1734000000, "incomeBeforeTaxRatio": 0.1976518865, "incomeTaxExpense": 477000000, "netIncome": 1255000000, "netIncomeRatio": 0.1430525476, "eps": 4.56, "epsdiluted": 4.53, "weightedAverageShsOut": 275000000, "weightedAverageShsOutDil": 277000000, "link": "https://www.sec.gov/Archives/edgar/data/1585689/000158568923000036/0001585689-23-000036-index.htm", "finalLink": "https://www.sec.gov/Archives/edgar/data/1585689/000158568923000036/hlt-20221231.htm", "calculatedOtherExpenses": 222000000, "calculatedOperatingExpenses": 604000000, "calculatedNetInterest": 0, "calculatedOtherIncome": -360000000, "calculatedIncomeNonControlling": 2000000, "calculatedEbitda": 2306000000}, {"date": "2021-12-31", "symbol": "HLT", "reportedCurrency": "USD", "cik": "0001585689", "fillingDate": "2022-02-16", "acceptedDate": "2022-02-16 11:22:28", "calendarYear": "2021", "period": "FY", "revenue": 5788000000, "costOfRevenue": 4133000000, "grossProfit": 1655000000, "grossProfitRatio": 0.2859364202, "researchAndDevelopmentExpenses": 0, "generalAndAdministrativeExpenses": 405000000, "sellingAndMarketingExpenses": 0, "sellingGeneralAndAdministrativeExpenses": 405000000, "otherExpenses": 233000000, "operatingExpenses": 638000000, "costAndExpenses": 4771000000, "interestIncome": 397000000, "interestExpense": 397000000, "depreciationAndAmortization": 218000000, "ebitda": 1228000000, "ebitdaratio": 0.2121630961, "operatingIncome": 1010000000, "operatingIncomeRatio": 0.1744989634, "totalOtherIncomeExpensesNet": -450000000, "incomeBeforeTax": 560000000, "incomeBeforeTaxRatio": 0.0967519005, "incomeTaxExpense": 153000000, "netIncome": 410000000, "netIncomeRatio": 0.0708362129, "eps": 1.47, "epsdiluted": 1.46, "weightedAverageShsOut": 279000000, "weightedAverageShsOutDil": 281000000, "link": "https://www.sec.gov/Archives/edgar/data/1585689/000158568922000013/0001585689-22-000013-index.htm", "finalLink": "https://www.sec.gov/Archives/edgar/data/1585689/000158568922000013/hlt-20211231.htm", "calculatedOtherExpenses": 240000000, "calculatedOperatingExpenses": 645000000, "calculatedNetInterest": 0, "calculatedOtherIncome": -450000000, "calculatedIncomeNonControlling": -3000000, "calculatedEbitda": 1228000000}, {"date": "2020-12-31", "symbol": "HLT", "reportedCurrency": "USD", "cik": "0001585689", "fillingDate": "2021-02-17", "acceptedDate": "2021-02-17 12:18:54", "calendarYear": "2020", "period": "FY", "revenue": 4307000000, "costOfRevenue": 3724000000, "grossProfit": 583000000, "grossProfitRatio": 0.1353610402, "researchAndDevelopmentExpenses": 0, "generalAndAdministrativeExpenses": 311000000, "sellingAndMarketingExpenses": 0, "sellingGeneralAndAdministrativeExpenses": 311000000, "otherExpenses": 391000000, "operatingExpenses": 702000000, "costAndExpenses": 4426000000, "interestIncome": 429000000, "interestExpense": 429000000, "depreciationAndAmortization": 331000000, "ebitda": 210000000, "ebitdaratio": 0.0487578361, "operatingIncome": -121000000, "operatingIncomeRatio": -0.0280938008, "totalOtherIncomeExpensesNet": -803000000, "incomeBeforeTax": -924000000, "incomeBeforeTaxRatio": -0.2145344788, "incomeTaxExpense": -204000000, "netIncome": -720000000, "netIncomeRatio": -0.1671697237, "eps": -2.6, "epsdiluted": -2.58, "weightedAverageShsOut": 277000000, "weightedAverageShsOutDil": 279000000, "link": "https://www.sec.gov/Archives/edgar/data/1585689/000158568921000016/0001585689-21-000016-index.htm", "finalLink": "https://www.sec.gov/Archives/edgar/data/1585689/000158568921000016/hlt-20201231.htm", "calculatedOtherExpenses": 393000000, "calculatedOperatingExpenses": 704000000, "calculatedNetInterest": 0, "calculatedOtherIncome": -803000000, "calculatedIncomeNonControlling": 0, "calculatedEbitda": 210000000}, {"date": "2019-12-31", "symbol": "HLT", "reportedCurrency": "USD", "cik": "0001585689", "fillingDate": "2020-02-11", "acceptedDate": "2020-02-11 11:17:12", "calendarYear": "2019", "period": "FY", "revenue": 9452000000, "costOfRevenue": 7017000000, "grossProfit": 2435000000, "grossProfitRatio": 0.2576174355, "researchAndDevelopmentExpenses": 0, "generalAndAdministrativeExpenses": 441000000, "sellingAndMarketingExpenses": 0, "sellingGeneralAndAdministrativeExpenses": 441000000, "otherExpenses": 418000000, "operatingExpenses": 859000000, "costAndExpenses": 7876000000, "interestIncome": 414000000, "interestExpense": 414000000, "depreciationAndAmortization": 268000000, "ebitda": 1925000000, "ebitdaratio": 0.2036606009, "operatingIncome": 1657000000, "operatingIncomeRatio": 0.1753068134, "totalOtherIncomeExpensesNet": -413000000, "incomeBeforeTax": 1244000000, "incomeBeforeTaxRatio": 0.1316123572, "incomeTaxExpense": 358000000, "netIncome": 881000000, "netIncomeRatio": 0.0932077867, "eps": 3.07, "epsdiluted": 3.04, "weightedAverageShsOut": 287000000, "weightedAverageShsOutDil": 290000000, "link": "https://www.sec.gov/Archives/edgar/data/1585689/000158568920000013/0001585689-20-000013-index.htm", "finalLink": "https://www.sec.gov/Archives/edgar/data/1585689/000158568920000013/hlt-20191231.htm", "calculatedOtherExpenses": 337000000, "calculatedOperatingExpenses": 778000000, "calculatedNetInterest": 0, "calculatedOtherIncome": -413000000, "calculatedIncomeNonControlling": 5000000, "calculatedEbitda": 1925000000}, {"date": "2018-12-31", "symbol": "HLT", "reportedCurrency": "USD", "cik": "0001585689", "fillingDate": "2019-02-13", "acceptedDate": "2019-02-13 11:23:06", "calendarYear": "2018", "period": "FY", "revenue": 8906000000, "costOfRevenue": 6655000000, "grossProfit": 2251000000, "grossProfitRatio": 0.2527509544, "researchAndDevelopmentExpenses": 0, "generalAndAdministrativeExpenses": 443000000, "sellingAndMarketingExpenses": 0, "sellingGeneralAndAdministrativeExpenses": 443000000, "otherExpenses": 28000000, "operatingExpenses": 819000000, "costAndExpenses": 7474000000, "interestIncome": 0, "interestExpense": 371000000, "depreciationAndAmortization": 325000000, "ebitda": 1785000000, "ebitdaratio": 0.2004266786, "operatingIncome": 1432000000, "operatingIncomeRatio": 0.1607904783, "totalOtherIncomeExpensesNet": 17000000, "incomeBeforeTax": 1078000000, "incomeBeforeTaxRatio": 0.1210419942, "incomeTaxExpense": 309000000, "netIncome": 764000000, "netIncomeRatio": 0.0857848641, "eps": 2.53, "epsdiluted": 2.5, "weightedAverageShsOut": 302000000, "weightedAverageShsOutDil": 305000000, "link": "https://www.sec.gov/Archives/edgar/data/1585689/000158568919000034/0001585689-19-000034-index.htm", "finalLink": "https://www.sec.gov/Archives/edgar/data/1585689/000158568919000034/q42018hwh10-k.htm", "calculatedOtherExpenses": 376000000, "calculatedOperatingExpenses": 819000000, "calculatedNetInterest": -371000000, "calculatedOtherIncome": 17000000, "calculatedIncomeNonControlling": 5000000, "calculatedEbitda": 1757000000}, {"date": "2017-12-31", "symbol": "HLT", "reportedCurrency": "USD", "cik": "0001585689", "fillingDate": "2018-02-14", "acceptedDate": "2018-02-14 11:30:05", "calendarYear": "2017", "period": "FY", "revenue": 9140000000, "costOfRevenue": 6931000000, "grossProfit": 2209000000, "grossProfitRatio": 0.2416849015, "researchAndDevelopmentExpenses": 0, "generalAndAdministrativeExpenses": 434000000, "sellingAndMarketingExpenses": 0, "sellingGeneralAndAdministrativeExpenses": 434000000, "otherExpenses": 23000000, "operatingExpenses": 837000000, "costAndExpenses": 7768000000, "interestIncome": 0, "interestExpense": 408000000, "depreciationAndAmortization": 347000000, "ebitda": 1742000000, "ebitdaratio": 0.1905908096, "operatingIncome": 1372000000, "operatingIncomeRatio": 0.1501094092, "totalOtherIncomeExpensesNet": -34000000, "incomeBeforeTax": 930000000, "incomeBeforeTaxRatio": 0.101750547, "incomeTaxExpense": -334000000, "netIncome": 1259000000, "netIncomeRatio": 0.1377461707, "eps": 3.34, "epsdiluted": 3.32, "weightedAverageShsOut": 324000000, "weightedAverageShsOutDil": 327000000, "link": "https://www.sec.gov/Archives/edgar/data/1585689/000158568918000033/0001585689-18-000033-index.htm", "finalLink": "https://www.sec.gov/Archives/edgar/data/1585689/000158568918000033/a2017hwh10-k.htm", "calculatedOtherExpenses": 403000000, "calculatedOperatingExpenses": 837000000, "calculatedNetInterest": -408000000, "calculatedOtherIncome": -34000000, "calculatedIncomeNonControlling": 5000000, "calculatedEbitda": 1719000000}, {"date": "2016-12-31", "symbol": "HLT", "reportedCurrency": "USD", "cik": "0001585689", "fillingDate": "2017-02-15", "acceptedDate": "2017-02-15 13:19:35", "calendarYear": "2016", "period": "FY", "revenue": 11663000000, "costOfRevenue": 8494000000, "grossProfit": 3169000000, "grossProfitRatio": 0.2717139672, "researchAndDevelopmentExpenses": 0, "generalAndAdministrativeExpenses": 616000000, "sellingAndMarketingExpenses": 0, "sellingGeneralAndAdministrativeExpenses": 616000000, "otherExpenses": -26000000, "operatingExpenses": 1302000000, "costAndExpenses": 9796000000, "interestIncome": 12000000, "interestExpense": 587000000, "depreciationAndAmortization": 686000000, "ebitda": 2547000000, "ebitdaratio": 0.2183829203, "operatingIncome": 1861000000, "operatingIncomeRatio": 0.1595644345, "totalOtherIncomeExpensesNet": -37000000, "incomeBeforeTax": 1255000000, "incomeBeforeTaxRatio": 0.1076052474, "incomeTaxExpense": 891000000, "netIncome": 348000000, "netIncomeRatio": 0.0298379491, "eps": 1.06, "epsdiluted": 1.05, "weightedAverageShsOut": 329032574, "weightedAverageShsOutDil": 330032673, "link": "https://www.sec.gov/Archives/edgar/data/1585689/000158568917000038/0001585689-17-000038-index.htm", "finalLink": "https://www.sec.gov/Archives/edgar/data/1585689/000158568917000038/a2016hwh10-knospin.htm", "calculatedOtherExpenses": 692000000, "calculatedOperatingExpenses": 1308000000, "calculatedNetInterest": -575000000, "calculatedOtherIncome": -31000000, "calculatedIncomeNonControlling": 16000000, "calculatedEbitda": 2547000000}, {"date": "2015-12-31", "symbol": "HLT", "reportedCurrency": "USD", "cik": "0001585689", "fillingDate": "2016-02-26", "acceptedDate": "2016-02-26 12:19:38", "calendarYear": "2015", "period": "FY", "revenue": 11272000000, "costOfRevenue": 8195000000, "grossProfit": 3077000000, "grossProfitRatio": 0.2729772889, "researchAndDevelopmentExpenses": 0, "generalAndAdministrativeExpenses": 611000000, "sellingAndMarketingExpenses": 0, "sellingGeneralAndAdministrativeExpenses": 611000000, "otherExpenses": -1000000, "operatingExpenses": 1303000000, "costAndExpenses": 9498000000, "interestIncome": 19000000, "interestExpense": 575000000, "depreciationAndAmortization": 692000000, "ebitda": 2507000000, "ebitdaratio": 0.2224095103, "operatingIncome": 2071000000, "operatingIncomeRatio": 0.1837295955, "totalOtherIncomeExpensesNet": 278000000, "incomeBeforeTax": 1496000000, "incomeBeforeTaxRatio": 0.1327182399, "incomeTaxExpense": 80000000, "netIncome": 1404000000, "netIncomeRatio": 0.124556423, "eps": 4.26, "epsdiluted": 4.26, "weightedAverageShsOut": 328666338, "weightedAverageShsOutDil": 329666337, "link": "https://www.sec.gov/Archives/edgar/data/1585689/000158568916000161/0001585689-16-000161-index.htm", "finalLink": "https://www.sec.gov/Archives/edgar/data/1585689/000158568916000161/a2015hwh10-k.htm", "calculatedOtherExpenses": 395000000, "calculatedOperatingExpenses": 1006000000, "calculatedNetInterest": -556000000, "calculatedOtherIncome": -19000000, "calculatedIncomeNonControlling": 12000000, "calculatedEbitda": 2763000000}, {"date": "2014-12-31", "symbol": "HLT", "reportedCurrency": "USD", "cik": "0001585689", "fillingDate": "2015-02-18", "acceptedDate": "2015-02-18 17:26:55", "calendarYear": "2014", "period": "FY", "revenue": 10502000000, "costOfRevenue": 7710000000, "grossProfit": 2792000000, "grossProfitRatio": 0.265854123, "researchAndDevelopmentExpenses": 0, "generalAndAdministrativeExpenses": 491000000, "sellingAndMarketingExpenses": 0, "sellingGeneralAndAdministrativeExpenses": 491000000, "otherExpenses": 37000000, "operatingExpenses": 1119000000, "costAndExpenses": 8829000000, "interestIncome": 10000000, "interestExpense": 618000000, "depreciationAndAmortization": 628000000, "ebitda": 2367000000, "ebitdaratio": 0.2253856408, "operatingIncome": 1673000000, "operatingIncomeRatio": 0.1593029899, "totalOtherIncomeExpensesNet": 82000000, "incomeBeforeTax": 1147000000, "incomeBeforeTaxRatio": 0.1092172919, "incomeTaxExpense": 465000000, "netIncome": 673000000, "netIncomeRatio": 0.0640830318, "eps": 2.04, "epsdiluted": 2.04, "weightedAverageShsOut": 328333005, "weightedAverageShsOutDil": 328666338, "link": "https://www.sec.gov/Archives/edgar/data/1585689/000158568915000032/0001585689-15-000032-index.htm", "finalLink": "https://www.sec.gov/Archives/edgar/data/1585689/000158568915000032/a2014hwh10-k.htm", "calculatedOtherExpenses": 628000000, "calculatedOperatingExpenses": 1119000000, "calculatedNetInterest": -608000000, "calculatedOtherIncome": 82000000, "calculatedIncomeNonControlling": 9000000, "calculatedEbitda": 2301000000}, {"date": "2013-12-31", "symbol": "HLT", "reportedCurrency": "USD", "cik": "0001585689", "fillingDate": "2014-02-27", "acceptedDate": "2014-02-27 16:15:26", "calendarYear": "2013", "period": "FY", "revenue": 9735000000, "costOfRevenue": 7282000000, "grossProfit": 2453000000, "grossProfitRatio": 0.2519774011, "researchAndDevelopmentExpenses": 0, "generalAndAdministrativeExpenses": 748000000, "sellingAndMarketingExpenses": 0, "sellingGeneralAndAdministrativeExpenses": 748000000, "otherExpenses": 7000000, "operatingExpenses": 1351000000, "costAndExpenses": 8633000000, "interestIncome": 9000000, "interestExpense": 620000000, "depreciationAndAmortization": 603000000, "ebitda": 1737000000, "ebitdaratio": 0.1784283513, "operatingIncome": 1102000000, "operatingIncomeRatio": 0.1131997946, "totalOtherIncomeExpensesNet": 207000000, "incomeBeforeTax": 698000000, "incomeBeforeTaxRatio": 0.0717000514, "incomeTaxExpense": 238000000, "netIncome": 415000000, "netIncomeRatio": 0.0426296867, "eps": 1.35, "epsdiluted": 1.35, "weightedAverageShsOut": 307407100, "weightedAverageShsOutDil": 307407100, "link": "https://www.sec.gov/Archives/edgar/data/1585689/000158568914000006/0001585689-14-000006-index.htm", "finalLink": "https://www.sec.gov/Archives/edgar/data/1585689/000158568914000006/a2013hwh10-k.htm", "calculatedOtherExpenses": 603000000, "calculatedOperatingExpenses": 1351000000, "calculatedNetInterest": -611000000, "calculatedOtherIncome": 207000000, "calculatedIncomeNonControlling": 45000000, "calculatedEbitda": 1705000000}, {"date": "2012-12-31", "symbol": "HLT", "reportedCurrency": "USD", "cik": "0001585689", "fillingDate": "2012-12-31", "acceptedDate": "2012-12-30 19:00:00", "calendarYear": "2012", "period": "FY", "revenue": 9276000000, "costOfRevenue": 7112000000, "grossProfit": 2164000000, "grossProfitRatio": 0.2332902113, "researchAndDevelopmentExpenses": 0, "generalAndAdministrativeExpenses": 460000000, "sellingAndMarketingExpenses": 0, "sellingGeneralAndAdministrativeExpenses": 460000000, "otherExpenses": 15000000, "operatingExpenses": 1010000000, "costAndExpenses": 8122000000, "interestIncome": 15000000, "interestExpense": 569000000, "depreciationAndAmortization": 550000000, "ebitda": 1723000000, "ebitdaratio": 0.1857481673, "operatingIncome": 1100000000, "operatingIncomeRatio": 0.1185855972, "totalOtherIncomeExpensesNet": -27000000, "incomeBeforeTax": 573000000, "incomeBeforeTaxRatio": 0.0617723157, "incomeTaxExpense": 214000000, "netIncome": 352000000, "netIncomeRatio": 0.0379473911, "eps": 1.14, "epsdiluted": 1.14, "weightedAverageShsOut": 306999693, "weightedAverageShsOutDil": 306999693, "link": "", "finalLink": "", "calculatedOtherExpenses": 604000000, "calculatedOperatingExpenses": 1064000000, "calculatedNetInterest": -554000000, "calculatedOtherIncome": 27000000, "calculatedIncomeNonControlling": 7000000, "calculatedEbitda": 1650000000}, {"date": "2011-12-31", "symbol": "HLT", "reportedCurrency": "USD", "cik": "0001585689", "fillingDate": "2011-12-31", "acceptedDate": "2011-12-30 19:00:00", "calendarYear": "2011", "period": "FY", "revenue": 8783000000, "costOfRevenue": 6808000000, "grossProfit": 1975000000, "grossProfitRatio": 0.2248662188, "researchAndDevelopmentExpenses": 0, "generalAndAdministrativeExpenses": 416000000, "sellingAndMarketingExpenses": 0, "sellingGeneralAndAdministrativeExpenses": 416000000, "otherExpenses": 19000000, "operatingExpenses": 980000000, "costAndExpenses": 7788000000, "interestIncome": 11000000, "interestExpense": 643000000, "depreciationAndAmortization": 564000000, "ebitda": 1444000000, "ebitdaratio": 0.1644085165, "operatingIncome": 975000000, "operatingIncomeRatio": 0.1110099055, "totalOtherIncomeExpensesNet": -167000000, "incomeBeforeTax": 196000000, "incomeBeforeTaxRatio": 0.0223158374, "incomeTaxExpense": -59000000, "netIncome": 253000000, "netIncomeRatio": 0.0288056473, "eps": 0.81, "epsdiluted": 0.81, "weightedAverageShsOut": 306999693, "weightedAverageShsOutDil": 306999693, "link": "", "finalLink": "", "calculatedOtherExpenses": 584000000, "calculatedOperatingExpenses": 1000000000, "calculatedNetInterest": -632000000, "calculatedOtherIncome": -147000000, "calculatedIncomeNonControlling": 2000000, "calculatedEbitda": 1539000000}, {"date": "2010-12-31", "symbol": "HLT", "reportedCurrency": "USD", "cik": "0001585689", "fillingDate": "2010-12-31", "acceptedDate": "2010-12-30 19:00:00", "calendarYear": "2010", "period": "FY", "revenue": 8068000000, "costOfRevenue": 6280000000, "grossProfit": 1788000000, "grossProfitRatio": 0.2216162618, "researchAndDevelopmentExpenses": 0, "generalAndAdministrativeExpenses": 637000000, "sellingAndMarketingExpenses": 0, "sellingGeneralAndAdministrativeExpenses": 637000000, "otherExpenses": 8000000, "operatingExpenses": 1211000000, "costAndExpenses": 7491000000, "interestIncome": 9000000, "interestExpense": 946000000, "depreciationAndAmortization": 574000000, "ebitda": 1156000000, "ebitdaratio": 0.1432821021, "operatingIncome": 553000000, "operatingIncomeRatio": 0.0685423897, "totalOtherIncomeExpensesNet": 779000000, "incomeBeforeTax": 419000000, "incomeBeforeTaxRatio": 0.0519335647, "incomeTaxExpense": 308000000, "netIncome": 128000000, "netIncomeRatio": 0.0158651463, "eps": 0.39, "epsdiluted": 0.39, "weightedAverageShsOut": 328204793, "weightedAverageShsOutDil": 328204793, "link": "", "finalLink": "", "calculatedOtherExpenses": 598000000, "calculatedOperatingExpenses": 1235000000, "calculatedNetInterest": -937000000, "calculatedOtherIncome": 803000000, "calculatedIncomeNonControlling": -17000000, "calculatedEbitda": 1127000000}]}