{"originalCurrency": "USD", "convertedCurrency": "USD", "report": [{"date": "2023-12-30", "symbol": "HNI", "reportedCurrency": "USD", "cik": "0000048287", "fillingDate": "2024-02-27", "acceptedDate": "2024-02-27 08:25:47", "calendarYear": "2023", "period": "FY", "revenue": 2434000000, "costOfRevenue": 1485700000, "grossProfit": 948300000, "grossProfitRatio": 0.3896055875, "researchAndDevelopmentExpenses": 47200000, "generalAndAdministrativeExpenses": 675400000, "sellingAndMarketingExpenses": 137800000, "sellingGeneralAndAdministrativeExpenses": 813200000, "otherExpenses": 0, "operatingExpenses": 813200000, "costAndExpenses": 2298900000, "interestIncome": 0, "interestExpense": 25500000, "depreciationAndAmortization": 94900000, "ebitda": 230000000, "ebitdaratio": 0.094494659, "operatingIncome": 135100000, "operatingIncomeRatio": 0.055505341, "totalOtherIncomeExpensesNet": -70300000, "incomeBeforeTax": 64800000, "incomeBeforeTaxRatio": 0.0266228431, "incomeTaxExpense": 15600000, "netIncome": 49200000, "netIncomeRatio": 0.0202136401, "eps": 1.11, "epsdiluted": 1.08, "weightedAverageShsOut": 44500000, "weightedAverageShsOutDil": 45400000, "link": "https://www.sec.gov/Archives/edgar/data/48287/000004828724000080/0000048287-24-000080-index.htm", "finalLink": "https://www.sec.gov/Archives/edgar/data/48287/000004828724000080/hni-20231230.htm", "calculatedOtherExpenses": -47200000, "calculatedOperatingExpenses": 813200000, "calculatedNetInterest": -25500000, "calculatedOtherIncome": -44800000, "calculatedIncomeNonControlling": 0, "calculatedEbitda": 230000000}, {"date": "2022-12-31", "symbol": "HNI", "reportedCurrency": "USD", "cik": "0000048287", "fillingDate": "2023-02-28", "acceptedDate": "2023-02-28 08:23:49", "calendarYear": "2022", "period": "FY", "revenue": 2361800000, "costOfRevenue": 1526900000, "grossProfit": 834900000, "grossProfitRatio": 0.3535015666, "researchAndDevelopmentExpenses": 47800000, "generalAndAdministrativeExpenses": 581400000, "sellingAndMarketingExpenses": 142000000, "sellingGeneralAndAdministrativeExpenses": 723400000, "otherExpenses": 0, "operatingExpenses": 723400000, "costAndExpenses": 2250300000, "interestIncome": 8800000, "interestExpense": 8800000, "depreciationAndAmortization": 84200000, "ebitda": 195700000, "ebitdaratio": 0.0828605301, "operatingIncome": 111500000, "operatingIncomeRatio": 0.0472097553, "totalOtherIncomeExpensesNet": 34900000, "incomeBeforeTax": 146400000, "incomeBeforeTaxRatio": 0.0619866204, "incomeTaxExpense": 22500000, "netIncome": 123900000, "netIncomeRatio": 0.0524599881, "eps": 2.97, "epsdiluted": 2.94, "weightedAverageShsOut": 41700000, "weightedAverageShsOutDil": 42200000, "link": "https://www.sec.gov/Archives/edgar/data/48287/000004828723000053/0000048287-23-000053-index.htm", "finalLink": "https://www.sec.gov/Archives/edgar/data/48287/000004828723000053/hni-20221231.htm", "calculatedOtherExpenses": -47800000, "calculatedOperatingExpenses": 723400000, "calculatedNetInterest": 0, "calculatedOtherIncome": 34900000, "calculatedIncomeNonControlling": 0, "calculatedEbitda": 195700000}, {"date": "2021-12-31", "symbol": "HNI", "reportedCurrency": "USD", "cik": "0000048287", "fillingDate": "2022-03-01", "acceptedDate": "2022-03-01 08:35:05", "calendarYear": "2021", "period": "FY", "revenue": 2184408000, "costOfRevenue": 1427048000, "grossProfit": 757360000, "grossProfitRatio": 0.3467117864, "researchAndDevelopmentExpenses": 39415000, "generalAndAdministrativeExpenses": 547441000, "sellingAndMarketingExpenses": 118200000, "sellingGeneralAndAdministrativeExpenses": 665641000, "otherExpenses": 0, "operatingExpenses": 665641000, "costAndExpenses": 2092689000, "interestIncome": 7200000, "interestExpense": 7153000, "depreciationAndAmortization": 89445000, "ebitda": 174865000, "ebitdaratio": 0.0800514373, "operatingIncome": 85420000, "operatingIncomeRatio": 0.0391044164, "totalOtherIncomeExpensesNet": -7153000, "incomeBeforeTax": 78267000, "incomeBeforeTaxRatio": 0.035829845, "incomeTaxExpense": 18456000, "netIncome": 59800000, "netIncomeRatio": 0.0273758382, "eps": 1.38, "epsdiluted": 1.36, "weightedAverageShsOut": 43438000, "weightedAverageShsOutDil": 43964000, "link": "https://www.sec.gov/Archives/edgar/data/48287/000004828722000071/0000048287-22-000071-index.htm", "finalLink": "https://www.sec.gov/Archives/edgar/data/48287/000004828722000071/hni-20220101.htm", "calculatedOtherExpenses": -33116000, "calculatedOperatingExpenses": 671940000, "calculatedNetInterest": 47000, "calculatedOtherIncome": -7200000, "calculatedIncomeNonControlling": 11000, "calculatedEbitda": 174865000}, {"date": "2020-12-31", "symbol": "HNI", "reportedCurrency": "USD", "cik": "0000048287", "fillingDate": "2021-03-02", "acceptedDate": "2021-03-02 08:33:16", "calendarYear": "2020", "period": "FY", "revenue": 1955363000, "costOfRevenue": 1234243000, "grossProfit": 721120000, "grossProfitRatio": 0.3687908588, "researchAndDevelopmentExpenses": 35318000, "generalAndAdministrativeExpenses": 522527000, "sellingAndMarketingExpenses": 98400000, "sellingGeneralAndAdministrativeExpenses": 620927000, "otherExpenses": 0, "operatingExpenses": 620927000, "costAndExpenses": 1855170000, "interestIncome": 7000000, "interestExpense": 6990000, "depreciationAndAmortization": 77683000, "ebitda": 177876000, "ebitdaratio": 0.0909682755, "operatingIncome": 100193000, "operatingIncomeRatio": 0.0512401022, "totalOtherIncomeExpensesNet": -45808000, "incomeBeforeTax": 54385000, "incomeBeforeTaxRatio": 0.02781325, "incomeTaxExpense": 12466000, "netIncome": 41900000, "netIncomeRatio": 0.0214282463, "eps": 0.98, "epsdiluted": 0.98, "weightedAverageShsOut": 42689000, "weightedAverageShsOutDil": 42956000, "link": "https://www.sec.gov/Archives/edgar/data/48287/000004828721000038/0000048287-21-000038-index.htm", "finalLink": "https://www.sec.gov/Archives/edgar/data/48287/000004828721000038/hni-20210102.htm", "calculatedOtherExpenses": -35318000, "calculatedOperatingExpenses": 620927000, "calculatedNetInterest": 10000, "calculatedOtherIncome": -45818000, "calculatedIncomeNonControlling": 19000, "calculatedEbitda": 177876000}, {"date": "2019-12-28", "symbol": "HNI", "reportedCurrency": "USD", "cik": "0000048287", "fillingDate": "2020-02-25", "acceptedDate": "2020-02-25 17:14:38", "calendarYear": "2019", "period": "FY", "revenue": 2246947000, "costOfRevenue": 1413185000, "grossProfit": 833762000, "grossProfitRatio": 0.371064382, "researchAndDevelopmentExpenses": 34699000, "generalAndAdministrativeExpenses": 556382000, "sellingAndMarketingExpenses": 123667000, "sellingGeneralAndAdministrativeExpenses": 680049000, "otherExpenses": 0, "operatingExpenses": 680049000, "costAndExpenses": 2093234000, "interestIncome": 8628000, "interestExpense": 8628000, "depreciationAndAmortization": 79798000, "ebitda": 231140000, "ebitdaratio": 0.10286847, "operatingIncome": 151342000, "operatingIncomeRatio": 0.0673545037, "totalOtherIncomeExpensesNet": -8628000, "incomeBeforeTax": 142714000, "incomeBeforeTaxRatio": 0.0635146267, "incomeTaxExpense": 32211000, "netIncome": 110505000, "netIncomeRatio": 0.0491800652, "eps": 2.56, "epsdiluted": 2.54, "weightedAverageShsOut": 43101000, "weightedAverageShsOutDil": 43495000, "link": "https://www.sec.gov/Archives/edgar/data/48287/000004828720000045/0000048287-20-000045-index.htm", "finalLink": "https://www.sec.gov/Archives/edgar/data/48287/000004828720000045/a2019form10-k.htm", "calculatedOtherExpenses": -32328000, "calculatedOperatingExpenses": 682420000, "calculatedNetInterest": 0, "calculatedOtherIncome": -8628000, "calculatedIncomeNonControlling": -2000, "calculatedEbitda": 231140000}, {"date": "2018-12-29", "symbol": "HNI", "reportedCurrency": "USD", "cik": "0000048287", "fillingDate": "2019-02-26", "acceptedDate": "2019-02-26 16:56:27", "calendarYear": "2018", "period": "FY", "revenue": 2257895000, "costOfRevenue": 1422857000, "grossProfit": 835038000, "grossProfitRatio": 0.3698303065, "researchAndDevelopmentExpenses": 33420000, "generalAndAdministrativeExpenses": 556950000, "sellingAndMarketingExpenses": 134190000, "sellingGeneralAndAdministrativeExpenses": 691140000, "otherExpenses": 0, "operatingExpenses": 691140000, "costAndExpenses": 2113997000, "interestIncome": 579000, "interestExpense": 10027000, "depreciationAndAmortization": 74788000, "ebitda": 219265000, "ebitdaratio": 0.0971103616, "operatingIncome": 128173000, "operatingIncomeRatio": 0.0567665901, "totalOtherIncomeExpensesNet": -15725000, "incomeBeforeTax": 118725000, "incomeBeforeTaxRatio": 0.0525821617, "incomeTaxExpense": 25399000, "netIncome": 93377000, "netIncomeRatio": 0.0413557761, "eps": 2.14, "epsdiluted": 2.11, "weightedAverageShsOut": 43639000, "weightedAverageShsOutDil": 44328000, "link": "https://www.sec.gov/Archives/edgar/data/48287/000004828719000045/0000048287-19-000045-index.htm", "finalLink": "https://www.sec.gov/Archives/edgar/data/48287/000004828719000045/a2018form10-k.htm", "calculatedOtherExpenses": -17695000, "calculatedOperatingExpenses": 706865000, "calculatedNetInterest": -9448000, "calculatedOtherIncome": 0, "calculatedIncomeNonControlling": -51000, "calculatedEbitda": 202961000}, {"date": "2017-12-30", "symbol": "HNI", "reportedCurrency": "USD", "cik": "0000048287", "fillingDate": "2018-02-23", "acceptedDate": "2018-02-23 10:00:30", "calendarYear": "2017", "period": "FY", "revenue": 2175882000, "costOfRevenue": 1391894000, "grossProfit": 783988000, "grossProfitRatio": 0.3603081417, "researchAndDevelopmentExpenses": 31846000, "generalAndAdministrativeExpenses": 552735000, "sellingAndMarketingExpenses": 119096000, "sellingGeneralAndAdministrativeExpenses": 671831000, "otherExpenses": 0, "operatingExpenses": 671831000, "costAndExpenses": 2063725000, "interestIncome": 297000, "interestExpense": 6375000, "depreciationAndAmortization": 72872000, "ebitda": 112454000, "ebitdaratio": 0.0516820306, "operatingIncome": 76690000, "operatingIncomeRatio": 0.0352454775, "totalOtherIncomeExpensesNet": -35467000, "incomeBeforeTax": 70612000, "incomeBeforeTaxRatio": 0.0324521275, "incomeTaxExpense": -19286000, "netIncome": 89795000, "netIncomeRatio": 0.0412683225, "eps": 2.05, "epsdiluted": 2, "weightedAverageShsOut": 43839004, "weightedAverageShsOutDil": 44839813, "link": "https://www.sec.gov/Archives/edgar/data/48287/000004828718000059/0000048287-18-000059-index.htm", "finalLink": "https://www.sec.gov/Archives/edgar/data/48287/000004828718000059/a2017form10-k.htm", "calculatedOtherExpenses": 3621000, "calculatedOperatingExpenses": 707298000, "calculatedNetInterest": -6078000, "calculatedOtherIncome": 0, "calculatedIncomeNonControlling": 103000, "calculatedEbitda": 149562000}, {"date": "2016-12-31", "symbol": "HNI", "reportedCurrency": "USD", "cik": "0000048287", "fillingDate": "2017-02-24", "acceptedDate": "2017-02-24 12:38:42", "calendarYear": "2016", "period": "FY", "revenue": 2203489000, "costOfRevenue": 1368476000, "grossProfit": 835013000, "grossProfitRatio": 0.3789503828, "researchAndDevelopmentExpenses": 28100000, "generalAndAdministrativeExpenses": 552587000, "sellingAndMarketingExpenses": 115157000, "sellingGeneralAndAdministrativeExpenses": 667744000, "otherExpenses": 0, "operatingExpenses": 667744000, "costAndExpenses": 2036220000, "interestIncome": 305000, "interestExpense": 5086000, "depreciationAndAmortization": 68947000, "ebitda": 167574000, "ebitdaratio": 0.0760493926, "operatingIncome": 133692000, "operatingIncomeRatio": 0.0606728693, "totalOtherIncomeExpensesNet": -33577000, "incomeBeforeTax": 128911000, "incomeBeforeTaxRatio": 0.0585031284, "incomeTaxExpense": 43273000, "netIncome": 85577000, "netIncomeRatio": 0.0388370443, "eps": 1.93, "epsdiluted": 1.88, "weightedAverageShsOut": 44413941, "weightedAverageShsOutDil": 45502219, "link": "https://www.sec.gov/Archives/edgar/data/48287/000004828717000067/0000048287-17-000067-index.htm", "finalLink": "https://www.sec.gov/Archives/edgar/data/48287/000004828717000067/a10kq42016.htm", "calculatedOtherExpenses": 5477000, "calculatedOperatingExpenses": 701321000, "calculatedNetInterest": -4781000, "calculatedOtherIncome": 0, "calculatedIncomeNonControlling": 61000, "calculatedEbitda": 202639000}, {"date": "2015-12-31", "symbol": "HNI", "reportedCurrency": "USD", "cik": "0000048287", "fillingDate": "2016-02-29", "acceptedDate": "2016-02-29 13:58:30", "calendarYear": "2015", "period": "FY", "revenue": 2304419000, "costOfRevenue": 1457021000, "grossProfit": 847398000, "grossProfitRatio": 0.3677273968, "researchAndDevelopmentExpenses": 31100000, "generalAndAdministrativeExpenses": 538741001, "sellingAndMarketingExpenses": 133383999, "sellingGeneralAndAdministrativeExpenses": 672125000, "otherExpenses": 0, "operatingExpenses": 672125000, "costAndExpenses": 2129146000, "interestIncome": 395000, "interestExpense": 6901000, "depreciationAndAmortization": 57564000, "ebitda": 175668000, "ebitdaratio": 0.0762309285, "operatingIncome": 163676000, "operatingIncomeRatio": 0.0710270138, "totalOtherIncomeExpensesNet": -11597000, "incomeBeforeTax": 157170000, "incomeBeforeTaxRatio": 0.0682037425, "incomeTaxExpense": 51764000, "netIncome": 105436000, "netIncomeRatio": 0.0457538321, "eps": 2.38, "epsdiluted": 2.32, "weightedAverageShsOut": 44285298, "weightedAverageShsOutDil": 45440653, "link": "https://www.sec.gov/Archives/edgar/data/48287/000004828716000053/0000048287-16-000053-index.htm", "finalLink": "https://www.sec.gov/Archives/edgar/data/48287/000004828716000053/a10kq42015.htm", "calculatedOtherExpenses": -19503000, "calculatedOperatingExpenses": 683722000, "calculatedNetInterest": -6506000, "calculatedOtherIncome": 0, "calculatedIncomeNonControlling": -30000, "calculatedEbitda": 221240000}, {"date": "2014-12-31", "symbol": "HNI", "reportedCurrency": "USD", "cik": "0000048287", "fillingDate": "2015-02-27", "acceptedDate": "2015-02-27 09:34:05", "calendarYear": "2014", "period": "FY", "revenue": 2222695000, "costOfRevenue": 1438495000, "grossProfit": 784200000, "grossProfitRatio": 0.3528149386, "researchAndDevelopmentExpenses": 29700000, "generalAndAdministrativeExpenses": 518055000, "sellingAndMarketingExpenses": 131000000, "sellingGeneralAndAdministrativeExpenses": 649055000, "otherExpenses": 0, "operatingExpenses": 649055000, "costAndExpenses": 2087550000, "interestIncome": 418000, "interestExpense": 8336000, "depreciationAndAmortization": 56722000, "ebitda": 135563000, "ebitdaratio": 0.0609903743, "operatingIncome": 112849000, "operatingIncomeRatio": 0.0507712484, "totalOtherIncomeExpensesNet": -22296000, "incomeBeforeTax": 104931000, "incomeBeforeTaxRatio": 0.0472089063, "incomeTaxExpense": 43776000, "netIncome": 61471000, "netIncomeRatio": 0.0276560662, "eps": 1.37, "epsdiluted": 1.35, "weightedAverageShsOut": 44759716, "weightedAverageShsOutDil": 45578872, "link": "https://www.sec.gov/Archives/edgar/data/48287/000004828715000009/0000048287-15-000009-index.htm", "finalLink": "https://www.sec.gov/Archives/edgar/data/48287/000004828715000009/a10kq42014.htm", "calculatedOtherExpenses": -7404000, "calculatedOperatingExpenses": 671351000, "calculatedNetInterest": -7918000, "calculatedOtherIncome": 0, "calculatedIncomeNonControlling": -316000, "calculatedEbitda": 169571000}, {"date": "2013-12-28", "symbol": "HNI", "reportedCurrency": "USD", "cik": "0000048287", "fillingDate": "2014-02-21", "acceptedDate": "2014-02-21 09:01:06", "calendarYear": "2013", "period": "FY", "revenue": 2059964000, "costOfRevenue": 1344672000, "grossProfit": 715292000, "grossProfitRatio": 0.3472351944, "researchAndDevelopmentExpenses": 27300000, "generalAndAdministrativeExpenses": 485172000, "sellingAndMarketingExpenses": 123800000, "sellingGeneralAndAdministrativeExpenses": 608972000, "otherExpenses": 0, "operatingExpenses": 608972000, "costAndExpenses": 1953644000, "interestIncome": 626000, "interestExpense": 9906000, "depreciationAndAmortization": 46621000, "ebitda": 106946000, "ebitdaratio": 0.0519164413, "operatingIncome": 105987000, "operatingIncomeRatio": 0.0514508991, "totalOtherIncomeExpensesNet": -333000, "incomeBeforeTax": 96707000, "incomeBeforeTaxRatio": 0.046945966, "incomeTaxExpense": 33338000, "netIncome": 63683000, "netIncomeRatio": 0.0309146179, "eps": 1.41, "epsdiluted": 1.39, "weightedAverageShsOut": 45250665, "weightedAverageShsOutDil": 45956280, "link": "https://www.sec.gov/Archives/edgar/data/48287/000004828714000007/0000048287-14-000007-index.htm", "finalLink": "https://www.sec.gov/Archives/edgar/data/48287/000004828714000007/a10kq42013.htm", "calculatedOtherExpenses": -26967000, "calculatedOperatingExpenses": 609305000, "calculatedNetInterest": -9280000, "calculatedOtherIncome": 0, "calculatedIncomeNonControlling": -314000, "calculatedEbitda": 152608000}, {"date": "2012-12-29", "symbol": "HNI", "reportedCurrency": "USD", "cik": "0000048287", "fillingDate": "2013-02-22", "acceptedDate": "2013-02-22 08:42:37", "calendarYear": "2012", "period": "FY", "revenue": 2004003000, "costOfRevenue": 1314776000, "grossProfit": 689227000, "grossProfitRatio": 0.3439251338, "researchAndDevelopmentExpenses": 26900000, "generalAndAdministrativeExpenses": 477556000, "sellingAndMarketingExpenses": 122100000, "sellingGeneralAndAdministrativeExpenses": 599656000, "otherExpenses": 0, "operatingExpenses": 599656000, "costAndExpenses": 1914432000, "interestIncome": 842000, "interestExpense": 10865000, "depreciationAndAmortization": 43360000, "ebitda": 90413000, "ebitdaratio": 0.0451161999, "operatingIncome": 87627000, "operatingIncomeRatio": 0.0437259824, "totalOtherIncomeExpensesNet": -1944000, "incomeBeforeTax": 77604000, "incomeBeforeTaxRatio": 0.0387244929, "incomeTaxExpense": 29278000, "netIncome": 48967000, "netIncomeRatio": 0.0244345942, "eps": 1.08, "epsdiluted": 1.07, "weightedAverageShsOut": 45211385, "weightedAverageShsOutDil": 45819979, "link": "https://www.sec.gov/Archives/edgar/data/48287/000004828713000006/0000048287-13-000006-index.htm", "finalLink": "https://www.sec.gov/Archives/edgar/data/48287/000004828713000006/a10kq42012.htm", "calculatedOtherExpenses": -24956000, "calculatedOperatingExpenses": 601600000, "calculatedNetInterest": -10023000, "calculatedOtherIncome": 0, "calculatedIncomeNonControlling": -641000, "calculatedEbitda": 130987000}, {"date": "2011-12-31", "symbol": "HNI", "reportedCurrency": "USD", "cik": "0000048287", "fillingDate": "2012-02-24", "acceptedDate": "2012-02-24 09:14:40", "calendarYear": "2011", "period": "FY", "revenue": 1833450000, "costOfRevenue": 1194387000, "grossProfit": 639063000, "grossProfitRatio": 0.3485576372, "researchAndDevelopmentExpenses": 0, "generalAndAdministrativeExpenses": 0, "sellingAndMarketingExpenses": 0, "sellingGeneralAndAdministrativeExpenses": 554315000, "otherExpenses": 0, "operatingExpenses": 554315000, "costAndExpenses": 1748702000, "interestIncome": 623000, "interestExpense": 11951000, "depreciationAndAmortization": 46287000, "ebitda": 85371000, "ebitdaratio": 0.0465630369, "operatingIncome": 81487000, "operatingIncomeRatio": 0.0444446263, "totalOtherIncomeExpensesNet": -3261000, "incomeBeforeTax": 70159000, "incomeBeforeTaxRatio": 0.0382661103, "incomeTaxExpense": 24411000, "netIncome": 45986000, "netIncomeRatio": 0.0250816766, "eps": 1.03, "epsdiluted": 1.01, "weightedAverageShsOut": 44803248, "weightedAverageShsOutDil": 45694278, "link": "https://www.sec.gov/Archives/edgar/data/48287/000004828712000010/0000048287-12-000010-index.htm", "finalLink": "https://www.sec.gov/Archives/edgar/data/48287/000004828712000010/a10kq42011.htm", "calculatedOtherExpenses": 3261000, "calculatedOperatingExpenses": 557576000, "calculatedNetInterest": -11328000, "calculatedOtherIncome": 0, "calculatedIncomeNonControlling": -238000, "calculatedEbitda": 127774000}, {"date": "2010-12-31", "symbol": "HNI", "reportedCurrency": "USD", "cik": "0000048287", "fillingDate": "2011-02-25", "acceptedDate": "2011-02-25 08:30:44", "calendarYear": "2010", "period": "FY", "revenue": 1686728000, "costOfRevenue": 1101112000, "grossProfit": 585616000, "grossProfitRatio": 0.3471905369, "researchAndDevelopmentExpenses": 0, "generalAndAdministrativeExpenses": 0, "sellingAndMarketingExpenses": 0, "sellingGeneralAndAdministrativeExpenses": 518257000, "otherExpenses": 0, "operatingExpenses": 518257000, "costAndExpenses": 1619369000, "interestIncome": 471000, "interestExpense": 11903000, "depreciationAndAmortization": 58630000, "ebitda": 67830000, "ebitdaratio": 0.0402139527, "operatingIncome": 57910000, "operatingIncomeRatio": 0.0343327436, "totalOtherIncomeExpensesNet": -9449000, "incomeBeforeTax": 46478000, "incomeBeforeTaxRatio": 0.0275551245, "incomeTaxExpense": 16797000, "netIncome": 26941000, "netIncomeRatio": 0.0159723441, "eps": 0.6, "epsdiluted": 0.59, "weightedAverageShsOut": 44993934, "weightedAverageShsOutDil": 45808704, "link": "https://www.sec.gov/Archives/edgar/data/48287/000004828711000009/0000048287-11-000009-index.htm", "finalLink": "https://www.sec.gov/Archives/edgar/data/48287/000004828711000009/a10kq42010.htm", "calculatedOtherExpenses": 9449000, "calculatedOperatingExpenses": 527706000, "calculatedNetInterest": -11432000, "calculatedOtherIncome": 0, "calculatedIncomeNonControlling": 2740000, "calculatedEbitda": 116540000}, {"date": "2009-12-31", "symbol": "HNI", "reportedCurrency": "USD", "cik": "0000048287", "fillingDate": "2010-02-26", "acceptedDate": "2010-02-26 08:28:34", "calendarYear": "2009", "period": "FY", "revenue": 1656289000, "costOfRevenue": 1085508000, "grossProfit": 570781000, "grossProfitRatio": 0.3446143759, "researchAndDevelopmentExpenses": 0, "generalAndAdministrativeExpenses": 0, "sellingAndMarketingExpenses": 0, "sellingGeneralAndAdministrativeExpenses": 526346000, "otherExpenses": 0, "operatingExpenses": 526346000, "costAndExpenses": 1611854000, "interestIncome": 415000, "interestExpense": 12080000, "depreciationAndAmortization": 74867000, "ebitda": 44850000, "ebitdaratio": 0.0270786077, "operatingIncome": 3992000, "operatingIncomeRatio": 0.0024102074, "totalOtherIncomeExpensesNet": -40443000, "incomeBeforeTax": -7673000, "incomeBeforeTaxRatio": -0.0046326456, "incomeTaxExpense": -1414000, "netIncome": -6442000, "netIncomeRatio": -0.0038894178, "eps": -0.14, "epsdiluted": -0.14, "weightedAverageShsOut": 44888809, "weightedAverageShsOutDil": 44888809, "link": "https://www.sec.gov/Archives/edgar/data/48287/000114036110008626/0001140361-10-008626-index.htm", "finalLink": "https://www.sec.gov/Archives/edgar/data/48287/000114036110008626/form10-k.htm", "calculatedOtherExpenses": 40443000, "calculatedOperatingExpenses": 566789000, "calculatedNetInterest": -11665000, "calculatedOtherIncome": 0, "calculatedIncomeNonControlling": 183000, "calculatedEbitda": 78859000}, {"date": "2008-12-31", "symbol": "HNI", "reportedCurrency": "USD", "cik": "0000048287", "fillingDate": "2009-02-27", "acceptedDate": "2009-02-27 08:43:05", "calendarYear": "2008", "period": "FY", "revenue": 2477587000, "costOfRevenue": 1648975000, "grossProfit": 828612000, "grossProfitRatio": 0.3344431497, "researchAndDevelopmentExpenses": 0, "generalAndAdministrativeExpenses": 0, "sellingAndMarketingExpenses": 0, "sellingGeneralAndAdministrativeExpenses": 717870000, "otherExpenses": 0, "operatingExpenses": 717870000, "costAndExpenses": 2366845000, "interestIncome": 0, "interestExpense": 0, "depreciationAndAmortization": 70155000, "ebitda": 206756000, "ebitdaratio": 0.0834505509, "operatingIncome": 69084000, "operatingIncomeRatio": 0.0278835819, "totalOtherIncomeExpensesNet": -25859000, "incomeBeforeTax": 69190000, "incomeBeforeTaxRatio": 0.0279263655, "incomeTaxExpense": 23634000, "netIncome": 45450000, "netIncomeRatio": 0.0183444618, "eps": 1.03, "epsdiluted": 1.02, "weightedAverageShsOut": 44309765, "weightedAverageShsOutDil": 44433945, "link": "https://www.sec.gov/Archives/edgar/data/48287/000114036109005205/0001140361-09-005205-index.htm", "finalLink": "https://www.sec.gov/Archives/edgar/data/48287/000114036109005205/form10k.htm", "calculatedOtherExpenses": 41658000, "calculatedOperatingExpenses": 759528000, "calculatedNetInterest": 0, "calculatedOtherIncome": 106000, "calculatedIncomeNonControlling": 106000, "calculatedEbitda": 139239000}, {"date": "2007-12-29", "symbol": "HNI", "reportedCurrency": "USD", "cik": "0000048287", "fillingDate": "2008-02-25", "acceptedDate": "2008-02-25 13:06:39", "calendarYear": "2007", "period": "FY", "revenue": 2570472000, "costOfRevenue": 1664697000, "grossProfit": 905775000, "grossProfitRatio": 0.3523769175, "researchAndDevelopmentExpenses": 0, "generalAndAdministrativeExpenses": 0, "sellingAndMarketingExpenses": 0, "sellingGeneralAndAdministrativeExpenses": 702329000, "otherExpenses": 0, "operatingExpenses": 702329000, "costAndExpenses": 2367026000, "interestIncome": 0, "interestExpense": 0, "depreciationAndAmortization": 68173000, "ebitda": 281407000, "ebitdaratio": 0.1094767809, "operatingIncome": 177519000, "operatingIncomeRatio": 0.0690608573, "totalOtherIncomeExpensesNet": -9788000, "incomeBeforeTax": 176726000, "incomeBeforeTaxRatio": 0.0687523537, "incomeTaxExpense": 57141000, "netIncome": 120378000, "netIncomeRatio": 0.0468310878, "eps": 2.58, "epsdiluted": 2.57, "weightedAverageShsOut": 46684774, "weightedAverageShsOutDil": 46925161, "link": "https://www.sec.gov/Archives/edgar/data/48287/000114036108004941/0001140361-08-004941-index.htm", "finalLink": "https://www.sec.gov/Archives/edgar/data/48287/000114036108004941/form10k.htm", "calculatedOtherExpenses": 25927000, "calculatedOperatingExpenses": 728256000, "calculatedNetInterest": 0, "calculatedOtherIncome": -793000, "calculatedIncomeNonControlling": -793000, "calculatedEbitda": 245692000}, {"date": "2006-12-30", "symbol": "HNI", "reportedCurrency": "USD", "cik": "0000048287", "fillingDate": "2007-02-26", "acceptedDate": "2007-02-26 08:10:20", "calendarYear": "2006", "period": "FY", "revenue": 2679803000, "costOfRevenue": 1752882000, "grossProfit": 926921000, "grossProfitRatio": 0.3458914704, "researchAndDevelopmentExpenses": 0, "generalAndAdministrativeExpenses": 0, "sellingAndMarketingExpenses": 0, "sellingGeneralAndAdministrativeExpenses": 717676000, "otherExpenses": 0, "operatingExpenses": 717676000, "costAndExpenses": 2470558000, "interestIncome": 0, "interestExpense": 0, "depreciationAndAmortization": 69503000, "ebitda": 281577000, "ebitdaratio": 0.1050737685, "operatingIncome": 187045000, "operatingIncomeRatio": 0.0697980411, "totalOtherIncomeExpensesNet": -2829000, "incomeBeforeTax": 193232000, "incomeBeforeTaxRatio": 0.0721067929, "incomeTaxExpense": 63670000, "netIncome": 123375000, "netIncomeRatio": 0.046038832, "eps": 2.46, "epsdiluted": 2.45, "weightedAverageShsOut": 50059443, "weightedAverageShsOutDil": 50374758, "link": "https://www.sec.gov/Archives/edgar/data/48287/000114036107004255/0001140361-07-004255-index.htm", "finalLink": "https://www.sec.gov/Archives/edgar/data/48287/000114036107004255/form10-k.htm", "calculatedOtherExpenses": 22200000, "calculatedOperatingExpenses": 739876000, "calculatedNetInterest": 0, "calculatedOtherIncome": 6187000, "calculatedIncomeNonControlling": 6187000, "calculatedEbitda": 256548000}, {"date": "2005-12-31", "symbol": "HNI", "reportedCurrency": "USD", "cik": "0000048287", "fillingDate": "2006-02-27", "acceptedDate": "2006-02-27 11:27:34", "calendarYear": "2005", "period": "FY", "revenue": 2450572000, "costOfRevenue": 1562654000, "grossProfit": 887918000, "grossProfitRatio": 0.362330917, "researchAndDevelopmentExpenses": 0, "generalAndAdministrativeExpenses": 0, "sellingAndMarketingExpenses": 0, "sellingGeneralAndAdministrativeExpenses": 668910000, "otherExpenses": 0, "operatingExpenses": 668910000, "costAndExpenses": 2231564000, "interestIncome": 0, "interestExpense": 0, "depreciationAndAmortization": 65514000, "ebitda": 287984000, "ebitdaratio": 0.1175170532, "operatingIncome": 214715000, "operatingIncomeRatio": 0.0876183193, "totalOtherIncomeExpensesNet": -3462000, "incomeBeforeTax": 214709000, "incomeBeforeTaxRatio": 0.0876158709, "incomeTaxExpense": 77295000, "netIncome": 137420000, "netIncomeRatio": 0.0560767037, "eps": 2.51, "epsdiluted": 2.5, "weightedAverageShsOut": 54649199, "weightedAverageShsOutDil": 55033741, "link": "https://www.sec.gov/Archives/edgar/data/48287/000110465906012082/0001104659-06-012082-index.htm", "finalLink": "https://www.sec.gov/Archives/edgar/data/48287/000110465906012082/a06-1870_110k.htm", "calculatedOtherExpenses": 4293000, "calculatedOperatingExpenses": 673203000, "calculatedNetInterest": 0, "calculatedOtherIncome": -6000, "calculatedIncomeNonControlling": -6000, "calculatedEbitda": 280229000}, {"date": "2004-12-31", "symbol": "HNI", "reportedCurrency": "USD", "cik": "0000048287", "fillingDate": "2005-02-28", "acceptedDate": "2005-02-28 14:18:35", "calendarYear": "2004", "period": "FY", "revenue": 2093447000, "costOfRevenue": 1342143000, "grossProfit": 751304000, "grossProfitRatio": 0.3588836976, "researchAndDevelopmentExpenses": 0, "generalAndAdministrativeExpenses": 0, "sellingAndMarketingExpenses": 0, "sellingGeneralAndAdministrativeExpenses": 572006000, "otherExpenses": 0, "operatingExpenses": 572006000, "costAndExpenses": 1914149000, "interestIncome": 0, "interestExpense": 0, "depreciationAndAmortization": 66703000, "ebitda": 246887000, "ebitdaratio": 0.117933246, "operatingIncome": 178869000, "operatingIncomeRatio": 0.0854423351, "totalOtherIncomeExpensesNet": -886000, "incomeBeforeTax": 178869000, "incomeBeforeTaxRatio": 0.0854423351, "incomeTaxExpense": 65287000, "netIncome": 113582000, "netIncomeRatio": 0.0542559711, "eps": 1.99, "epsdiluted": 1.97, "weightedAverageShsOut": 57127110, "weightedAverageShsOutDil": 57577630, "link": "https://www.sec.gov/Archives/edgar/data/48287/000110465905008544/0001104659-05-008544-index.htm", "finalLink": "https://www.sec.gov/Archives/edgar/data/48287/000110465905008544/a05-3985_110k.htm", "calculatedOtherExpenses": 429000, "calculatedOperatingExpenses": 572435000, "calculatedNetInterest": 0, "calculatedOtherIncome": 0, "calculatedIncomeNonControlling": 0, "calculatedEbitda": 245572000}, {"date": "2003-12-31", "symbol": "HNI", "reportedCurrency": "USD", "cik": "0000048287", "fillingDate": "2004-03-01", "acceptedDate": "2004-03-01 08:09:02", "calendarYear": "2003", "period": "FY", "revenue": 1755728000, "costOfRevenue": 1116513000, "grossProfit": 639215000, "grossProfitRatio": 0.3640740479, "researchAndDevelopmentExpenses": 0, "generalAndAdministrativeExpenses": 0, "sellingAndMarketingExpenses": 0, "sellingGeneralAndAdministrativeExpenses": 480744000, "otherExpenses": 0, "operatingExpenses": 480744000, "costAndExpenses": 1597257000, "interestIncome": 0, "interestExpense": 0, "depreciationAndAmortization": 72772000, "ebitda": 239753000, "ebitdaratio": 0.1365547511, "operatingIncome": 150931000, "operatingIncomeRatio": 0.0859649103, "totalOtherIncomeExpensesNet": -8510000, "incomeBeforeTax": 150931000, "incomeBeforeTaxRatio": 0.0859649103, "incomeTaxExpense": 52826000, "netIncome": 98105000, "netIncomeRatio": 0.0558771062, "eps": 1.69, "epsdiluted": 1.68, "weightedAverageShsOut": 58178739, "weightedAverageShsOutDil": 58545353, "link": "https://www.sec.gov/Archives/edgar/data/48287/000104746904006037/0001047469-04-006037-index.htm", "finalLink": "https://www.sec.gov/Archives/edgar/data/48287/000104746904006037/a2129470z10-k.htm", "calculatedOtherExpenses": 7540000, "calculatedOperatingExpenses": 488284000, "calculatedNetInterest": 0, "calculatedOtherIncome": 0, "calculatedIncomeNonControlling": 0, "calculatedEbitda": 223703000}, {"date": "2002-12-28", "symbol": "HNI", "reportedCurrency": "USD", "cik": "0000048287", "fillingDate": "2003-03-24", "acceptedDate": "2003-03-24 10:06:37", "calendarYear": "2002", "period": "FY", "revenue": 1692622000, "costOfRevenue": 1092743000, "grossProfit": 599879000, "grossProfitRatio": 0.3544081313, "researchAndDevelopmentExpenses": 0, "generalAndAdministrativeExpenses": 0, "sellingAndMarketingExpenses": 0, "sellingGeneralAndAdministrativeExpenses": 454189000, "otherExpenses": 0, "operatingExpenses": 454189000, "costAndExpenses": 1546932000, "interestIncome": 0, "interestExpense": 0, "depreciationAndAmortization": 68755000, "ebitda": 217445000, "ebitdaratio": 0.1284663676, "operatingIncome": 140554000, "operatingIncomeRatio": 0.0830392137, "totalOtherIncomeExpensesNet": -3000000, "incomeBeforeTax": 140554000, "incomeBeforeTaxRatio": 0.0830392137, "incomeTaxExpense": 49194000, "netIncome": 91360000, "netIncomeRatio": 0.0539754298, "eps": 1.55, "epsdiluted": 1.55, "weightedAverageShsOut": 58941935, "weightedAverageShsOutDil": 59190939, "link": "https://www.sec.gov/Archives/edgar/data/48287/000104746903009781/0001047469-03-009781-index.htm", "finalLink": "https://www.sec.gov/Archives/edgar/data/48287/000104746903009781/a2105475z10-k.htm", "calculatedOtherExpenses": 5136000, "calculatedOperatingExpenses": 459325000, "calculatedNetInterest": 0, "calculatedOtherIncome": 0, "calculatedIncomeNonControlling": 0, "calculatedEbitda": 209309000}, {"date": "2001-12-29", "symbol": "HNI", "reportedCurrency": "USD", "cik": "0000048287", "fillingDate": "2002-03-22", "acceptedDate": "2002-03-22 00:00:00", "calendarYear": "2001", "period": "FY", "revenue": 1792438000, "costOfRevenue": 1181140000, "grossProfit": 611298000, "grossProfitRatio": 0.3410427585, "researchAndDevelopmentExpenses": 0, "generalAndAdministrativeExpenses": 0, "sellingAndMarketingExpenses": 0, "sellingGeneralAndAdministrativeExpenses": 464206000, "otherExpenses": 0, "operatingExpenses": 464206000, "costAndExpenses": 1645346000, "interestIncome": 0, "interestExpense": 0, "depreciationAndAmortization": 81385000, "ebitda": 252477000, "ebitdaratio": 0.1408567549, "operatingIncome": 116261000, "operatingIncomeRatio": 0.0648619366, "totalOtherIncomeExpensesNet": -24000000, "incomeBeforeTax": 116261000, "incomeBeforeTaxRatio": 0.0648619366, "incomeTaxExpense": 41854000, "netIncome": 74407000, "netIncomeRatio": 0.0415116171, "eps": 1.26, "epsdiluted": 1.26, "weightedAverageShsOut": 59053175, "weightedAverageShsOutDil": 59053175, "link": "https://www.sec.gov/Archives/edgar/data/48287/000091205702011161/0000912057-02-011161-index.htm", "finalLink": "https://www.sec.gov/Archives/edgar/data/48287/000091205702011161/a2074078z10-k.htm", "calculatedOtherExpenses": 30831000, "calculatedOperatingExpenses": 495037000, "calculatedNetInterest": 0, "calculatedOtherIncome": 0, "calculatedIncomeNonControlling": 0, "calculatedEbitda": 197646000}, {"date": "2000-12-30", "symbol": "HNI", "reportedCurrency": "USD", "cik": "0000048287", "fillingDate": "2001-03-27", "acceptedDate": "2001-03-27 00:00:00", "calendarYear": "2000", "period": "FY", "revenue": 2046286000, "costOfRevenue": 1380404000, "grossProfit": 665882000, "grossProfitRatio": 0.3254100355, "researchAndDevelopmentExpenses": 0, "generalAndAdministrativeExpenses": 0, "sellingAndMarketingExpenses": 0, "sellingGeneralAndAdministrativeExpenses": 487848000, "otherExpenses": 0, "operatingExpenses": 487848000, "costAndExpenses": 1868252000, "interestIncome": 0, "interestExpense": 0, "depreciationAndAmortization": 79046000, "ebitda": 257080000, "ebitdaratio": 0.1256324873, "operatingIncome": 165964000, "operatingIncomeRatio": 0.0811049873, "totalOtherIncomeExpensesNet": 0, "incomeBeforeTax": 165964000, "incomeBeforeTaxRatio": 0.0811049873, "incomeTaxExpense": 59747000, "netIncome": 106217000, "netIncomeRatio": 0.0519072114, "eps": 1.77, "epsdiluted": 1.77, "weightedAverageShsOut": 60009605, "weightedAverageShsOutDil": 60185851, "link": "https://www.sec.gov/Archives/edgar/data/48287/000091205701008394/0000912057-01-008394-index.htm", "finalLink": "https://www.sec.gov/Archives/edgar/data/48287/000091205701008394/a2042271z10-k.txt", "calculatedOtherExpenses": 12070000, "calculatedOperatingExpenses": 499918000, "calculatedNetInterest": 0, "calculatedOtherIncome": 0, "calculatedIncomeNonControlling": 0, "calculatedEbitda": 245010000}, {"date": "1999-12-31", "symbol": "HNI", "reportedCurrency": "USD", "cik": "0000048287", "fillingDate": "2000-03-20", "acceptedDate": "2000-03-20 00:00:00", "calendarYear": "1999", "period": "FY", "revenue": 1789300000, "costOfRevenue": 1171100000, "grossProfit": 618200000, "grossProfitRatio": 0.3454982395, "researchAndDevelopmentExpenses": 0, "generalAndAdministrativeExpenses": 0, "sellingAndMarketingExpenses": 0, "sellingGeneralAndAdministrativeExpenses": 406200000, "otherExpenses": 65500000, "operatingExpenses": 471700000, "costAndExpenses": 1642800000, "interestIncome": 0, "interestExpense": 0, "depreciationAndAmortization": 65500000, "ebitda": 212000000, "ebitdaratio": 0.118482088, "operatingIncome": 137600000, "operatingIncomeRatio": 0.0769015816, "totalOtherIncomeExpensesNet": 0, "incomeBeforeTax": 137600000, "incomeBeforeTaxRatio": 0.0769015816, "incomeTaxExpense": 50200000, "netIncome": 87400000, "netIncomeRatio": 0.0488459174, "eps": 1.44, "epsdiluted": 1.44, "weightedAverageShsOut": 60694444, "weightedAverageShsOutDil": 60873786, "link": "https://www.sec.gov/Archives/edgar/data/48287/000091205700012330/0000912057-00-012330-index.html", "finalLink": "https://www.sec.gov/Archives/edgar/data/48287/000091205700012330/", "calculatedOtherExpenses": 74400000, "calculatedOperatingExpenses": 480600000, "calculatedNetInterest": 0, "calculatedOtherIncome": 0, "calculatedIncomeNonControlling": 0, "calculatedEbitda": 203100000}, {"date": "1998-12-31", "symbol": "HNI", "reportedCurrency": "USD", "cik": "0000048287", "fillingDate": "1999-03-29", "acceptedDate": "1999-03-29 00:00:00", "calendarYear": "1998", "period": "FY", "revenue": 1696400000, "costOfRevenue": 1120000000, "grossProfit": 576400000, "grossProfitRatio": 0.3397783542, "researchAndDevelopmentExpenses": 0, "generalAndAdministrativeExpenses": 0, "sellingAndMarketingExpenses": 0, "sellingGeneralAndAdministrativeExpenses": 344300000, "otherExpenses": 53000000, "operatingExpenses": 397300000, "costAndExpenses": 1517300000, "interestIncome": 0, "interestExpense": 0, "depreciationAndAmortization": 53000000, "ebitda": 230500000, "ebitdaratio": 0.1358759726, "operatingIncome": 170100000, "operatingIncomeRatio": 0.1002711625, "totalOtherIncomeExpensesNet": 1600000, "incomeBeforeTax": 170100000, "incomeBeforeTaxRatio": 0.1002711625, "incomeTaxExpense": 63800000, "netIncome": 106300000, "netIncomeRatio": 0.062662108, "eps": 1.72, "epsdiluted": 1.72, "weightedAverageShsOut": 61802326, "weightedAverageShsOutDil": 61854839, "link": "https://www.sec.gov/Archives/edgar/data/48287/000104746999012119/0001047469-99-012119-index.html", "finalLink": "https://www.sec.gov/Archives/edgar/data/48287/", "calculatedOtherExpenses": 62000000, "calculatedOperatingExpenses": 406300000, "calculatedNetInterest": 0, "calculatedOtherIncome": 0, "calculatedIncomeNonControlling": 0, "calculatedEbitda": 223100000}, {"date": "1997-12-31", "symbol": "HNI", "reportedCurrency": "USD", "cik": "0000048287", "fillingDate": "1998-03-27", "acceptedDate": "1998-03-27 00:00:00", "calendarYear": "1997", "period": "FY", "revenue": 1362700000, "costOfRevenue": 897600000, "grossProfit": 465100000, "grossProfitRatio": 0.341307698, "researchAndDevelopmentExpenses": 0, "generalAndAdministrativeExpenses": 0, "sellingAndMarketingExpenses": 0, "sellingGeneralAndAdministrativeExpenses": 284400000, "otherExpenses": 35600000, "operatingExpenses": 320000000, "costAndExpenses": 1217600000, "interestIncome": 0, "interestExpense": 0, "depreciationAndAmortization": 35600000, "ebitda": 178600000, "ebitdaratio": 0.1310633302, "operatingIncome": 139200000, "operatingIncomeRatio": 0.1021501431, "totalOtherIncomeExpensesNet": 2100000, "incomeBeforeTax": 139200000, "incomeBeforeTaxRatio": 0.1021501431, "incomeTaxExpense": 52200000, "netIncome": 87000000, "netIncomeRatio": 0.0638438394, "eps": 0.73, "epsdiluted": 0.73, "weightedAverageShsOut": 59223301, "weightedAverageShsOutDil": 59223301, "link": "https://www.sec.gov/Archives/edgar/data/48287/0000950131-98-002066-index.html", "finalLink": "https://www.sec.gov/Archives/edgar/data/48287/0000950131-98-002066.txt", "calculatedOtherExpenses": 41500000, "calculatedOperatingExpenses": 325900000, "calculatedNetInterest": 0, "calculatedOtherIncome": 0, "calculatedIncomeNonControlling": 0, "calculatedEbitda": 174800000}, {"date": "1996-12-28", "symbol": "HNI", "reportedCurrency": "USD", "cik": "0000048287", "fillingDate": "1997-03-26", "acceptedDate": "1997-03-26 00:00:00", "calendarYear": "1996", "period": "FY", "revenue": 998100000, "costOfRevenue": 654200000, "grossProfit": 343900000, "grossProfitRatio": 0.3445546538, "researchAndDevelopmentExpenses": 0, "generalAndAdministrativeExpenses": 0, "sellingAndMarketingExpenses": 0, "sellingGeneralAndAdministrativeExpenses": 215600000, "otherExpenses": 25300000, "operatingExpenses": 240900000, "costAndExpenses": 895100000, "interestIncome": 0, "interestExpense": 0, "depreciationAndAmortization": 25300000, "ebitda": 121900000, "ebitdaratio": 0.1221320509, "operatingIncome": 105300000, "operatingIncomeRatio": 0.1055004509, "totalOtherIncomeExpensesNet": 6400000, "incomeBeforeTax": 105300000, "incomeBeforeTaxRatio": 0.1055004509, "incomeTaxExpense": 37200000, "netIncome": 68100000, "netIncomeRatio": 0.0682296363, "eps": 1.13, "epsdiluted": 1.13, "weightedAverageShsOut": 60265487, "weightedAverageShsOutDil": 60265487, "link": "https://www.sec.gov/Archives/edgar/data/48287/000095013197002056/0000950131-97-002056-index.html", "finalLink": "https://www.sec.gov/Archives/edgar/data/48287/", "calculatedOtherExpenses": 23000000, "calculatedOperatingExpenses": 238600000, "calculatedNetInterest": 0, "calculatedOtherIncome": 0, "calculatedIncomeNonControlling": 0, "calculatedEbitda": 130600000}, {"date": "1995-12-30", "symbol": "HNI", "reportedCurrency": "USD", "cik": "0000048287", "fillingDate": "1996-03-28", "acceptedDate": "1996-03-28 00:00:00", "calendarYear": "1995", "period": "FY", "revenue": 893100000, "costOfRevenue": 603300000, "grossProfit": 289800000, "grossProfitRatio": 0.3244877393, "researchAndDevelopmentExpenses": 0, "generalAndAdministrativeExpenses": 0, "sellingAndMarketingExpenses": 0, "sellingGeneralAndAdministrativeExpenses": 201700000, "otherExpenses": 21400000, "operatingExpenses": 223100000, "costAndExpenses": 826400000, "interestIncome": 0, "interestExpense": 0, "depreciationAndAmortization": 21400000, "ebitda": 85700000, "ebitdaratio": 0.0959578995, "operatingIncome": 65500000, "operatingIncomeRatio": 0.0733400515, "totalOtherIncomeExpensesNet": 2400000, "incomeBeforeTax": 65500000, "incomeBeforeTaxRatio": 0.0733400515, "incomeTaxExpense": 24400000, "netIncome": 41100000, "netIncomeRatio": 0.0460194827, "eps": 0.68, "epsdiluted": 0.68, "weightedAverageShsOut": 60888889, "weightedAverageShsOutDil": 60888889, "link": "https://www.sec.gov/Archives/edgar/data/48287/000095013196001292/0000950131-96-001292-index.html", "finalLink": "https://www.sec.gov/Archives/edgar/data/48287/", "calculatedOtherExpenses": 22600000, "calculatedOperatingExpenses": 224300000, "calculatedNetInterest": 0, "calculatedOtherIncome": 0, "calculatedIncomeNonControlling": 0, "calculatedEbitda": 86900000}, {"date": "1994-12-31", "symbol": "HNI", "reportedCurrency": "USD", "cik": "0000048287", "fillingDate": "1995-03-28", "acceptedDate": "1995-03-28 00:00:00", "calendarYear": "1994", "period": "FY", "revenue": 846000000, "costOfRevenue": 554400000, "grossProfit": 291600000, "grossProfitRatio": 0.3446808511, "researchAndDevelopmentExpenses": 0, "generalAndAdministrativeExpenses": 0, "sellingAndMarketingExpenses": 0, "sellingGeneralAndAdministrativeExpenses": 185500000, "otherExpenses": 19000000, "operatingExpenses": 204500000, "costAndExpenses": 758900000, "interestIncome": 0, "interestExpense": 0, "depreciationAndAmortization": 19000000, "ebitda": 103600000, "ebitdaratio": 0.1224586288, "operatingIncome": 86100000, "operatingIncomeRatio": 0.1017730496, "totalOtherIncomeExpensesNet": 2500000, "incomeBeforeTax": 86300000, "incomeBeforeTaxRatio": 0.1020094563, "incomeTaxExpense": 31900000, "netIncome": 54200000, "netIncomeRatio": 0.0640661939, "eps": 0.87, "epsdiluted": 0.87, "weightedAverageShsOut": 62658960, "weightedAverageShsOutDil": 63508772, "link": "https://www.sec.gov/Archives/edgar/data/48287/000095013195000749/0000950131-95-000749-index.html", "finalLink": "https://www.sec.gov/Archives/edgar/data/48287/", "calculatedOtherExpenses": 20000000, "calculatedOperatingExpenses": 205500000, "calculatedNetInterest": 0, "calculatedOtherIncome": 200000, "calculatedIncomeNonControlling": 200000, "calculatedEbitda": 105100000}, {"date": "1993-12-31", "symbol": "HNI", "reportedCurrency": "USD", "cik": "0000048287", "fillingDate": "1993-12-31", "acceptedDate": "1993-12-31 00:00:00", "calendarYear": "1993", "period": "FY", "revenue": 780300000, "costOfRevenue": 521200000, "grossProfit": 259100000, "grossProfitRatio": 0.332051775, "researchAndDevelopmentExpenses": 0, "generalAndAdministrativeExpenses": 0, "sellingAndMarketingExpenses": 0, "sellingGeneralAndAdministrativeExpenses": 171000000, "otherExpenses": 16600000, "operatingExpenses": 187600000, "costAndExpenses": 708800000, "interestIncome": 0, "interestExpense": 0, "depreciationAndAmortization": 16600000, "ebitda": 85600000, "ebitdaratio": 0.1097013969, "operatingIncome": 71300000, "operatingIncomeRatio": 0.0913751121, "totalOtherIncomeExpensesNet": 2500000, "incomeBeforeTax": 70800000, "incomeBeforeTaxRatio": 0.0907343329, "incomeTaxExpense": 26200000, "netIncome": 45100000, "netIncomeRatio": 0.0577982827, "eps": 0.7, "epsdiluted": 0.7, "weightedAverageShsOut": 64428571, "weightedAverageShsOutDil": 64428571, "link": null, "finalLink": null, "calculatedOtherExpenses": 16800000, "calculatedOperatingExpenses": 187800000, "calculatedNetInterest": 0, "calculatedOtherIncome": -500000, "calculatedIncomeNonControlling": -500000, "calculatedEbitda": 87900000}, {"date": "1992-12-31", "symbol": "HNI", "reportedCurrency": "USD", "cik": "0000048287", "fillingDate": "1992-12-31", "acceptedDate": "1992-12-31 00:00:00", "calendarYear": "1992", "period": "FY", "revenue": 706600000, "costOfRevenue": 463700000, "grossProfit": 242900000, "grossProfitRatio": 0.3437588452, "researchAndDevelopmentExpenses": 0, "generalAndAdministrativeExpenses": 0, "sellingAndMarketingExpenses": 0, "sellingGeneralAndAdministrativeExpenses": 165100000, "otherExpenses": 15500000, "operatingExpenses": 180600000, "costAndExpenses": 644300000, "interestIncome": 0, "interestExpense": 0, "depreciationAndAmortization": 15500000, "ebitda": 74800000, "ebitdaratio": 0.1058590433, "operatingIncome": 61900000, "operatingIncomeRatio": 0.087602604, "totalOtherIncomeExpensesNet": 3000000, "incomeBeforeTax": 61900000, "incomeBeforeTaxRatio": 0.087602604, "incomeTaxExpense": 23200000, "netIncome": 38700000, "netIncomeRatio": 0.0547693179, "eps": 0.59, "epsdiluted": 0.59, "weightedAverageShsOut": 65593220, "weightedAverageShsOutDil": 65593220, "link": null, "finalLink": null, "calculatedOtherExpenses": 15900000, "calculatedOperatingExpenses": 181000000, "calculatedNetInterest": 0, "calculatedOtherIncome": 0, "calculatedIncomeNonControlling": 0, "calculatedEbitda": 77400000}, {"date": "1991-12-31", "symbol": "HNI", "reportedCurrency": "USD", "cik": "0000048287", "fillingDate": "1991-12-31", "acceptedDate": "1991-12-31 00:00:00", "calendarYear": "1991", "period": "FY", "revenue": 607700000, "costOfRevenue": 397100000, "grossProfit": 210600000, "grossProfitRatio": 0.3465525753, "researchAndDevelopmentExpenses": 0, "generalAndAdministrativeExpenses": 0, "sellingAndMarketingExpenses": 0, "sellingGeneralAndAdministrativeExpenses": 142100000, "otherExpenses": 14100000, "operatingExpenses": 156200000, "costAndExpenses": 553300000, "interestIncome": 0, "interestExpense": 0, "depreciationAndAmortization": 14100000, "ebitda": 66800000, "ebitdaratio": 0.1099226592, "operatingIncome": 52600000, "operatingIncomeRatio": 0.0865558664, "totalOtherIncomeExpensesNet": 1700000, "incomeBeforeTax": 52600000, "incomeBeforeTaxRatio": 0.0865558664, "incomeTaxExpense": 19700000, "netIncome": 32900000, "netIncomeRatio": 0.0541385552, "eps": 0.51, "epsdiluted": 0.51, "weightedAverageShsOut": 64509804, "weightedAverageShsOutDil": 64509804, "link": null, "finalLink": null, "calculatedOtherExpenses": 15900000, "calculatedOperatingExpenses": 158000000, "calculatedNetInterest": 0, "calculatedOtherIncome": 0, "calculatedIncomeNonControlling": 0, "calculatedEbitda": 66700000}, {"date": "1990-12-31", "symbol": "HNI", "reportedCurrency": "USD", "cik": "0000048287", "fillingDate": "1990-12-31", "acceptedDate": "1990-12-31 00:00:00", "calendarYear": "1990", "period": "FY", "revenue": 663900000, "costOfRevenue": 444500000, "grossProfit": 219400000, "grossProfitRatio": 0.3304714565, "researchAndDevelopmentExpenses": 0, "generalAndAdministrativeExpenses": 0, "sellingAndMarketingExpenses": 0, "sellingGeneralAndAdministrativeExpenses": 137100000, "otherExpenses": 14000000, "operatingExpenses": 151100000, "costAndExpenses": 595600000, "interestIncome": 0, "interestExpense": 0, "depreciationAndAmortization": 14000000, "ebitda": 77900000, "ebitdaratio": 0.1173369483, "operatingIncome": 69100000, "operatingIncomeRatio": 0.1040819401, "totalOtherIncomeExpensesNet": 4400000, "incomeBeforeTax": 69100000, "incomeBeforeTaxRatio": 0.1040819401, "incomeTaxExpense": 25900000, "netIncome": 43200000, "netIncomeRatio": 0.0650700407, "eps": 0.65, "epsdiluted": 0.65, "weightedAverageShsOut": 66461538, "weightedAverageShsOutDil": 66461538, "link": null, "finalLink": null, "calculatedOtherExpenses": 13200000, "calculatedOperatingExpenses": 150300000, "calculatedNetInterest": 0, "calculatedOtherIncome": 0, "calculatedIncomeNonControlling": 0, "calculatedEbitda": 83100000}, {"date": "1989-12-31", "symbol": "HNI", "reportedCurrency": "USD", "cik": "0000048287", "fillingDate": "1989-12-31", "acceptedDate": "1989-12-31 00:00:00", "calendarYear": "1989", "period": "FY", "revenue": 602000000, "costOfRevenue": 397100000, "grossProfit": 204900000, "grossProfitRatio": 0.3403654485, "researchAndDevelopmentExpenses": 0, "generalAndAdministrativeExpenses": 0, "sellingAndMarketingExpenses": 0, "sellingGeneralAndAdministrativeExpenses": 147000000, "otherExpenses": 12900000, "operatingExpenses": 159900000, "costAndExpenses": 557000000, "interestIncome": 0, "interestExpense": 0, "depreciationAndAmortization": 12900000, "ebitda": 57900000, "ebitdaratio": 0.096179402, "operatingIncome": 44700000, "operatingIncomeRatio": 0.0742524917, "totalOtherIncomeExpensesNet": 0, "incomeBeforeTax": 44700000, "incomeBeforeTaxRatio": 0.0742524917, "incomeTaxExpense": 17200000, "netIncome": 27500000, "netIncomeRatio": 0.0456810631, "eps": 0.39, "epsdiluted": 0.39, "weightedAverageShsOut": 70512821, "weightedAverageShsOutDil": 70512821, "link": null, "finalLink": null, "calculatedOtherExpenses": 13200000, "calculatedOperatingExpenses": 160200000, "calculatedNetInterest": 0, "calculatedOtherIncome": 0, "calculatedIncomeNonControlling": 0, "calculatedEbitda": 57600000}, {"date": "1988-12-31", "symbol": "HNI", "reportedCurrency": "USD", "cik": "0000048287", "fillingDate": "1988-12-31", "acceptedDate": "1988-12-31 00:00:00", "calendarYear": "1988", "period": "FY", "revenue": 532500000, "costOfRevenue": 354700000, "grossProfit": 177800000, "grossProfitRatio": 0.3338967136, "researchAndDevelopmentExpenses": 0, "generalAndAdministrativeExpenses": 0, "sellingAndMarketingExpenses": 0, "sellingGeneralAndAdministrativeExpenses": 122400000, "otherExpenses": 11900000, "operatingExpenses": 134300000, "costAndExpenses": 489000000, "interestIncome": 0, "interestExpense": 9500000, "depreciationAndAmortization": 11900000, "ebitda": 55100000, "ebitdaratio": 0.1034741784, "operatingIncome": 51400000, "operatingIncomeRatio": 0.0965258216, "totalOtherIncomeExpensesNet": 300000, "incomeBeforeTax": 41900000, "incomeBeforeTaxRatio": 0.078685446, "incomeTaxExpense": 16100000, "netIncome": 35300000, "netIncomeRatio": 0.0662910798, "eps": 0.47, "epsdiluted": 0.47, "weightedAverageShsOut": 75106383, "weightedAverageShsOutDil": 75106383, "link": null, "finalLink": null, "calculatedOtherExpenses": 4000000, "calculatedOperatingExpenses": 126400000, "calculatedNetInterest": -9500000, "calculatedOtherIncome": 0, "calculatedIncomeNonControlling": -9500000, "calculatedEbitda": 63300000}, {"date": "1987-12-31", "symbol": "HNI", "reportedCurrency": "USD", "cik": "0000048287", "fillingDate": "1987-12-31", "acceptedDate": "1987-12-31 00:00:00", "calendarYear": "1987", "period": "FY", "revenue": 555400000, "costOfRevenue": 378300000, "grossProfit": 177100000, "grossProfitRatio": 0.3188692834, "researchAndDevelopmentExpenses": 0, "generalAndAdministrativeExpenses": 0, "sellingAndMarketingExpenses": 0, "sellingGeneralAndAdministrativeExpenses": 121200000, "otherExpenses": 10600000, "operatingExpenses": 131800000, "costAndExpenses": 510100000, "interestIncome": 0, "interestExpense": 0, "depreciationAndAmortization": 10600000, "ebitda": 55900000, "ebitdaratio": 0.1006481815, "operatingIncome": 44300000, "operatingIncomeRatio": 0.0797623335, "totalOtherIncomeExpensesNet": 0, "incomeBeforeTax": 44300000, "incomeBeforeTaxRatio": 0.0797623335, "incomeTaxExpense": 19500000, "netIncome": 24800000, "netIncomeRatio": 0.0446525027, "eps": 0.31, "epsdiluted": 0.31, "weightedAverageShsOut": 80000000, "weightedAverageShsOutDil": 80000000, "link": null, "finalLink": null, "calculatedOtherExpenses": 11600000, "calculatedOperatingExpenses": 132800000, "calculatedNetInterest": 0, "calculatedOtherIncome": 0, "calculatedIncomeNonControlling": 0, "calculatedEbitda": 54900000}, {"date": "1986-12-31", "symbol": "HNI", "reportedCurrency": "USD", "cik": "0000048287", "fillingDate": "1986-12-31", "acceptedDate": "1986-12-31 00:00:00", "calendarYear": "1986", "period": "FY", "revenue": 503600000, "costOfRevenue": 329100000, "grossProfit": 174500000, "grossProfitRatio": 0.3465051628, "researchAndDevelopmentExpenses": 0, "generalAndAdministrativeExpenses": 0, "sellingAndMarketingExpenses": 0, "sellingGeneralAndAdministrativeExpenses": 112100000, "otherExpenses": 9200000, "operatingExpenses": 121300000, "costAndExpenses": 450400000, "interestIncome": 0, "interestExpense": 0, "depreciationAndAmortization": 9200000, "ebitda": 58900000, "ebitdaratio": 0.1169579031, "operatingIncome": 56500000, "operatingIncomeRatio": 0.112192216, "totalOtherIncomeExpensesNet": 3500000, "incomeBeforeTax": 56500000, "incomeBeforeTaxRatio": 0.112192216, "incomeTaxExpense": 27200000, "netIncome": 29300000, "netIncomeRatio": 0.0581810961, "eps": 0.36, "epsdiluted": 0.36, "weightedAverageShsOut": 81388889, "weightedAverageShsOutDil": 81388889, "link": null, "finalLink": null, "calculatedOtherExpenses": 5900000, "calculatedOperatingExpenses": 118000000, "calculatedNetInterest": 0, "calculatedOtherIncome": 0, "calculatedIncomeNonControlling": 0, "calculatedEbitda": 65700000}, {"date": "1985-12-31", "symbol": "HNI", "reportedCurrency": "USD", "cik": "0000048287", "fillingDate": "1985-12-31", "acceptedDate": "1985-12-31 00:00:00", "calendarYear": "1985", "period": "FY", "revenue": 473300000, "costOfRevenue": 315500000, "grossProfit": 157800000, "grossProfitRatio": 0.3334037608, "researchAndDevelopmentExpenses": 0, "generalAndAdministrativeExpenses": 0, "sellingAndMarketingExpenses": 0, "sellingGeneralAndAdministrativeExpenses": 97000000, "otherExpenses": 8800000, "operatingExpenses": 105800000, "costAndExpenses": 421300000, "interestIncome": 0, "interestExpense": 0, "depreciationAndAmortization": 8800000, "ebitda": 60800000, "ebitdaratio": 0.1284597507, "operatingIncome": 50000000, "operatingIncomeRatio": 0.1056412423, "totalOtherIncomeExpensesNet": 0, "incomeBeforeTax": 50000000, "incomeBeforeTaxRatio": 0.1056412423, "incomeTaxExpense": 24000000, "netIncome": 26000000, "netIncomeRatio": 0.054933446, "eps": 0.31, "epsdiluted": 0.31, "weightedAverageShsOut": 83870968, "weightedAverageShsOutDil": 83870968, "link": null, "finalLink": null, "calculatedOtherExpenses": 10800000, "calculatedOperatingExpenses": 107800000, "calculatedNetInterest": 0, "calculatedOtherIncome": 0, "calculatedIncomeNonControlling": 0, "calculatedEbitda": 58800000}]}