{"originalCurrency": "USD", "convertedCurrency": "USD", "report": [{"date": "2023-12-31", "symbol": "HOG", "reportedCurrency": "USD", "cik": "0000793952", "fillingDate": "2024-02-23", "acceptedDate": "2024-02-23 16:35:37", "calendarYear": "2023", "period": "FY", "revenue": 5836478000, "costOfRevenue": 3759630000, "grossProfit": 2076848000, "grossProfitRatio": 0.3558392579, "researchAndDevelopmentExpenses": 159300000, "generalAndAdministrativeExpenses": 821138000, "sellingAndMarketingExpenses": 131000000, "sellingGeneralAndAdministrativeExpenses": 952138000, "otherExpenses": -227158000, "operatingExpenses": 1338596000, "costAndExpenses": 5098226000, "interestIncome": 46771000, "interestExpense": 30424000, "depreciationAndAmortization": 158112000, "ebitda": 896364000, "ebitdaratio": 0.1535796074, "operatingIncome": 738252000, "operatingIncomeRatio": 0.1264892971, "totalOtherIncomeExpensesNet": 128624000, "incomeBeforeTax": 866876000, "incomeBeforeTaxRatio": 0.1485272454, "incomeTaxExpense": 171830000, "netIncome": 706586000, "netIncomeRatio": 0.1210637648, "eps": 4.96, "epsdiluted": 4.87, "weightedAverageShsOut": 142378000, "weightedAverageShsOutDil": 145103000, "link": "https://www.sec.gov/Archives/edgar/data/793952/000079395224000076/0000793952-24-000076-index.htm", "finalLink": "https://www.sec.gov/Archives/edgar/data/793952/000079395224000076/hog-20231231.htm", "calculatedOtherExpenses": 227158000, "calculatedOperatingExpenses": 1338596000, "calculatedNetInterest": 16347000, "calculatedOtherIncome": 112277000, "calculatedIncomeNonControlling": -11540000, "calculatedEbitda": 896364000}, {"date": "2022-12-31", "symbol": "HOG", "reportedCurrency": "USD", "cik": "0000793952", "fillingDate": "2023-02-24", "acceptedDate": "2023-02-24 10:00:51", "calendarYear": "2022", "period": "FY", "revenue": 5755130000, "costOfRevenue": 3403728000, "grossProfit": 2351402000, "grossProfitRatio": 0.4085749583, "researchAndDevelopmentExpenses": 158600000, "generalAndAdministrativeExpenses": 833949000, "sellingAndMarketingExpenses": 105600000, "sellingGeneralAndAdministrativeExpenses": 939549000, "otherExpenses": 503119000, "operatingExpenses": 1442668000, "costAndExpenses": 4846396000, "interestIncome": 4538000, "interestExpense": 31235000, "depreciationAndAmortization": -1088000, "ebitda": 908190000, "ebitdaratio": 0.1578052972, "operatingIncome": 909278000, "operatingIncomeRatio": 0.1579943459, "totalOtherIncomeExpensesNet": 21955000, "incomeBeforeTax": 931233000, "incomeBeforeTaxRatio": 0.1618092033, "incomeTaxExpense": 192019000, "netIncome": 741408000, "netIncomeRatio": 0.1288255869, "eps": 5.01, "epsdiluted": 4.96, "weightedAverageShsOut": 148012000, "weightedAverageShsOutDil": 149351000, "link": "https://www.sec.gov/Archives/edgar/data/793952/000079395223000046/0000793952-23-000046-index.htm", "finalLink": "https://www.sec.gov/Archives/edgar/data/793952/000079395223000046/hog-20221231.htm", "calculatedOtherExpenses": 343975000, "calculatedOperatingExpenses": 1442124000, "calculatedNetInterest": -26697000, "calculatedOtherIncome": 48652000, "calculatedIncomeNonControlling": -2194000, "calculatedEbitda": 908190000}, {"date": "2021-12-31", "symbol": "HOG", "reportedCurrency": "USD", "cik": "0000793952", "fillingDate": "2022-02-25", "acceptedDate": "2022-02-25 14:17:07", "calendarYear": "2021", "period": "FY", "revenue": 5336308000, "costOfRevenue": 3624541000, "grossProfit": 1711767000, "grossProfitRatio": 0.3207773989, "researchAndDevelopmentExpenses": 175100000, "generalAndAdministrativeExpenses": 777987000, "sellingAndMarketingExpenses": 107600000, "sellingGeneralAndAdministrativeExpenses": 885587000, "otherExpenses": -4202000, "operatingExpenses": 885587000, "costAndExpenses": 4510128000, "interestIncome": 6694000, "interestExpense": 30972000, "depreciationAndAmortization": 5482000, "ebitda": 828921000, "ebitdaratio": 0.1553360488, "operatingIncome": 823439000, "operatingIncomeRatio": 0.1543087468, "totalOtherIncomeExpensesNet": -4202000, "incomeBeforeTax": 819237000, "incomeBeforeTaxRatio": 0.153521311, "incomeTaxExpense": 169213000, "netIncome": 650024000, "netIncomeRatio": 0.1218115596, "eps": 4.23, "epsdiluted": 4.19, "weightedAverageShsOut": 153747000, "weightedAverageShsOutDil": 154980000, "link": "https://www.sec.gov/Archives/edgar/data/793952/000079395222000014/0000793952-22-000014-index.htm", "finalLink": "https://www.sec.gov/Archives/edgar/data/793952/000079395222000014/hog-20211231.htm", "calculatedOtherExpenses": -172359000, "calculatedOperatingExpenses": 888328000, "calculatedNetInterest": -24278000, "calculatedOtherIncome": 20076000, "calculatedIncomeNonControlling": 0, "calculatedEbitda": 828921000}, {"date": "2020-12-31", "symbol": "HOG", "reportedCurrency": "USD", "cik": "0000793952", "fillingDate": "2021-02-23", "acceptedDate": "2021-02-23 14:10:35", "calendarYear": "2020", "period": "FY", "revenue": 4054377000, "costOfRevenue": 3030267000, "grossProfit": 1024110000, "grossProfitRatio": 0.2525936784, "researchAndDevelopmentExpenses": 202400000, "generalAndAdministrativeExpenses": 760721000, "sellingAndMarketingExpenses": 134600000, "sellingGeneralAndAdministrativeExpenses": 895321000, "otherExpenses": -25409000, "operatingExpenses": 895321000, "costAndExpenses": 3925588000, "interestIncome": 7560000, "interestExpense": 31121000, "depreciationAndAmortization": 185715000, "ebitda": 247899000, "ebitdaratio": 0.0611435493, "operatingIncome": 62184000, "operatingIncomeRatio": 0.0153374982, "totalOtherIncomeExpensesNet": -77914000, "incomeBeforeTax": -15730000, "incomeBeforeTaxRatio": -0.0038797576, "incomeTaxExpense": -17028000, "netIncome": 1298000, "netIncomeRatio": 0.0003201478, "eps": 0.0085, "epsdiluted": 0.0084, "weightedAverageShsOut": 153186000, "weightedAverageShsOutDil": 153908000, "link": "https://www.sec.gov/Archives/edgar/data/793952/000079395221000010/0000793952-21-000010-index.htm", "finalLink": "https://www.sec.gov/Archives/edgar/data/793952/000079395221000010/hog-20201231.htm", "calculatedOtherExpenses": -135795000, "calculatedOperatingExpenses": 961926000, "calculatedNetInterest": -23561000, "calculatedOtherIncome": -54353000, "calculatedIncomeNonControlling": 0, "calculatedEbitda": 247899000}, {"date": "2019-12-31", "symbol": "HOG", "reportedCurrency": "USD", "cik": "0000793952", "fillingDate": "2020-02-19", "acceptedDate": "2020-02-19 13:09:29", "calendarYear": "2019", "period": "FY", "revenue": 5361789000, "costOfRevenue": 3752921000, "grossProfit": 1608868000, "grossProfitRatio": 0.3000617891, "researchAndDevelopmentExpenses": 216500000, "generalAndAdministrativeExpenses": 849507000, "sellingAndMarketingExpenses": 171400000, "sellingGeneralAndAdministrativeExpenses": 1020907000, "otherExpenses": 16514000, "operatingExpenses": 1020907000, "costAndExpenses": 4773828000, "interestIncome": 16370999, "interestExpense": 31078000, "depreciationAndAmortization": 232537000, "ebitda": 604475000, "ebitdaratio": 0.1127375583, "operatingIncome": 371938000, "operatingIncomeRatio": 0.069368265, "totalOtherIncomeExpensesNet": 185477000, "incomeBeforeTax": 557415000, "incomeBeforeTaxRatio": 0.103960637, "incomeTaxExpense": 133780000, "netIncome": 423635000, "netIncomeRatio": 0.0790100095, "eps": 2.7, "epsdiluted": 2.68, "weightedAverageShsOut": 157054000, "weightedAverageShsOutDil": 157804000, "link": "https://www.sec.gov/Archives/edgar/data/793952/000079395220000008/0000793952-20-000008-index.htm", "finalLink": "https://www.sec.gov/Archives/edgar/data/793952/000079395220000008/hog10-k12x31x2019.htm", "calculatedOtherExpenses": -477000, "calculatedOperatingExpenses": 1236930000, "calculatedNetInterest": -14707001, "calculatedOtherIncome": 200184001, "calculatedIncomeNonControlling": 0, "calculatedEbitda": 604475000}, {"date": "2018-12-31", "symbol": "HOG", "reportedCurrency": "USD", "cik": "0000793952", "fillingDate": "2019-02-28", "acceptedDate": "2019-02-28 09:17:31", "calendarYear": "2018", "period": "FY", "revenue": 5716875000, "costOfRevenue": 3808865000, "grossProfit": 1908010000, "grossProfitRatio": 0.3337505193, "researchAndDevelopmentExpenses": 191600000, "generalAndAdministrativeExpenses": 956786000, "sellingAndMarketingExpenses": 144300000, "sellingGeneralAndAdministrativeExpenses": 1101086000, "otherExpenses": 3039000, "operatingExpenses": 1101086000, "costAndExpenses": 4909951000, "interestIncome": 0, "interestExpense": 30884000, "depreciationAndAmortization": 264863000, "ebitda": 809963000, "ebitdaratio": 0.1416793266, "operatingIncome": 713523000, "operatingIncomeRatio": 0.1248099705, "totalOtherIncomeExpensesNet": -89411000, "incomeBeforeTax": 686629000, "incomeBeforeTaxRatio": 0.1201056521, "incomeTaxExpense": 155178000, "netIncome": 531451000, "netIncomeRatio": 0.0929618017, "eps": 3.21, "epsdiluted": 3.19, "weightedAverageShsOut": 165672000, "weightedAverageShsOutDil": 166504000, "link": "https://www.sec.gov/Archives/edgar/data/793952/000079395219000008/0000793952-19-000008-index.htm", "finalLink": "https://www.sec.gov/Archives/edgar/data/793952/000079395219000008/hog12-31x201810xk.htm", "calculatedOtherExpenses": -98199000, "calculatedOperatingExpenses": 1194487000, "calculatedNetInterest": -30884000, "calculatedOtherIncome": 3990000, "calculatedIncomeNonControlling": 0, "calculatedEbitda": 978386000}, {"date": "2017-12-31", "symbol": "HOG", "reportedCurrency": "USD", "cik": "0000793952", "fillingDate": "2018-02-21", "acceptedDate": "2018-02-21 16:29:55", "calendarYear": "2017", "period": "FY", "revenue": 5647224000, "costOfRevenue": 3718575000, "grossProfit": 1928649000, "grossProfitRatio": 0.3415216042, "researchAndDevelopmentExpenses": 175200000, "generalAndAdministrativeExpenses": 901886000, "sellingAndMarketingExpenses": 135500000, "sellingGeneralAndAdministrativeExpenses": 1037386000, "otherExpenses": 132444000, "operatingExpenses": 1037386000, "costAndExpenses": 4755961000, "interestIncome": 0, "interestExpense": 31004000, "depreciationAndAmortization": 222188000, "ebitda": 891263000, "ebitdaratio": 0.1578232066, "operatingIncome": 891263000, "operatingIncomeRatio": 0.1578232066, "totalOtherIncomeExpensesNet": 3580000, "incomeBeforeTax": 863839000, "incomeBeforeTaxRatio": 0.1529670153, "incomeTaxExpense": 342080000, "netIncome": 521759000, "netIncomeRatio": 0.0923921204, "eps": 3.03, "epsdiluted": 3.02, "weightedAverageShsOut": 171995000, "weightedAverageShsOutDil": 172932000, "link": "https://www.sec.gov/Archives/edgar/data/793952/000079395218000012/0000793952-18-000012-index.htm", "finalLink": "https://www.sec.gov/Archives/edgar/data/793952/000079395218000012/hog12-31x201710xk.htm", "calculatedOtherExpenses": -175200000, "calculatedOperatingExpenses": 1037386000, "calculatedNetInterest": -31004000, "calculatedOtherIncome": 3580000, "calculatedIncomeNonControlling": 0, "calculatedEbitda": 1113451000}, {"date": "2016-12-31", "symbol": "HOG", "reportedCurrency": "USD", "cik": "0000793952", "fillingDate": "2017-02-21", "acceptedDate": "2017-02-21 16:01:23", "calendarYear": "2016", "period": "FY", "revenue": 5996458000, "costOfRevenue": 3869262000, "grossProfit": 2127196000, "grossProfitRatio": 0.3547420827, "researchAndDevelopmentExpenses": 172300000, "generalAndAdministrativeExpenses": 0, "sellingAndMarketingExpenses": 0, "sellingGeneralAndAdministrativeExpenses": 1078260000, "otherExpenses": 136617000, "operatingExpenses": 1078260000, "costAndExpenses": 4947522000, "interestIncome": 0, "interestExpense": 29670000, "depreciationAndAmortization": 209555000, "ebitda": 1048936000, "ebitdaratio": 0.1749259313, "operatingIncome": 1048936000, "operatingIncomeRatio": 0.1749259313, "totalOtherIncomeExpensesNet": 4645000, "incomeBeforeTax": 1023911000, "incomeBeforeTaxRatio": 0.1707526343, "incomeTaxExpense": 331747000, "netIncome": 692164000, "netIncomeRatio": 0.1154288081, "eps": 3.85, "epsdiluted": 3.83, "weightedAverageShsOut": 179676000, "weightedAverageShsOutDil": 180535000, "link": "https://www.sec.gov/Archives/edgar/data/793952/000079395217000007/0000793952-17-000007-index.htm", "finalLink": "https://www.sec.gov/Archives/edgar/data/793952/000079395217000007/hog12-31x201610xk.htm", "calculatedOtherExpenses": -172300000, "calculatedOperatingExpenses": 1078260000, "calculatedNetInterest": -29670000, "calculatedOtherIncome": 4645000, "calculatedIncomeNonControlling": 0, "calculatedEbitda": 1258491000}, {"date": "2015-12-31", "symbol": "HOG", "reportedCurrency": "USD", "cik": "0000793952", "fillingDate": "2016-02-18", "acceptedDate": "2016-02-18 16:44:45", "calendarYear": "2015", "period": "FY", "revenue": 5995402000, "costOfRevenue": 3762737000, "grossProfit": 2232665000, "grossProfitRatio": 0.372396213, "researchAndDevelopmentExpenses": 161200000, "generalAndAdministrativeExpenses": 0, "sellingAndMarketingExpenses": 0, "sellingGeneralAndAdministrativeExpenses": 1076970000, "otherExpenses": 101345000, "operatingExpenses": 1076970000, "costAndExpenses": 4839707000, "interestIncome": 0, "interestExpense": 12117000, "depreciationAndAmortization": 198074000, "ebitda": 1155695000, "ebitdaratio": 0.1927635545, "operatingIncome": 1155695000, "operatingIncomeRatio": 0.1927635545, "totalOtherIncomeExpensesNet": 6585000, "incomeBeforeTax": 1150163000, "incomeBeforeTaxRatio": 0.1918408474, "incomeTaxExpense": 397956000, "netIncome": 752207000, "netIncomeRatio": 0.1254639806, "eps": 3.71, "epsdiluted": 3.69, "weightedAverageShsOut": 202681000, "weightedAverageShsOutDil": 203686000, "link": "https://www.sec.gov/Archives/edgar/data/793952/000079395216000047/0000793952-16-000047-index.htm", "finalLink": "https://www.sec.gov/Archives/edgar/data/793952/000079395216000047/hog12-31x201510xk.htm", "calculatedOtherExpenses": -161200000, "calculatedOperatingExpenses": 1076970000, "calculatedNetInterest": -12117000, "calculatedOtherIncome": 6585000, "calculatedIncomeNonControlling": 0, "calculatedEbitda": 1353769000}, {"date": "2014-12-31", "symbol": "HOG", "reportedCurrency": "USD", "cik": "0000793952", "fillingDate": "2015-02-19", "acceptedDate": "2015-02-19 11:57:16", "calendarYear": "2014", "period": "FY", "revenue": 6228508000, "costOfRevenue": 3925592000, "grossProfit": 2302916000, "grossProfitRatio": 0.3697379854, "researchAndDevelopmentExpenses": 138300000, "generalAndAdministrativeExpenses": 0, "sellingAndMarketingExpenses": 0, "sellingGeneralAndAdministrativeExpenses": 1021933000, "otherExpenses": 80946000, "operatingExpenses": 1021933000, "costAndExpenses": 4947525000, "interestIncome": 0, "interestExpense": 4162000, "depreciationAndAmortization": 179300000, "ebitda": 1280983000, "ebitdaratio": 0.2056645026, "operatingIncome": 1280983000, "operatingIncomeRatio": 0.2056645026, "totalOtherIncomeExpensesNet": 6499000, "incomeBeforeTax": 1283320000, "incomeBeforeTaxRatio": 0.2060397129, "incomeTaxExpense": 438709000, "netIncome": 844611000, "netIncomeRatio": 0.1356040644, "eps": 3.9, "epsdiluted": 3.88, "weightedAverageShsOut": 216305000, "weightedAverageShsOutDil": 217706000, "link": "https://www.sec.gov/Archives/edgar/data/793952/000079395215000009/0000793952-15-000009-index.htm", "finalLink": "https://www.sec.gov/Archives/edgar/data/793952/000079395215000009/hog12-31x201410xk.htm", "calculatedOtherExpenses": -138300000, "calculatedOperatingExpenses": 1021933000, "calculatedNetInterest": -4162000, "calculatedOtherIncome": 6499000, "calculatedIncomeNonControlling": 0, "calculatedEbitda": 1460283000}, {"date": "2013-12-31", "symbol": "HOG", "reportedCurrency": "USD", "cik": "0000793952", "fillingDate": "2014-02-20", "acceptedDate": "2014-02-20 13:23:40", "calendarYear": "2013", "period": "FY", "revenue": 5899872000, "costOfRevenue": 3754407000, "grossProfit": 2145465000, "grossProfitRatio": 0.3636460249, "researchAndDevelopmentExpenses": 152200000, "generalAndAdministrativeExpenses": 0, "sellingAndMarketingExpenses": 0, "sellingGeneralAndAdministrativeExpenses": 993894000, "otherExpenses": 60008000, "operatingExpenses": 993894000, "costAndExpenses": 4748301000, "interestIncome": 0, "interestExpense": 45256000, "depreciationAndAmortization": 167072000, "ebitda": 1151571000, "ebitdaratio": 0.19518576, "operatingIncome": 1153702000, "operatingIncomeRatio": 0.1955469542, "totalOtherIncomeExpensesNet": 7990000, "incomeBeforeTax": 1114305000, "incomeBeforeTaxRatio": 0.1888693517, "incomeTaxExpense": 380312000, "netIncome": 733993000, "netIncomeRatio": 0.1244082922, "eps": 3.3, "epsdiluted": 3.28, "weightedAverageShsOut": 222475000, "weightedAverageShsOutDil": 224071000, "link": "https://www.sec.gov/Archives/edgar/data/793952/000079395214000006/0000793952-14-000006-index.htm", "finalLink": "https://www.sec.gov/Archives/edgar/data/793952/000079395214000006/hog12-31x201310xk.htm", "calculatedOtherExpenses": -154331000, "calculatedOperatingExpenses": 991763000, "calculatedNetInterest": -45256000, "calculatedOtherIncome": 5859000, "calculatedIncomeNonControlling": 0, "calculatedEbitda": 1320774000}, {"date": "2012-12-31", "symbol": "HOG", "reportedCurrency": "USD", "cik": "0000793952", "fillingDate": "2013-02-22", "acceptedDate": "2013-02-22 11:01:37", "calendarYear": "2012", "period": "FY", "revenue": 5580506000, "costOfRevenue": 3575631000, "grossProfit": 2004875000, "grossProfitRatio": 0.3592640166, "researchAndDevelopmentExpenses": 137300000, "generalAndAdministrativeExpenses": 0, "sellingAndMarketingExpenses": 0, "sellingGeneralAndAdministrativeExpenses": 976224000, "otherExpenses": 22239000, "operatingExpenses": 976224000, "costAndExpenses": 4551855000, "interestIncome": 0, "interestExpense": 46033000, "depreciationAndAmortization": 168978000, "ebitda": 1028651000, "ebitdaratio": 0.1843293422, "operatingIncome": 1000176000, "operatingIncomeRatio": 0.1792267583, "totalOtherIncomeExpensesNet": -21106000, "incomeBeforeTax": 961512000, "incomeBeforeTaxRatio": 0.1722983543, "incomeTaxExpense": 337587000, "netIncome": 623925000, "netIncomeRatio": 0.1118043776, "eps": 2.75, "epsdiluted": 2.72, "weightedAverageShsOut": 227119000, "weightedAverageShsOutDil": 229229000, "link": "https://www.sec.gov/Archives/edgar/data/793952/000144530513000288/0001445305-13-000288-index.htm", "finalLink": "https://www.sec.gov/Archives/edgar/data/793952/000144530513000288/hog12-31x201210xk.htm", "calculatedOtherExpenses": -108825000, "calculatedOperatingExpenses": 1004699000, "calculatedNetInterest": -46033000, "calculatedOtherIncome": 7369000, "calculatedIncomeNonControlling": 0, "calculatedEbitda": 1169154000}, {"date": "2011-12-31", "symbol": "HOG", "reportedCurrency": "USD", "cik": "0000793952", "fillingDate": "2012-02-23", "acceptedDate": "2012-02-23 14:28:10", "calendarYear": "2011", "period": "FY", "revenue": 4662264000, "costOfRevenue": 3106288000, "grossProfit": 1555976000, "grossProfitRatio": 0.3337382868, "researchAndDevelopmentExpenses": 0, "generalAndAdministrativeExpenses": 0, "sellingAndMarketingExpenses": 0, "sellingGeneralAndAdministrativeExpenses": 926808000, "otherExpenses": 17031000, "operatingExpenses": 926808000, "costAndExpenses": 4033096000, "interestIncome": 649449000, "interestExpense": 425924000, "depreciationAndAmortization": 191198000, "ebitda": 1278617000, "ebitdaratio": 0.2742480906, "operatingIncome": 561176000, "operatingIncomeRatio": 0.1203655563, "totalOtherIncomeExpensesNet": -60029000, "incomeBeforeTax": 792664000, "incomeBeforeTaxRatio": 0.1700169703, "incomeTaxExpense": 244586000, "netIncome": 599114000, "netIncomeRatio": 0.1285028046, "eps": 2.57, "epsdiluted": 2.55, "weightedAverageShsOut": 232889000, "weightedAverageShsOutDil": 234918000, "link": "https://www.sec.gov/Archives/edgar/data/793952/000119312512074944/0001193125-12-074944-index.htm", "finalLink": "https://www.sec.gov/Archives/edgar/data/793952/000119312512074944/d266761d10k.htm", "calculatedOtherExpenses": 67992000, "calculatedOperatingExpenses": 994800000, "calculatedNetInterest": 223525000, "calculatedOtherIncome": 7963000, "calculatedIncomeNonControlling": -51036000, "calculatedEbitda": 752374000}, {"date": "2010-12-31", "symbol": "HOG", "reportedCurrency": "USD", "cik": "0000793952", "fillingDate": "2011-02-24", "acceptedDate": "2011-02-24 15:51:35", "calendarYear": "2010", "period": "FY", "revenue": 4176627000, "costOfRevenue": 2749224000, "grossProfit": 1427403000, "grossProfitRatio": 0.3417597502, "researchAndDevelopmentExpenses": 0, "generalAndAdministrativeExpenses": 0, "sellingAndMarketingExpenses": 0, "sellingGeneralAndAdministrativeExpenses": 885137000, "otherExpenses": 93118000, "operatingExpenses": 885137000, "costAndExpenses": 3634361000, "interestIncome": 682709000, "interestExpense": 591193000, "depreciationAndAmortization": 274789000, "ebitda": 1139728000, "ebitdaratio": 0.2728824001, "operatingIncome": 560631000, "operatingIncomeRatio": 0.1342305645, "totalOtherIncomeExpensesNet": -158066000, "incomeBeforeTax": 390469000, "incomeBeforeTaxRatio": 0.0934890762, "incomeTaxExpense": 130800000, "netIncome": 146545000, "netIncomeRatio": 0.0350869254, "eps": 0.63, "epsdiluted": 0.62, "weightedAverageShsOut": 233312000, "weightedAverageShsOutDil": 234787000, "link": "https://www.sec.gov/Archives/edgar/data/793952/000119312511045258/0001193125-11-045258-index.htm", "finalLink": "https://www.sec.gov/Archives/edgar/data/793952/000119312511045258/d10k.htm", "calculatedOtherExpenses": -18365000, "calculatedOperatingExpenses": 866772000, "calculatedNetInterest": 91516000, "calculatedOtherIncome": -261678000, "calculatedIncomeNonControlling": 113124000, "calculatedEbitda": 835420000}, {"date": "2009-12-31", "symbol": "HOG", "reportedCurrency": "USD", "cik": "0000793952", "fillingDate": "2010-02-23", "acceptedDate": "2010-02-23 11:14:11", "calendarYear": "2009", "period": "FY", "revenue": 4287130000, "costOfRevenue": 2900934000, "grossProfit": 1386196000, "grossProfitRatio": 0.3233389237, "researchAndDevelopmentExpenses": 0, "generalAndAdministrativeExpenses": 0, "sellingAndMarketingExpenses": 0, "sellingGeneralAndAdministrativeExpenses": 851165000, "otherExpenses": 169206000, "operatingExpenses": 1840723000, "costAndExpenses": 1840723000, "interestIncome": 494779000, "interestExpense": 602739000, "depreciationAndAmortization": 246344000, "ebitda": 1029810000, "ebitdaratio": 0.2402096507, "operatingIncome": 196086000, "operatingIncomeRatio": 0.0457382911, "totalOtherIncomeExpensesNet": -248411000, "incomeBeforeTax": 178660000, "incomeBeforeTaxRatio": 0.0416735672, "incomeTaxExpense": 108019000, "netIncome": -55116000, "netIncomeRatio": -0.0128561532, "eps": -0.24, "epsdiluted": -0.24, "weightedAverageShsOut": 232577000, "weightedAverageShsOutDil": 233573000, "link": "https://www.sec.gov/Archives/edgar/data/793952/000119312510037160/0001193125-10-037160-index.htm", "finalLink": "https://www.sec.gov/Archives/edgar/data/793952/000119312510037160/d10k.htm", "calculatedOtherExpenses": 338945000, "calculatedOperatingExpenses": 1190110000, "calculatedNetInterest": -107960000, "calculatedOtherIncome": 90534000, "calculatedIncomeNonControlling": 125757000, "calculatedEbitda": 442430000}, {"date": "2008-12-31", "symbol": "HOG", "reportedCurrency": "USD", "cik": "0000793952", "fillingDate": "2009-02-17", "acceptedDate": "2009-02-17 17:26:48", "calendarYear": "2008", "period": "FY", "revenue": 5594307000, "costOfRevenue": 3600854000, "grossProfit": 1993453000, "grossProfitRatio": 0.3563360037, "researchAndDevelopmentExpenses": 0, "generalAndAdministrativeExpenses": 0, "sellingAndMarketingExpenses": 0, "sellingGeneralAndAdministrativeExpenses": 984560000, "otherExpenses": 0, "operatingExpenses": 964429000, "costAndExpenses": 4565283000, "interestIncome": 376970000, "interestExpense": 4542000, "depreciationAndAmortization": 242281000, "ebitda": 1038519000, "ebitdaratio": 0.1856385429, "operatingIncome": 1029024000, "operatingIncomeRatio": 0.1839412817, "totalOtherIncomeExpensesNet": 9495000, "incomeBeforeTax": 1033977000, "incomeBeforeTaxRatio": 0.1848266461, "incomeTaxExpense": 379259000, "netIncome": 654718000, "netIncomeRatio": 0.1170329051, "eps": 2.8, "epsdiluted": 2.79, "weightedAverageShsOut": 234225000, "weightedAverageShsOutDil": 234477000, "link": "https://www.sec.gov/Archives/edgar/data/793952/000119312509031412/0001193125-09-031412-index.htm", "finalLink": "https://www.sec.gov/Archives/edgar/data/793952/000119312509031412/d10k.htm", "calculatedOtherExpenses": -20131000, "calculatedOperatingExpenses": 964429000, "calculatedNetInterest": 372428000, "calculatedOtherIncome": -367475000, "calculatedIncomeNonControlling": 0, "calculatedEbitda": 1271305000}, {"date": "2007-12-31", "symbol": "HOG", "reportedCurrency": "USD", "cik": "0000793952", "fillingDate": "2008-02-22", "acceptedDate": "2008-02-22 16:31:29", "calendarYear": "2007", "period": "FY", "revenue": 5726848000, "costOfRevenue": 3612748000, "grossProfit": 2114100000, "grossProfitRatio": 0.3691559476, "researchAndDevelopmentExpenses": 0, "generalAndAdministrativeExpenses": 0, "sellingAndMarketingExpenses": 0, "sellingGeneralAndAdministrativeExpenses": 900708000, "otherExpenses": -212169000, "operatingExpenses": 688539000, "costAndExpenses": 4301287000, "interestIncome": 0, "interestExpense": 0, "depreciationAndAmortization": 204172000, "ebitda": 1510634000, "ebitdaratio": 0.2637810537, "operatingIncome": 1425561000, "operatingIncomeRatio": 0.2489259362, "totalOtherIncomeExpensesNet": 119099000, "incomeBeforeTax": 1447819000, "incomeBeforeTaxRatio": 0.2528125419, "incomeTaxExpense": 513976000, "netIncome": 933843000, "netIncomeRatio": 0.163064045, "eps": 3.75, "epsdiluted": 3.74, "weightedAverageShsOut": 249205000, "weightedAverageShsOutDil": 249882000, "link": "https://www.sec.gov/Archives/edgar/data/793952/000110465908012386/0001104659-08-012386-index.htm", "finalLink": "https://www.sec.gov/Archives/edgar/data/793952/000110465908012386/a08-2394_110k.htm", "calculatedOtherExpenses": -212169000, "calculatedOperatingExpenses": 688539000, "calculatedNetInterest": 0, "calculatedOtherIncome": 22258000, "calculatedIncomeNonControlling": 0, "calculatedEbitda": 1629733000}, {"date": "2006-12-31", "symbol": "HOG", "reportedCurrency": "USD", "cik": "0000793952", "fillingDate": "2007-02-27", "acceptedDate": "2007-02-27 17:11:27", "calendarYear": "2006", "period": "FY", "revenue": 6185577000, "costOfRevenue": 3742006000, "grossProfit": 2443571000, "grossProfitRatio": 0.3950433403, "researchAndDevelopmentExpenses": 0, "generalAndAdministrativeExpenses": 0, "sellingAndMarketingExpenses": 0, "sellingGeneralAndAdministrativeExpenses": 841051000, "otherExpenses": 0, "operatingExpenses": 841051000, "costAndExpenses": 4583057000, "interestIncome": 0, "interestExpense": 0, "depreciationAndAmortization": 213769000, "ebitda": 1794569000, "ebitdaratio": 0.2901215198, "operatingIncome": 1602520000, "operatingIncomeRatio": 0.2590736483, "totalOtherIncomeExpensesNet": 21720000, "incomeBeforeTax": 1624240000, "incomeBeforeTaxRatio": 0.2625850426, "incomeTaxExpense": 581087000, "netIncome": 1043153000, "netIncomeRatio": 0.168642796, "eps": 3.94, "epsdiluted": 3.93, "weightedAverageShsOut": 264759645, "weightedAverageShsOutDil": 265433333, "link": "https://www.sec.gov/Archives/edgar/data/793952/000110465907014465/0001104659-07-014465-index.htm", "finalLink": "https://www.sec.gov/Archives/edgar/data/793952/000110465907014465/a07-4709_110k.htm", "calculatedOtherExpenses": 0, "calculatedOperatingExpenses": 841051000, "calculatedNetInterest": 0, "calculatedOtherIncome": 21720000, "calculatedIncomeNonControlling": 0, "calculatedEbitda": 1816289000}, {"date": "2005-12-31", "symbol": "HOG", "reportedCurrency": "USD", "cik": "0000793952", "fillingDate": "2006-03-03", "acceptedDate": "2006-03-03 17:16:09", "calendarYear": "2005", "period": "FY", "revenue": 5342214000, "costOfRevenue": 3301715000, "grossProfit": 2040499000, "grossProfitRatio": 0.3819575554, "researchAndDevelopmentExpenses": 0, "generalAndAdministrativeExpenses": 0, "sellingAndMarketingExpenses": 0, "sellingGeneralAndAdministrativeExpenses": 762108000, "otherExpenses": -191620000, "operatingExpenses": 570488000, "costAndExpenses": 3872203000, "interestIncome": 0, "interestExpense": 0, "depreciationAndAmortization": 205705000, "ebitda": 1560063000, "ebitdaratio": 0.2920255535, "operatingIncome": 1470011000, "operatingIncomeRatio": 0.2751688719, "totalOtherIncomeExpensesNet": 115653000, "incomeBeforeTax": 1487759000, "incomeBeforeTaxRatio": 0.27849109, "incomeTaxExpense": 528155000, "netIncome": 959604000, "netIncomeRatio": 0.1796266492, "eps": 3.42, "epsdiluted": 3.41, "weightedAverageShsOut": 280303000, "weightedAverageShsOutDil": 281035000, "link": "https://www.sec.gov/Archives/edgar/data/793952/000110465906014021/0001104659-06-014021-index.htm", "finalLink": "https://www.sec.gov/Archives/edgar/data/793952/000110465906014021/a06-1957_110k.htm", "calculatedOtherExpenses": -191620000, "calculatedOperatingExpenses": 570488000, "calculatedNetInterest": 0, "calculatedOtherIncome": 17748000, "calculatedIncomeNonControlling": 0, "calculatedEbitda": 1675716000}, {"date": "2004-12-31", "symbol": "HOG", "reportedCurrency": "USD", "cik": "0000793952", "fillingDate": "2005-03-11", "acceptedDate": "2005-03-11 11:21:55", "calendarYear": "2004", "period": "FY", "revenue": 5015190000, "costOfRevenue": 3115655000, "grossProfit": 1899535000, "grossProfitRatio": 0.3787563382, "researchAndDevelopmentExpenses": 0, "generalAndAdministrativeExpenses": 0, "sellingAndMarketingExpenses": 0, "sellingGeneralAndAdministrativeExpenses": 820583000, "otherExpenses": -282539000, "operatingExpenses": 538044000, "costAndExpenses": 3653699000, "interestIncome": 0, "interestExpense": 0, "depreciationAndAmortization": 214112000, "ebitda": 1354523000, "ebitdaratio": 0.2700840846, "operatingIncome": 1361491000, "operatingIncomeRatio": 0.2714734636, "totalOtherIncomeExpensesNet": 221080000, "incomeBeforeTax": 1379486000, "incomeBeforeTaxRatio": 0.275061563, "incomeTaxExpense": 489720000, "netIncome": 889766000, "netIncomeRatio": 0.1774142156, "eps": 3.02, "epsdiluted": 3, "weightedAverageShsOut": 295008000, "weightedAverageShsOutDil": 296852000, "link": "https://www.sec.gov/Archives/edgar/data/793952/000110465905010542/0001104659-05-010542-index.htm", "finalLink": "https://www.sec.gov/Archives/edgar/data/793952/000110465905010542/a05-1781_110k.htm", "calculatedOtherExpenses": -282539000, "calculatedOperatingExpenses": 538044000, "calculatedNetInterest": 0, "calculatedOtherIncome": 17995000, "calculatedIncomeNonControlling": 0, "calculatedEbitda": 1575603000}, {"date": "2003-12-31", "symbol": "HOG", "reportedCurrency": "USD", "cik": "0000793952", "fillingDate": "2004-03-12", "acceptedDate": "2004-03-12 15:57:49", "calendarYear": "2003", "period": "FY", "revenue": 4624274000, "costOfRevenue": 2958708000, "grossProfit": 1665566000, "grossProfitRatio": 0.3601789167, "researchAndDevelopmentExpenses": 0, "generalAndAdministrativeExpenses": 0, "sellingAndMarketingExpenses": 0, "sellingGeneralAndAdministrativeExpenses": 774050000, "otherExpenses": 723643000, "operatingExpenses": 1497693000, "costAndExpenses": 4456401000, "interestIncome": 0, "interestExpense": 0, "depreciationAndAmortization": 196918000, "ebitda": 182773000, "ebitdaratio": 0.0395246908, "operatingIncome": 167873000, "operatingIncomeRatio": 0.0363025634, "totalOtherIncomeExpensesNet": 182018000, "incomeBeforeTax": 1166035000, "incomeBeforeTaxRatio": 0.2521552572, "incomeTaxExpense": 405107000, "netIncome": 760928000, "netIncomeRatio": 0.164550803, "eps": 2.52, "epsdiluted": 2.5, "weightedAverageShsOut": 301955556, "weightedAverageShsOutDil": 304371200, "link": "https://www.sec.gov/Archives/edgar/data/793952/000110465904007224/0001104659-04-007224-index.htm", "finalLink": "https://www.sec.gov/Archives/edgar/data/793952/000110465904007224/a04-3104_110k.htm", "calculatedOtherExpenses": 723643000, "calculatedOperatingExpenses": 1497693000, "calculatedNetInterest": 0, "calculatedOtherIncome": 998162000, "calculatedIncomeNonControlling": 0, "calculatedEbitda": 364791000}, {"date": "2002-12-31", "symbol": "HOG", "reportedCurrency": "USD", "cik": "0000793952", "fillingDate": "2003-03-28", "acceptedDate": "2003-03-28 13:29:17", "calendarYear": "2002", "period": "FY", "revenue": 4090970000, "costOfRevenue": 2673129000, "grossProfit": 1417841000, "grossProfitRatio": 0.3465781954, "researchAndDevelopmentExpenses": 0, "generalAndAdministrativeExpenses": 0, "sellingAndMarketingExpenses": 0, "sellingGeneralAndAdministrativeExpenses": 725323000, "otherExpenses": -190184000, "operatingExpenses": 535139000, "costAndExpenses": 3208268000, "interestIncome": 0, "interestExpense": 0, "depreciationAndAmortization": 175778000, "ebitda": 942641000, "ebitdaratio": 0.2304199249, "operatingIncome": 882702000, "operatingIncomeRatio": 0.2157683874, "totalOtherIncomeExpensesNet": 115839000, "incomeBeforeTax": 885827000, "incomeBeforeTaxRatio": 0.216532265, "incomeTaxExpense": 305610000, "netIncome": 580217000, "netIncomeRatio": 0.1418287106, "eps": 1.92, "epsdiluted": 1.9, "weightedAverageShsOut": 302196354, "weightedAverageShsOutDil": 305377368, "link": "https://www.sec.gov/Archives/edgar/data/793952/000110465903005244/0001104659-03-005244-index.htm", "finalLink": "https://www.sec.gov/Archives/edgar/data/793952/000110465903005244/j8382_10k.htm", "calculatedOtherExpenses": -190184000, "calculatedOperatingExpenses": 535139000, "calculatedNetInterest": 0, "calculatedOtherIncome": 3125000, "calculatedIncomeNonControlling": 0, "calculatedEbitda": 1058480000}, {"date": "2001-12-31", "symbol": "HOG", "reportedCurrency": "USD", "cik": "0000793952", "fillingDate": "2002-03-28", "acceptedDate": "2002-03-28 00:00:00", "calendarYear": "2001", "period": "FY", "revenue": 3363414000, "costOfRevenue": 2183409000, "grossProfit": 1180005000, "grossProfitRatio": 0.3508354904, "researchAndDevelopmentExpenses": 0, "generalAndAdministrativeExpenses": 0, "sellingAndMarketingExpenses": 0, "sellingGeneralAndAdministrativeExpenses": 578777000, "otherExpenses": 0, "operatingExpenses": 578777000, "costAndExpenses": 2762186000, "interestIncome": 0, "interestExpense": 0, "depreciationAndAmortization": 153061000, "ebitda": 699540000, "ebitdaratio": 0.2079851009, "operatingIncome": 601228000, "operatingIncomeRatio": 0.1787552766, "totalOtherIncomeExpensesNet": 54749000, "incomeBeforeTax": 673455000, "incomeBeforeTaxRatio": 0.2002295882, "incomeTaxExpense": 235709000, "netIncome": 437746000, "netIncomeRatio": 0.1301493066, "eps": 1.45, "epsdiluted": 1.43, "weightedAverageShsOut": 301893793, "weightedAverageShsOutDil": 306116084, "link": "https://www.sec.gov/Archives/edgar/data/793952/000091205702012138/0000912057-02-012138-index.htm", "finalLink": "https://www.sec.gov/Archives/edgar/data/793952/000091205702012138/a2073955z10-k405.htm", "calculatedOtherExpenses": 0, "calculatedOperatingExpenses": 578777000, "calculatedNetInterest": 0, "calculatedOtherIncome": 72227000, "calculatedIncomeNonControlling": 0, "calculatedEbitda": 754289000}, {"date": "2000-12-31", "symbol": "HOG", "reportedCurrency": "USD", "cik": "0000793952", "fillingDate": "2001-03-30", "acceptedDate": "2001-03-30 00:00:00", "calendarYear": "2000", "period": "FY", "revenue": 2906365000, "costOfRevenue": 1782199000, "grossProfit": 1124166000, "grossProfitRatio": 0.386794501, "researchAndDevelopmentExpenses": 0, "generalAndAdministrativeExpenses": 0, "sellingAndMarketingExpenses": 0, "sellingGeneralAndAdministrativeExpenses": 513024000, "otherExpenses": 133348000, "operatingExpenses": 646372000, "costAndExpenses": 2428571000, "interestIncome": 0, "interestExpense": 0, "depreciationAndAmortization": 133348000, "ebitda": 557963000, "ebitdaratio": 0.1919796722, "operatingIncome": 477794000, "operatingIncomeRatio": 0.1643957314, "totalOtherIncomeExpensesNet": 53179000, "incomeBeforeTax": 548556000, "incomeBeforeTaxRatio": 0.1887429831, "incomeTaxExpense": 200843000, "netIncome": 347713000, "netIncomeRatio": 0.1196384487, "eps": 1.15, "epsdiluted": 1.13, "weightedAverageShsOut": 302359130, "weightedAverageShsOutDil": 307710619, "link": "https://www.sec.gov/Archives/edgar/data/793952/000091205701505824/0000912057-01-505824-index.htm", "finalLink": "https://www.sec.gov/Archives/edgar/data/793952/000091205701505824/a2042993z10-k405.htm", "calculatedOtherExpenses": 133348000, "calculatedOperatingExpenses": 646372000, "calculatedNetInterest": 0, "calculatedOtherIncome": 70762000, "calculatedIncomeNonControlling": 0, "calculatedEbitda": 611142000}, {"date": "1999-12-31", "symbol": "HOG", "reportedCurrency": "USD", "cik": "0000793952", "fillingDate": "2000-03-28", "acceptedDate": "2000-03-28 00:00:00", "calendarYear": "1999", "period": "FY", "revenue": 2452900000, "costOfRevenue": 1503400000, "grossProfit": 949500000, "grossProfitRatio": 0.3870928289, "researchAndDevelopmentExpenses": 0, "generalAndAdministrativeExpenses": 0, "sellingAndMarketingExpenses": 0, "sellingGeneralAndAdministrativeExpenses": 447500000, "otherExpenses": 113800000, "operatingExpenses": 561300000, "costAndExpenses": 2064700000, "interestIncome": 0, "interestExpense": 0, "depreciationAndAmortization": 113800000, "ebitda": 477400000, "ebitdaratio": 0.1946267683, "operatingIncome": 388200000, "operatingIncomeRatio": 0.1582616495, "totalOtherIncomeExpensesNet": 24600000, "incomeBeforeTax": 420800000, "incomeBeforeTaxRatio": 0.1715520404, "incomeTaxExpense": 153600000, "netIncome": 267200000, "netIncomeRatio": 0.1089322842, "eps": 0.88, "epsdiluted": 0.86, "weightedAverageShsOut": 303636364, "weightedAverageShsOutDil": 310697674, "link": "https://www.sec.gov/Archives/edgar/data/793952/000091205700014049/0000912057-00-014049-index.html", "finalLink": "https://www.sec.gov/Archives/edgar/data/793952/000091205700014049/", "calculatedOtherExpenses": 113800000, "calculatedOperatingExpenses": 561300000, "calculatedNetInterest": 0, "calculatedOtherIncome": 32600000, "calculatedIncomeNonControlling": 0, "calculatedEbitda": 502000000}, {"date": "1998-12-31", "symbol": "HOG", "reportedCurrency": "USD", "cik": "0000793952", "fillingDate": "1999-03-19", "acceptedDate": "1999-03-19 00:00:00", "calendarYear": "1998", "period": "FY", "revenue": 2064000000, "costOfRevenue": 1285900000, "grossProfit": 778100000, "grossProfitRatio": 0.3769864341, "researchAndDevelopmentExpenses": 0, "generalAndAdministrativeExpenses": 0, "sellingAndMarketingExpenses": 0, "sellingGeneralAndAdministrativeExpenses": 377300000, "otherExpenses": 87400000, "operatingExpenses": 464700000, "costAndExpenses": 1750600000, "interestIncome": 0, "interestExpense": 0, "depreciationAndAmortization": 87400000, "ebitda": 378000000, "ebitdaratio": 0.1831395349, "operatingIncome": 313400000, "operatingIncomeRatio": 0.1518410853, "totalOtherIncomeExpensesNet": 22800000, "incomeBeforeTax": 336200000, "incomeBeforeTaxRatio": 0.1628875969, "incomeTaxExpense": 122700000, "netIncome": 213500000, "netIncomeRatio": 0.1034399225, "eps": 0.7, "epsdiluted": 0.69, "weightedAverageShsOut": 305000000, "weightedAverageShsOutDil": 309420290, "link": "https://www.sec.gov/Archives/edgar/data/793952/000104746999010539/0001047469-99-010539-index.html", "finalLink": "https://www.sec.gov/Archives/edgar/data/793952/", "calculatedOtherExpenses": 87400000, "calculatedOperatingExpenses": 464700000, "calculatedNetInterest": 0, "calculatedOtherIncome": 22800000, "calculatedIncomeNonControlling": 0, "calculatedEbitda": 400800000}, {"date": "1997-12-31", "symbol": "HOG", "reportedCurrency": "USD", "cik": "0000793952", "fillingDate": "1998-03-30", "acceptedDate": "1998-03-30 00:00:00", "calendarYear": "1997", "period": "FY", "revenue": 1762500000, "costOfRevenue": 1106200000, "grossProfit": 656300000, "grossProfitRatio": 0.3723687943, "researchAndDevelopmentExpenses": 0, "generalAndAdministrativeExpenses": 0, "sellingAndMarketingExpenses": 0, "sellingGeneralAndAdministrativeExpenses": 328600000, "otherExpenses": 70200000, "operatingExpenses": 398800000, "costAndExpenses": 1505000000, "interestIncome": 0, "interestExpense": 0, "depreciationAndAmortization": 70200000, "ebitda": 309000000, "ebitdaratio": 0.1753191489, "operatingIncome": 257500000, "operatingIncomeRatio": 0.1460992908, "totalOtherIncomeExpensesNet": 18700000, "incomeBeforeTax": 276300000, "incomeBeforeTaxRatio": 0.1567659574, "incomeTaxExpense": 102200000, "netIncome": 174100000, "netIncomeRatio": 0.0987801418, "eps": 0.57, "epsdiluted": 0.57, "weightedAverageShsOut": 305438596, "weightedAverageShsOutDil": 305438596, "link": "https://www.sec.gov/Archives/edgar/data/793952/000104746998012517/0001047469-98-012517-index.html", "finalLink": "https://www.sec.gov/Archives/edgar/data/793952/", "calculatedOtherExpenses": 70200000, "calculatedOperatingExpenses": 398800000, "calculatedNetInterest": 0, "calculatedOtherIncome": 18800000, "calculatedIncomeNonControlling": 0, "calculatedEbitda": 327700000}, {"date": "1996-12-31", "symbol": "HOG", "reportedCurrency": "USD", "cik": "0000793952", "fillingDate": "1997-03-31", "acceptedDate": "1997-03-31 00:00:00", "calendarYear": "1996", "period": "FY", "revenue": 1531200000, "costOfRevenue": 985900000, "grossProfit": 545300000, "grossProfitRatio": 0.3561259143, "researchAndDevelopmentExpenses": 0, "generalAndAdministrativeExpenses": 0, "sellingAndMarketingExpenses": 0, "sellingGeneralAndAdministrativeExpenses": 269400000, "otherExpenses": 55300000, "operatingExpenses": 324700000, "costAndExpenses": 1310600000, "interestIncome": 0, "interestExpense": 0, "depreciationAndAmortization": 55300000, "ebitda": 268900000, "ebitdaratio": 0.1756138976, "operatingIncome": 220600000, "operatingIncomeRatio": 0.1440700104, "totalOtherIncomeExpensesNet": 7000000, "incomeBeforeTax": 227600000, "incomeBeforeTaxRatio": 0.1486415883, "incomeTaxExpense": 84200000, "netIncome": 166000000, "netIncomeRatio": 0.1084117032, "eps": 0.55, "epsdiluted": 0.55, "weightedAverageShsOut": 301818182, "weightedAverageShsOutDil": 304587156, "link": "https://www.sec.gov/Archives/edgar/data/793952/000091205797011157/0000912057-97-011157-index.html", "finalLink": "https://www.sec.gov/Archives/edgar/data/793952/", "calculatedOtherExpenses": 55300000, "calculatedOperatingExpenses": 324700000, "calculatedNetInterest": 0, "calculatedOtherIncome": 7000000, "calculatedIncomeNonControlling": -22600000, "calculatedEbitda": 275900000}, {"date": "1995-12-31", "symbol": "HOG", "reportedCurrency": "USD", "cik": "0000793952", "fillingDate": "1996-04-01", "acceptedDate": "1996-04-01 00:00:00", "calendarYear": "1995", "period": "FY", "revenue": 1350500000, "costOfRevenue": 896800000, "grossProfit": 453700000, "grossProfitRatio": 0.3359496483, "researchAndDevelopmentExpenses": 0, "generalAndAdministrativeExpenses": 0, "sellingAndMarketingExpenses": 0, "sellingGeneralAndAdministrativeExpenses": 234200000, "otherExpenses": 42300000, "operatingExpenses": 276500000, "costAndExpenses": 1173300000, "interestIncome": 0, "interestExpense": 0, "depreciationAndAmortization": 42300000, "ebitda": 219300000, "ebitdaratio": 0.1623843021, "operatingIncome": 177200000, "operatingIncomeRatio": 0.1312106627, "totalOtherIncomeExpensesNet": 200000, "incomeBeforeTax": 176000000, "incomeBeforeTaxRatio": 0.1303221029, "incomeTaxExpense": 64900000, "netIncome": 112500000, "netIncomeRatio": 0.0833024806, "eps": 0.38, "epsdiluted": 0.38, "weightedAverageShsOut": 300000000, "weightedAverageShsOutDil": 300000000, "link": "https://www.sec.gov/Archives/edgar/data/793952/000095013196001397/0000950131-96-001397-index.html", "finalLink": "https://www.sec.gov/Archives/edgar/data/793952/", "calculatedOtherExpenses": 42300000, "calculatedOperatingExpenses": 276500000, "calculatedNetInterest": 0, "calculatedOtherIncome": -1200000, "calculatedIncomeNonControlling": -1400000, "calculatedEbitda": 219500000}, {"date": "1994-12-31", "symbol": "HOG", "reportedCurrency": "USD", "cik": "0000793952", "fillingDate": "1995-03-30", "acceptedDate": "1995-03-30 00:00:00", "calendarYear": "1994", "period": "FY", "revenue": 1541800000, "costOfRevenue": 1083400000, "grossProfit": 458400000, "grossProfitRatio": 0.2973148268, "researchAndDevelopmentExpenses": 0, "generalAndAdministrativeExpenses": 0, "sellingAndMarketingExpenses": 0, "sellingGeneralAndAdministrativeExpenses": 261200000, "otherExpenses": 36900000, "operatingExpenses": 298100000, "costAndExpenses": 1381500000, "interestIncome": 0, "interestExpense": 0, "depreciationAndAmortization": 36900000, "ebitda": 193100000, "ebitdaratio": 0.1252432222, "operatingIncome": 160300000, "operatingIncomeRatio": 0.1039693864, "totalOtherIncomeExpensesNet": 4100000, "incomeBeforeTax": 162100000, "incomeBeforeTaxRatio": 0.105136853, "incomeTaxExpense": 57800000, "netIncome": 104300000, "netIncomeRatio": 0.0676482034, "eps": 0.34, "epsdiluted": 0.34, "weightedAverageShsOut": 304525547, "weightedAverageShsOutDil": 304525547, "link": "https://www.sec.gov/Archives/edgar/data/793952/000095013195000813/0000950131-95-000813-index.html", "finalLink": "https://www.sec.gov/Archives/edgar/data/793952/", "calculatedOtherExpenses": 36900000, "calculatedOperatingExpenses": 298100000, "calculatedNetInterest": 0, "calculatedOtherIncome": 1800000, "calculatedIncomeNonControlling": 0, "calculatedEbitda": 197200000}, {"date": "1993-12-31", "symbol": "HOG", "reportedCurrency": "USD", "cik": "0000793952", "fillingDate": "1994-03-30", "acceptedDate": "1994-03-30 00:00:00", "calendarYear": "1993", "period": "FY", "revenue": 1217400000, "costOfRevenue": 823300000, "grossProfit": 394100000, "grossProfitRatio": 0.3237226877, "researchAndDevelopmentExpenses": 0, "generalAndAdministrativeExpenses": 0, "sellingAndMarketingExpenses": 0, "sellingGeneralAndAdministrativeExpenses": 267300000, "otherExpenses": 57000000, "operatingExpenses": 324300000, "costAndExpenses": 1147600000, "interestIncome": 0, "interestExpense": 0, "depreciationAndAmortization": 57000000, "ebitda": 125600000, "ebitdaratio": 0.1031706916, "operatingIncome": 69800000, "operatingIncomeRatio": 0.0573353047, "totalOtherIncomeExpensesNet": 1200000, "incomeBeforeTax": 66500000, "incomeBeforeTaxRatio": 0.0546246098, "incomeTaxExpense": 48100000, "netIncome": -11900000, "netIncomeRatio": -0.0097749302, "eps": -0.0428, "epsdiluted": -0.0428, "weightedAverageShsOut": 277777778, "weightedAverageShsOutDil": 277777778, "link": "https://www.sec.gov/Archives/edgar/data/793952/000079395294000006/0000793952-94-000006-index.html", "finalLink": "https://www.sec.gov/Archives/edgar/data/793952/", "calculatedOtherExpenses": 57000000, "calculatedOperatingExpenses": 324300000, "calculatedNetInterest": 0, "calculatedOtherIncome": -3300000, "calculatedIncomeNonControlling": 30300000, "calculatedEbitda": 126800000}, {"date": "1992-12-31", "symbol": "HOG", "reportedCurrency": "USD", "cik": "0000793952", "fillingDate": "1992-12-31", "acceptedDate": "1992-12-30 19:00:00", "calendarYear": "1992", "period": "FY", "revenue": 1105300000, "costOfRevenue": 779500000, "grossProfit": 325800000, "grossProfitRatio": 0.2947616032, "researchAndDevelopmentExpenses": 0, "generalAndAdministrativeExpenses": 0, "sellingAndMarketingExpenses": 0, "sellingGeneralAndAdministrativeExpenses": 199200000, "otherExpenses": 29400000, "operatingExpenses": 228600000, "costAndExpenses": 1008100000, "interestIncome": 0, "interestExpense": 0, "depreciationAndAmortization": 29400000, "ebitda": 129100000, "ebitdaratio": 0.1168008685, "operatingIncome": 97200000, "operatingIncomeRatio": 0.0879399258, "totalOtherIncomeExpensesNet": -2500000, "incomeBeforeTax": 88800000, "incomeBeforeTaxRatio": 0.0803401791, "incomeTaxExpense": 34600000, "netIncome": 53800000, "netIncomeRatio": 0.048674568, "eps": 0.18, "epsdiluted": 0.18, "weightedAverageShsOut": 298888889, "weightedAverageShsOutDil": 298888889, "link": "", "finalLink": "", "calculatedOtherExpenses": 29400000, "calculatedOperatingExpenses": 228600000, "calculatedNetInterest": 0, "calculatedOtherIncome": -8400000, "calculatedIncomeNonControlling": 400000, "calculatedEbitda": 126600000}, {"date": "1991-12-31", "symbol": "HOG", "reportedCurrency": "USD", "cik": "0000793952", "fillingDate": "1991-12-31", "acceptedDate": "1991-12-30 19:00:00", "calendarYear": "1991", "period": "FY", "revenue": 939900000, "costOfRevenue": 683500000, "grossProfit": 256400000, "grossProfitRatio": 0.2727949782, "researchAndDevelopmentExpenses": 0, "generalAndAdministrativeExpenses": 0, "sellingAndMarketingExpenses": 0, "sellingGeneralAndAdministrativeExpenses": 165100000, "otherExpenses": 22600000, "operatingExpenses": 187700000, "costAndExpenses": 871200000, "interestIncome": 0, "interestExpense": 0, "depreciationAndAmortization": 22600000, "ebitda": 93600000, "ebitdaratio": 0.0995850622, "operatingIncome": 68700000, "operatingIncomeRatio": 0.0730928822, "totalOtherIncomeExpensesNet": -2300000, "incomeBeforeTax": 58100000, "incomeBeforeTaxRatio": 0.0618150867, "incomeTaxExpense": 21100000, "netIncome": 37000000, "netIncomeRatio": 0.03936589, "eps": 0.13, "epsdiluted": 0.13, "weightedAverageShsOut": 284615385, "weightedAverageShsOutDil": 284615385, "link": "", "finalLink": "", "calculatedOtherExpenses": 22600000, "calculatedOperatingExpenses": 187700000, "calculatedNetInterest": 0, "calculatedOtherIncome": -10600000, "calculatedIncomeNonControlling": 0, "calculatedEbitda": 91300000}, {"date": "1990-12-31", "symbol": "HOG", "reportedCurrency": "USD", "cik": "0000793952", "fillingDate": "1990-12-31", "acceptedDate": "1990-12-30 19:00:00", "calendarYear": "1990", "period": "FY", "revenue": 864600000, "costOfRevenue": 613100000, "grossProfit": 251500000, "grossProfitRatio": 0.2908859588, "researchAndDevelopmentExpenses": 0, "generalAndAdministrativeExpenses": 0, "sellingAndMarketingExpenses": 0, "sellingGeneralAndAdministrativeExpenses": 145700000, "otherExpenses": 22400000, "operatingExpenses": 168100000, "costAndExpenses": 781200000, "interestIncome": 0, "interestExpense": 0, "depreciationAndAmortization": 22400000, "ebitda": 115100000, "ebitdaratio": 0.1331251446, "operatingIncome": 83400000, "operatingIncomeRatio": 0.0964607911, "totalOtherIncomeExpensesNet": -9300000, "incomeBeforeTax": 62600000, "incomeBeforeTaxRatio": 0.0724034235, "incomeTaxExpense": 24300000, "netIncome": 38300000, "netIncomeRatio": 0.0442979412, "eps": 0.14, "epsdiluted": 0.14, "weightedAverageShsOut": 273571429, "weightedAverageShsOutDil": 273571429, "link": "", "finalLink": "", "calculatedOtherExpenses": 22400000, "calculatedOperatingExpenses": 168100000, "calculatedNetInterest": 0, "calculatedOtherIncome": -20800000, "calculatedIncomeNonControlling": 0, "calculatedEbitda": 105800000}, {"date": "1989-12-31", "symbol": "HOG", "reportedCurrency": "USD", "cik": "0000793952", "fillingDate": "1989-12-31", "acceptedDate": "1989-12-30 19:00:00", "calendarYear": "1989", "period": "FY", "revenue": 791000000, "costOfRevenue": 576900000, "grossProfit": 214100000, "grossProfitRatio": 0.2706700379, "researchAndDevelopmentExpenses": 0, "generalAndAdministrativeExpenses": 0, "sellingAndMarketingExpenses": 0, "sellingGeneralAndAdministrativeExpenses": 127600000, "otherExpenses": 20000000, "operatingExpenses": 147600000, "costAndExpenses": 724500000, "interestIncome": 0, "interestExpense": 0, "depreciationAndAmortization": 20000000, "ebitda": 82000000, "ebitdaratio": 0.1036662453, "operatingIncome": 66500000, "operatingIncomeRatio": 0.0840707965, "totalOtherIncomeExpensesNet": 4500000, "incomeBeforeTax": 53000000, "incomeBeforeTaxRatio": 0.0670037927, "incomeTaxExpense": 20400000, "netIncome": 36200000, "netIncomeRatio": 0.0457648546, "eps": 0.14, "epsdiluted": 0.14, "weightedAverageShsOut": 258571429, "weightedAverageShsOutDil": 258571429, "link": "", "finalLink": "", "calculatedOtherExpenses": 20000000, "calculatedOperatingExpenses": 147600000, "calculatedNetInterest": 0, "calculatedOtherIncome": -13500000, "calculatedIncomeNonControlling": -3600000, "calculatedEbitda": 86500000}, {"date": "1988-12-31", "symbol": "HOG", "reportedCurrency": "USD", "cik": "0000793952", "fillingDate": "1988-12-31", "acceptedDate": "1988-12-30 19:00:00", "calendarYear": "1988", "period": "FY", "revenue": 757400000, "costOfRevenue": 554200000, "grossProfit": 203200000, "grossProfitRatio": 0.2682862424, "researchAndDevelopmentExpenses": 0, "generalAndAdministrativeExpenses": 0, "sellingAndMarketingExpenses": 0, "sellingGeneralAndAdministrativeExpenses": 118900000, "otherExpenses": 18000000, "operatingExpenses": 136900000, "costAndExpenses": 691100000, "interestIncome": 0, "interestExpense": 0, "depreciationAndAmortization": 18000000, "ebitda": 79900000, "ebitdaratio": 0.1054924743, "operatingIncome": 66300000, "operatingIncomeRatio": 0.0875363084, "totalOtherIncomeExpensesNet": 4400000, "incomeBeforeTax": 46100000, "incomeBeforeTaxRatio": 0.0608661209, "incomeTaxExpense": 18900000, "netIncome": 27200000, "netIncomeRatio": 0.0359123317, "eps": 0.11, "epsdiluted": 0.11, "weightedAverageShsOut": 247272727, "weightedAverageShsOutDil": 247272727, "link": "", "finalLink": "", "calculatedOtherExpenses": 18000000, "calculatedOperatingExpenses": 136900000, "calculatedNetInterest": 0, "calculatedOtherIncome": -20200000, "calculatedIncomeNonControlling": 0, "calculatedEbitda": 84300000}, {"date": "1987-12-31", "symbol": "HOG", "reportedCurrency": "USD", "cik": "0000793952", "fillingDate": "1987-12-31", "acceptedDate": "1987-12-30 19:00:00", "calendarYear": "1987", "period": "FY", "revenue": 685400000, "costOfRevenue": 503100000, "grossProfit": 182300000, "grossProfitRatio": 0.2659760724, "researchAndDevelopmentExpenses": 0, "generalAndAdministrativeExpenses": 0, "sellingAndMarketingExpenses": 0, "sellingGeneralAndAdministrativeExpenses": 110800000, "otherExpenses": 15600000, "operatingExpenses": 126400000, "costAndExpenses": 629500000, "interestIncome": 0, "interestExpense": 0, "depreciationAndAmortization": 15600000, "ebitda": 71000000, "ebitdaratio": 0.103589145, "operatingIncome": 55900000, "operatingIncomeRatio": 0.0815582142, "totalOtherIncomeExpensesNet": 500000, "incomeBeforeTax": 30900000, "incomeBeforeTaxRatio": 0.0450831631, "incomeTaxExpense": 13200000, "netIncome": 17700000, "netIncomeRatio": 0.0258243362, "eps": 0.09, "epsdiluted": 0.09, "weightedAverageShsOut": 196666667, "weightedAverageShsOutDil": 196666667, "link": "", "finalLink": "", "calculatedOtherExpenses": 15600000, "calculatedOperatingExpenses": 126400000, "calculatedNetInterest": 0, "calculatedOtherIncome": -25000000, "calculatedIncomeNonControlling": 0, "calculatedEbitda": 71500000}, {"date": "1986-12-31", "symbol": "HOG", "reportedCurrency": "USD", "cik": "0000793952", "fillingDate": "1986-12-31", "acceptedDate": "1986-12-30 19:00:00", "calendarYear": "1986", "period": "FY", "revenue": 295300000, "costOfRevenue": 210100000, "grossProfit": 85200000, "grossProfitRatio": 0.288520149, "researchAndDevelopmentExpenses": 0, "generalAndAdministrativeExpenses": 0, "sellingAndMarketingExpenses": 0, "sellingGeneralAndAdministrativeExpenses": 60100000, "otherExpenses": 9100000, "operatingExpenses": 69200000, "costAndExpenses": 279300000, "interestIncome": 0, "interestExpense": 0, "depreciationAndAmortization": 9100000, "ebitda": 24300000, "ebitdaratio": 0.0822891974, "operatingIncome": 16000000, "operatingIncomeRatio": 0.0541821876, "totalOtherIncomeExpensesNet": 800000, "incomeBeforeTax": 7300000, "incomeBeforeTaxRatio": 0.0247206231, "incomeTaxExpense": 3000000, "netIncome": 4300000, "netIncomeRatio": 0.0145614629, "eps": 0.03, "epsdiluted": 0.03, "weightedAverageShsOut": 143333333, "weightedAverageShsOutDil": 143333333, "link": "", "finalLink": "", "calculatedOtherExpenses": 9100000, "calculatedOperatingExpenses": 69200000, "calculatedNetInterest": 0, "calculatedOtherIncome": -8700000, "calculatedIncomeNonControlling": 0, "calculatedEbitda": 25100000}, {"date": "1985-12-31", "symbol": "HOG", "reportedCurrency": "USD", "cik": "0000793952", "fillingDate": "1985-12-31", "acceptedDate": "1985-12-30 19:00:00", "calendarYear": "1985", "period": "FY", "revenue": 287500000, "costOfRevenue": 209700000, "grossProfit": 77800000, "grossProfitRatio": 0.2706086957, "researchAndDevelopmentExpenses": 0, "generalAndAdministrativeExpenses": 0, "sellingAndMarketingExpenses": 0, "sellingGeneralAndAdministrativeExpenses": 57400000, "otherExpenses": 7500000, "operatingExpenses": 64900000, "costAndExpenses": 274600000, "interestIncome": 0, "interestExpense": 0, "depreciationAndAmortization": 7500000, "ebitda": 20700000, "ebitdaratio": 0.072, "operatingIncome": 12900000, "operatingIncomeRatio": 0.0448695652, "totalOtherIncomeExpensesNet": -300000, "incomeBeforeTax": 3100000, "incomeBeforeTaxRatio": 0.0107826087, "incomeTaxExpense": 500000, "netIncome": 2600000, "netIncomeRatio": 0.0090434783, "eps": 0.03, "epsdiluted": 0.03, "weightedAverageShsOut": 86666667, "weightedAverageShsOutDil": 86666667, "link": "", "finalLink": "", "calculatedOtherExpenses": 7500000, "calculatedOperatingExpenses": 64900000, "calculatedNetInterest": 0, "calculatedOtherIncome": -9800000, "calculatedIncomeNonControlling": 0, "calculatedEbitda": 20400000}]}