{"originalCurrency": "USD", "convertedCurrency": "USD", "report": [{"date": "2023-12-31", "symbol": "HON", "reportedCurrency": "USD", "cik": "0000773840", "fillingDate": "2024-02-16", "acceptedDate": "2024-02-16 13:40:36", "calendarYear": "2023", "period": "FY", "revenue": 36647000000, "costOfRevenue": 22353000000, "grossProfit": 14294000000, "grossProfitRatio": 0.3900455699, "researchAndDevelopmentExpenses": 1456000000, "generalAndAdministrativeExpenses": 0, "sellingAndMarketingExpenses": 0, "sellingGeneralAndAdministrativeExpenses": 4965000000, "otherExpenses": 431000000, "operatingExpenses": 6421000000, "costAndExpenses": 28774000000, "interestIncome": 321000000, "interestExpense": 765000000, "depreciationAndAmortization": 1176000000, "ebitda": 9049000000, "ebitdaratio": 0.2469233498, "operatingIncome": 7873000000, "operatingIncomeRatio": 0.2148334106, "totalOtherIncomeExpensesNet": -714000000, "incomeBeforeTax": 7159000000, "incomeBeforeTaxRatio": 0.1953502333, "incomeTaxExpense": 1487000000, "netIncome": 5658000000, "netIncomeRatio": 0.1543919011, "eps": 8.53, "epsdiluted": 8.47, "weightedAverageShsOut": 663000000, "weightedAverageShsOutDil": 668200000, "link": "https://www.sec.gov/Archives/edgar/data/773840/000077384024000014/0000773840-24-000014-index.htm", "finalLink": "https://www.sec.gov/Archives/edgar/data/773840/000077384024000014/hon-20231231.htm", "calculatedOtherExpenses": 0, "calculatedOperatingExpenses": 6421000000, "calculatedNetInterest": -444000000, "calculatedOtherIncome": -270000000, "calculatedIncomeNonControlling": 14000000, "calculatedEbitda": 9049000000}, {"date": "2022-12-31", "symbol": "HON", "reportedCurrency": "USD", "cik": "0000773840", "fillingDate": "2023-02-10", "acceptedDate": "2023-02-10 14:09:31", "calendarYear": "2022", "period": "FY", "revenue": 35466000000, "costOfRevenue": 23825000000, "grossProfit": 11641000000, "grossProfitRatio": 0.3282298539, "researchAndDevelopmentExpenses": 1478000000, "generalAndAdministrativeExpenses": 0, "sellingAndMarketingExpenses": 0, "sellingGeneralAndAdministrativeExpenses": 5214000000, "otherExpenses": 366000000, "operatingExpenses": 5214000000, "costAndExpenses": 29039000000, "interestIncome": 138000000, "interestExpense": 414000000, "depreciationAndAmortization": 1204000000, "ebitda": 7997000000, "ebitdaratio": 0.2254835617, "operatingIncome": 6793000000, "operatingIncomeRatio": 0.1915355552, "totalOtherIncomeExpensesNet": -414000000, "incomeBeforeTax": 6379000000, "incomeBeforeTaxRatio": 0.1798624034, "incomeTaxExpense": 1412000000, "netIncome": 4966000000, "netIncomeRatio": 0.140021429, "eps": 7.33, "epsdiluted": 7.27, "weightedAverageShsOut": 677100000, "weightedAverageShsOutDil": 683100000, "link": "https://www.sec.gov/Archives/edgar/data/773840/000077384023000013/0000773840-23-000013-index.htm", "finalLink": "https://www.sec.gov/Archives/edgar/data/773840/000077384023000013/hon-20221231.htm", "calculatedOtherExpenses": -1844000000, "calculatedOperatingExpenses": 4848000000, "calculatedNetInterest": -276000000, "calculatedOtherIncome": -138000000, "calculatedIncomeNonControlling": 1000000, "calculatedEbitda": 7997000000}, {"date": "2021-12-31", "symbol": "HON", "reportedCurrency": "USD", "cik": "0000773840", "fillingDate": "2022-02-11", "acceptedDate": "2022-02-11 12:37:32", "calendarYear": "2021", "period": "FY", "revenue": 34392000000, "costOfRevenue": 23394000000, "grossProfit": 10998000000, "grossProfitRatio": 0.3197836706, "researchAndDevelopmentExpenses": 1333000000, "generalAndAdministrativeExpenses": 0, "sellingAndMarketingExpenses": 0, "sellingGeneralAndAdministrativeExpenses": 4798000000, "otherExpenses": 1378000000, "operatingExpenses": 4798000000, "costAndExpenses": 28192000000, "interestIncome": 102000000, "interestExpense": 343000000, "depreciationAndAmortization": 1223000000, "ebitda": 8801000000, "ebitdaratio": 0.2559025355, "operatingIncome": 7578000000, "operatingIncomeRatio": 0.22034194, "totalOtherIncomeExpensesNet": -343000000, "incomeBeforeTax": 7235000000, "incomeBeforeTaxRatio": 0.2103686904, "incomeTaxExpense": 1625000000, "netIncome": 5542000000, "netIncomeRatio": 0.1611421261, "eps": 8.01, "epsdiluted": 7.91, "weightedAverageShsOut": 692300000, "weightedAverageShsOutDil": 700400000, "link": "https://www.sec.gov/Archives/edgar/data/773840/000077384022000018/0000773840-22-000018-index.htm", "finalLink": "https://www.sec.gov/Archives/edgar/data/773840/000077384022000018/hon-20211231.htm", "calculatedOtherExpenses": -2711000000, "calculatedOperatingExpenses": 3420000000, "calculatedNetInterest": -241000000, "calculatedOtherIncome": -102000000, "calculatedIncomeNonControlling": 68000000, "calculatedEbitda": 8801000000}, {"date": "2020-12-31", "symbol": "HON", "reportedCurrency": "USD", "cik": "0000773840", "fillingDate": "2021-02-12", "acceptedDate": "2021-02-12 14:31:39", "calendarYear": "2020", "period": "FY", "revenue": 32637000000, "costOfRevenue": 22169000000, "grossProfit": 10468000000, "grossProfitRatio": 0.3207402641, "researchAndDevelopmentExpenses": 1334000000, "generalAndAdministrativeExpenses": 0, "sellingAndMarketingExpenses": 0, "sellingGeneralAndAdministrativeExpenses": 4772000000, "otherExpenses": 675000000, "operatingExpenses": 4772000000, "costAndExpenses": 26941000000, "interestIncome": 107000000, "interestExpense": 359000000, "depreciationAndAmortization": 1002000000, "ebitda": 7373000000, "ebitdaratio": 0.2259092441, "operatingIncome": 6371000000, "operatingIncomeRatio": 0.1952078929, "totalOtherIncomeExpensesNet": -359000000, "incomeBeforeTax": 6012000000, "incomeBeforeTaxRatio": 0.1842081074, "incomeTaxExpense": 1147000000, "netIncome": 4779000000, "netIncomeRatio": 0.1464288997, "eps": 6.79, "epsdiluted": 6.72, "weightedAverageShsOut": 704100000, "weightedAverageShsOutDil": 711200000, "link": "https://www.sec.gov/Archives/edgar/data/773840/000077384021000015/0000773840-21-000015-index.htm", "finalLink": "https://www.sec.gov/Archives/edgar/data/773840/000077384021000015/hon-20201231.htm", "calculatedOtherExpenses": -2009000000, "calculatedOperatingExpenses": 4097000000, "calculatedNetInterest": -252000000, "calculatedOtherIncome": -107000000, "calculatedIncomeNonControlling": 86000000, "calculatedEbitda": 7373000000}, {"date": "2019-12-31", "symbol": "HON", "reportedCurrency": "USD", "cik": "0000773840", "fillingDate": "2020-02-14", "acceptedDate": "2020-02-14 13:25:35", "calendarYear": "2019", "period": "FY", "revenue": 36709000000, "costOfRevenue": 24339000000, "grossProfit": 12370000000, "grossProfitRatio": 0.3369745839, "researchAndDevelopmentExpenses": 1556000000, "generalAndAdministrativeExpenses": 0, "sellingAndMarketingExpenses": 0, "sellingGeneralAndAdministrativeExpenses": 5519000000, "otherExpenses": 1065000000, "operatingExpenses": 5519000000, "costAndExpenses": 29858000000, "interestIncome": 255000000, "interestExpense": 357000000, "depreciationAndAmortization": 1088000000, "ebitda": 9004000000, "ebitdaratio": 0.2452804489, "operatingIncome": 7916000000, "operatingIncomeRatio": 0.2156419407, "totalOtherIncomeExpensesNet": -357000000, "incomeBeforeTax": 7559000000, "incomeBeforeTaxRatio": 0.2059168051, "incomeTaxExpense": 1329000000, "netIncome": 6143000000, "netIncomeRatio": 0.1673431584, "eps": 8.52, "epsdiluted": 8.41, "weightedAverageShsOut": 721000000, "weightedAverageShsOutDil": 730300000, "link": "https://www.sec.gov/Archives/edgar/data/773840/000077384020000009/0000773840-20-000009-index.htm", "finalLink": "https://www.sec.gov/Archives/edgar/data/773840/000077384020000009/hon1231201910k.htm", "calculatedOtherExpenses": -2621000000, "calculatedOperatingExpenses": 4454000000, "calculatedNetInterest": -102000000, "calculatedOtherIncome": -255000000, "calculatedIncomeNonControlling": 87000000, "calculatedEbitda": 9004000000}, {"date": "2018-12-31", "symbol": "HON", "reportedCurrency": "USD", "cik": "0000773840", "fillingDate": "2019-02-08", "acceptedDate": "2019-02-08 14:09:10", "calendarYear": "2018", "period": "FY", "revenue": 41802000000, "costOfRevenue": 29046000000, "grossProfit": 12756000000, "grossProfitRatio": 0.3051528635, "researchAndDevelopmentExpenses": 1809000000, "generalAndAdministrativeExpenses": 0, "sellingAndMarketingExpenses": 0, "sellingGeneralAndAdministrativeExpenses": 6051000000, "otherExpenses": 1149000000, "operatingExpenses": 6051000000, "costAndExpenses": 35097000000, "interestIncome": 217000000, "interestExpense": 367000000, "depreciationAndAmortization": 1116000000, "ebitda": 8970000000, "ebitdaratio": 0.2145830343, "operatingIncome": 6705000000, "operatingIncomeRatio": 0.160399024, "totalOtherIncomeExpensesNet": 1149000000, "incomeBeforeTax": 7487000000, "incomeBeforeTaxRatio": 0.1791062629, "incomeTaxExpense": 659000000, "netIncome": 6765000000, "netIncomeRatio": 0.161834362, "eps": 9.1, "epsdiluted": 8.98, "weightedAverageShsOut": 743000000, "weightedAverageShsOutDil": 753000000, "link": "https://www.sec.gov/Archives/edgar/data/773840/000093041319000366/0000930413-19-000366-index.htm", "finalLink": "https://www.sec.gov/Archives/edgar/data/773840/000093041319000366/c92779_10k.htm", "calculatedOtherExpenses": -1809000000, "calculatedOperatingExpenses": 6051000000, "calculatedNetInterest": -150000000, "calculatedOtherIncome": 932000000, "calculatedIncomeNonControlling": 63000000, "calculatedEbitda": 7821000000}, {"date": "2017-12-31", "symbol": "HON", "reportedCurrency": "USD", "cik": "0000773840", "fillingDate": "2018-02-09", "acceptedDate": "2018-02-09 14:29:41", "calendarYear": "2017", "period": "FY", "revenue": 40534000000, "costOfRevenue": 27575000000, "grossProfit": 12959000000, "grossProfitRatio": 0.3197069127, "researchAndDevelopmentExpenses": 1835000000, "generalAndAdministrativeExpenses": 0, "sellingAndMarketingExpenses": 0, "sellingGeneralAndAdministrativeExpenses": 5808000000, "otherExpenses": 67000000, "operatingExpenses": 5808000000, "costAndExpenses": 33383000000, "interestIncome": 151000000, "interestExpense": 316000000, "depreciationAndAmortization": 1115000000, "ebitda": 8333000000, "ebitdaratio": 0.2055805003, "operatingIncome": 7151000000, "operatingIncomeRatio": 0.1764197957, "totalOtherIncomeExpensesNet": 67000000, "incomeBeforeTax": 6902000000, "incomeBeforeTaxRatio": 0.1702768047, "incomeTaxExpense": 5204000000, "netIncome": 1655000000, "netIncomeRatio": 0.0408299206, "eps": 2.03, "epsdiluted": 2, "weightedAverageShsOut": 762100000, "weightedAverageShsOutDil": 772100000, "link": "https://www.sec.gov/Archives/edgar/data/773840/000093041318000292/0000930413-18-000292-index.htm", "finalLink": "https://www.sec.gov/Archives/edgar/data/773840/000093041318000292/c89913_10k.htm", "calculatedOtherExpenses": -1835000000, "calculatedOperatingExpenses": 5808000000, "calculatedNetInterest": -165000000, "calculatedOtherIncome": -84000000, "calculatedIncomeNonControlling": 43000000, "calculatedEbitda": 8266000000}, {"date": "2016-12-31", "symbol": "HON", "reportedCurrency": "USD", "cik": "0000773840", "fillingDate": "2017-02-10", "acceptedDate": "2017-02-10 15:53:13", "calendarYear": "2016", "period": "FY", "revenue": 39302000000, "costOfRevenue": 27150000000, "grossProfit": 12152000000, "grossProfitRatio": 0.3091954608, "researchAndDevelopmentExpenses": 2143000000, "generalAndAdministrativeExpenses": 0, "sellingAndMarketingExpenses": 0, "sellingGeneralAndAdministrativeExpenses": 5469000000, "otherExpenses": 102000000, "operatingExpenses": 5469000000, "costAndExpenses": 32619000000, "interestIncome": 106000000, "interestExpense": 338000000, "depreciationAndAmortization": 1030000000, "ebitda": 7815000000, "ebitdaratio": 0.1988448425, "operatingIncome": 6683000000, "operatingIncomeRatio": 0.170042237, "totalOtherIncomeExpensesNet": 102000000, "incomeBeforeTax": 6447000000, "incomeBeforeTaxRatio": 0.1640374536, "incomeTaxExpense": 1601000000, "netIncome": 4809000000, "netIncomeRatio": 0.1223601852, "eps": 6.3, "epsdiluted": 6.21, "weightedAverageShsOut": 764300000, "weightedAverageShsOutDil": 775300000, "link": "https://www.sec.gov/Archives/edgar/data/773840/000093041317000391/0000930413-17-000391-index.htm", "finalLink": "https://www.sec.gov/Archives/edgar/data/773840/000093041317000391/c86783_10k.htm", "calculatedOtherExpenses": -2143000000, "calculatedOperatingExpenses": 5469000000, "calculatedNetInterest": -232000000, "calculatedOtherIncome": -4000000, "calculatedIncomeNonControlling": 37000000, "calculatedEbitda": 7713000000}, {"date": "2015-12-31", "symbol": "HON", "reportedCurrency": "USD", "cik": "0000773840", "fillingDate": "2016-02-12", "acceptedDate": "2016-02-12 13:41:09", "calendarYear": "2015", "period": "FY", "revenue": 38581000000, "costOfRevenue": 26747000000, "grossProfit": 11834000000, "grossProfitRatio": 0.3067312926, "researchAndDevelopmentExpenses": 2854000000, "generalAndAdministrativeExpenses": 0, "sellingAndMarketingExpenses": 0, "sellingGeneralAndAdministrativeExpenses": 5006000000, "otherExpenses": 68000000, "operatingExpenses": 5006000000, "costAndExpenses": 31753000000, "interestIncome": 104000000, "interestExpense": 310000000, "depreciationAndAmortization": 883000000, "ebitda": 7779000000, "ebitdaratio": 0.2016277442, "operatingIncome": 6828000000, "operatingIncomeRatio": 0.1769783054, "totalOtherIncomeExpensesNet": 68000000, "incomeBeforeTax": 6586000000, "incomeBeforeTaxRatio": 0.1707057878, "incomeTaxExpense": 1739000000, "netIncome": 4768000000, "netIncomeRatio": 0.1235841476, "eps": 6.11, "epsdiluted": 6.04, "weightedAverageShsOut": 779800000, "weightedAverageShsOutDil": 789300000, "link": "https://www.sec.gov/Archives/edgar/data/773840/000093041316005457/0000930413-16-005457-index.htm", "finalLink": "https://www.sec.gov/Archives/edgar/data/773840/000093041316005457/c83288_10k.htm", "calculatedOtherExpenses": -2854000000, "calculatedOperatingExpenses": 5006000000, "calculatedNetInterest": -206000000, "calculatedOtherIncome": -36000000, "calculatedIncomeNonControlling": 79000000, "calculatedEbitda": 7711000000}, {"date": "2014-12-31", "symbol": "HON", "reportedCurrency": "USD", "cik": "0000773840", "fillingDate": "2015-02-13", "acceptedDate": "2015-02-13 13:45:03", "calendarYear": "2014", "period": "FY", "revenue": 40306000000, "costOfRevenue": 28957000000, "grossProfit": 11349000000, "grossProfitRatio": 0.281570982, "researchAndDevelopmentExpenses": 2926000000, "generalAndAdministrativeExpenses": 0, "sellingAndMarketingExpenses": 0, "sellingGeneralAndAdministrativeExpenses": 5518000000, "otherExpenses": 305000000, "operatingExpenses": 5518000000, "costAndExpenses": 34475000000, "interestIncome": 102000000, "interestExpense": 318000000, "depreciationAndAmortization": 924000000, "ebitda": 7060000000, "ebitdaratio": 0.1751600258, "operatingIncome": 5831000000, "operatingIncomeRatio": 0.1446682876, "totalOtherIncomeExpensesNet": 305000000, "incomeBeforeTax": 5818000000, "incomeBeforeTaxRatio": 0.144345755, "incomeTaxExpense": 1489000000, "netIncome": 4239000000, "netIncomeRatio": 0.1051704461, "eps": 5.4, "epsdiluted": 5.33, "weightedAverageShsOut": 784400000, "weightedAverageShsOutDil": 795200000, "link": "https://www.sec.gov/Archives/edgar/data/773840/000093041315000621/0000930413-15-000621-index.htm", "finalLink": "https://www.sec.gov/Archives/edgar/data/773840/000093041315000621/c79276_10k.htm", "calculatedOtherExpenses": -2926000000, "calculatedOperatingExpenses": 5518000000, "calculatedNetInterest": -216000000, "calculatedOtherIncome": 203000000, "calculatedIncomeNonControlling": 90000000, "calculatedEbitda": 6755000000}, {"date": "2013-12-31", "symbol": "HON", "reportedCurrency": "USD", "cik": "0000773840", "fillingDate": "2014-02-14", "acceptedDate": "2014-02-14 09:15:25", "calendarYear": "2013", "period": "FY", "revenue": 39055000000, "costOfRevenue": 28364000000, "grossProfit": 10691000000, "grossProfitRatio": 0.2737421585, "researchAndDevelopmentExpenses": 2773000000, "generalAndAdministrativeExpenses": 0, "sellingAndMarketingExpenses": 0, "sellingGeneralAndAdministrativeExpenses": 5190000000, "otherExpenses": 238000000, "operatingExpenses": 5190000000, "costAndExpenses": 33554000000, "interestIncome": 69000000, "interestExpense": 327000000, "depreciationAndAmortization": 989000000, "ebitda": 6728000000, "ebitdaratio": 0.1722698758, "operatingIncome": 5501000000, "operatingIncomeRatio": 0.1408526437, "totalOtherIncomeExpensesNet": 238000000, "incomeBeforeTax": 5412000000, "incomeBeforeTaxRatio": 0.1385738062, "incomeTaxExpense": 1450000000, "netIncome": 3924000000, "netIncomeRatio": 0.1004736909, "eps": 4.99, "epsdiluted": 4.92, "weightedAverageShsOut": 786400000, "weightedAverageShsOutDil": 797300000, "link": "https://www.sec.gov/Archives/edgar/data/773840/000093041314000634/0000930413-14-000634-index.htm", "finalLink": "https://www.sec.gov/Archives/edgar/data/773840/000093041314000634/c75936_10k.htm", "calculatedOtherExpenses": -2773000000, "calculatedOperatingExpenses": 5190000000, "calculatedNetInterest": -258000000, "calculatedOtherIncome": 169000000, "calculatedIncomeNonControlling": 38000000, "calculatedEbitda": 6490000000}, {"date": "2012-12-31", "symbol": "HON", "reportedCurrency": "USD", "cik": "0000773840", "fillingDate": "2013-02-15", "acceptedDate": "2013-02-15 09:16:19", "calendarYear": "2012", "period": "FY", "revenue": 37665000000, "costOfRevenue": 28291000000, "grossProfit": 9374000000, "grossProfitRatio": 0.2488782689, "researchAndDevelopmentExpenses": 2682000000, "generalAndAdministrativeExpenses": 0, "sellingAndMarketingExpenses": 0, "sellingGeneralAndAdministrativeExpenses": 5218000000, "otherExpenses": 70000000, "operatingExpenses": 5218000000, "costAndExpenses": 33509000000, "interestIncome": 58000000, "interestExpense": 351000000, "depreciationAndAmortization": 926000000, "ebitda": 5152000000, "ebitdaratio": 0.1367848135, "operatingIncome": 4156000000, "operatingIncomeRatio": 0.1103411655, "totalOtherIncomeExpensesNet": 70000000, "incomeBeforeTax": 3875000000, "incomeBeforeTaxRatio": 0.1028806584, "incomeTaxExpense": 944000000, "netIncome": 2926000000, "netIncomeRatio": 0.0776848533, "eps": 3.74, "epsdiluted": 3.69, "weightedAverageShsOut": 782400000, "weightedAverageShsOutDil": 791900000, "link": "https://www.sec.gov/Archives/edgar/data/773840/000093041313000907/0000930413-13-000907-index.htm", "finalLink": "https://www.sec.gov/Archives/edgar/data/773840/000093041313000907/c72130_10-k.htm", "calculatedOtherExpenses": -2682000000, "calculatedOperatingExpenses": 5218000000, "calculatedNetInterest": -293000000, "calculatedOtherIncome": 12000000, "calculatedIncomeNonControlling": 5000000, "calculatedEbitda": 5082000000}, {"date": "2011-12-31", "symbol": "HON", "reportedCurrency": "USD", "cik": "0000773840", "fillingDate": "2012-02-17", "acceptedDate": "2012-02-17 13:58:44", "calendarYear": "2011", "period": "FY", "revenue": 36529000000, "costOfRevenue": 28556000000, "grossProfit": 7973000000, "grossProfitRatio": 0.2182649402, "researchAndDevelopmentExpenses": 0, "generalAndAdministrativeExpenses": 0, "sellingAndMarketingExpenses": 0, "sellingGeneralAndAdministrativeExpenses": 5399000000, "otherExpenses": 0, "operatingExpenses": 5399000000, "costAndExpenses": 33955000000, "interestIncome": 58000000, "interestExpense": 376000000, "depreciationAndAmortization": 957000000, "ebitda": 3531000000, "ebitdaratio": 0.0966629253, "operatingIncome": 2574000000, "operatingIncomeRatio": 0.0704645624, "totalOtherIncomeExpensesNet": 84000000, "incomeBeforeTax": 2282000000, "incomeBeforeTaxRatio": 0.0624709135, "incomeTaxExpense": 417000000, "netIncome": 2067000000, "netIncomeRatio": 0.0565851789, "eps": 2.65, "epsdiluted": 2.61, "weightedAverageShsOut": 780800000, "weightedAverageShsOutDil": 791600000, "link": "https://www.sec.gov/Archives/edgar/data/773840/000093041312000976/0000930413-12-000976-index.htm", "finalLink": "https://www.sec.gov/Archives/edgar/data/773840/000093041312000976/c68029_10k.htm", "calculatedOtherExpenses": 0, "calculatedOperatingExpenses": 5399000000, "calculatedNetInterest": -318000000, "calculatedOtherIncome": 26000000, "calculatedIncomeNonControlling": -202000000, "calculatedEbitda": 3531000000}, {"date": "2010-12-31", "symbol": "HON", "reportedCurrency": "USD", "cik": "0000773840", "fillingDate": "2011-02-11", "acceptedDate": "2011-02-11 12:04:55", "calendarYear": "2010", "period": "FY", "revenue": 33370000000, "costOfRevenue": 25519000000, "grossProfit": 7851000000, "grossProfitRatio": 0.2352712017, "researchAndDevelopmentExpenses": 0, "generalAndAdministrativeExpenses": 0, "sellingAndMarketingExpenses": 0, "sellingGeneralAndAdministrativeExpenses": 4717000000, "otherExpenses": 0, "operatingExpenses": 5008000000, "costAndExpenses": 30527000000, "interestIncome": 0, "interestExpense": 386000000, "depreciationAndAmortization": 987000000, "ebitda": 4121000000, "ebitdaratio": 0.1234941564, "operatingIncome": 3134000000, "operatingIncomeRatio": 0.0939166916, "totalOtherIncomeExpensesNet": 95000000, "incomeBeforeTax": 2843000000, "incomeBeforeTaxRatio": 0.0851962841, "incomeTaxExpense": 808000000, "netIncome": 2022000000, "netIncomeRatio": 0.0605933473, "eps": 2.61, "epsdiluted": 2.59, "weightedAverageShsOut": 773500000, "weightedAverageShsOutDil": 780900000, "link": "https://www.sec.gov/Archives/edgar/data/773840/000093041311000961/0000930413-11-000961-index.htm", "finalLink": "https://www.sec.gov/Archives/edgar/data/773840/000093041311000961/c63936_10-k.htm", "calculatedOtherExpenses": 0, "calculatedOperatingExpenses": 4717000000, "calculatedNetInterest": -386000000, "calculatedOtherIncome": 95000000, "calculatedIncomeNonControlling": 13000000, "calculatedEbitda": 4121000000}, {"date": "2009-12-31", "symbol": "HON", "reportedCurrency": "USD", "cik": "0000773840", "fillingDate": "2010-02-12", "acceptedDate": "2010-02-12 16:36:38", "calendarYear": "2009", "period": "FY", "revenue": 30908000000, "costOfRevenue": 23185000000, "grossProfit": 7723000000, "grossProfitRatio": 0.2498705837, "researchAndDevelopmentExpenses": 0, "generalAndAdministrativeExpenses": 0, "sellingAndMarketingExpenses": 0, "sellingGeneralAndAdministrativeExpenses": 4341000000, "otherExpenses": 0, "operatingExpenses": 4341000000, "costAndExpenses": 27526000000, "interestIncome": 33000000, "interestExpense": 459000000, "depreciationAndAmortization": 957000000, "ebitda": 4339000000, "ebitdaratio": 0.1403843665, "operatingIncome": 3382000000, "operatingIncomeRatio": 0.109421509, "totalOtherIncomeExpensesNet": 55000000, "incomeBeforeTax": 2978000000, "incomeBeforeTaxRatio": 0.0963504594, "incomeTaxExpense": 789000000, "netIncome": 2153000000, "netIncomeRatio": 0.0696583409, "eps": 2.06, "epsdiluted": 2.05, "weightedAverageShsOut": 752600000, "weightedAverageShsOutDil": 755121951, "link": "https://www.sec.gov/Archives/edgar/data/773840/000093041310000784/0000930413-10-000784-index.htm", "finalLink": "https://www.sec.gov/Archives/edgar/data/773840/000093041310000784/c60039_10k.htm", "calculatedOtherExpenses": 0, "calculatedOperatingExpenses": 4341000000, "calculatedNetInterest": -426000000, "calculatedOtherIncome": 22000000, "calculatedIncomeNonControlling": 36000000, "calculatedEbitda": 4339000000}, {"date": "2008-12-31", "symbol": "HON", "reportedCurrency": "USD", "cik": "0000773840", "fillingDate": "2009-02-13", "acceptedDate": "2009-02-13 11:24:23", "calendarYear": "2008", "period": "FY", "revenue": 36556000000, "costOfRevenue": 27994000000, "grossProfit": 8562000000, "grossProfitRatio": 0.2342159974, "researchAndDevelopmentExpenses": 0, "generalAndAdministrativeExpenses": 0, "sellingAndMarketingExpenses": 0, "sellingGeneralAndAdministrativeExpenses": 5033000000, "otherExpenses": 0, "operatingExpenses": 5033000000, "costAndExpenses": 33027000000, "interestIncome": 0, "interestExpense": 456000000, "depreciationAndAmortization": 903000000, "ebitda": 3869000000, "ebitdaratio": 0.105837619, "operatingIncome": 3529000000, "operatingIncomeRatio": 0.0965368202, "totalOtherIncomeExpensesNet": 626000000, "incomeBeforeTax": 3801000000, "incomeBeforeTaxRatio": 0.1039774592, "incomeTaxExpense": 1009000000, "netIncome": 2792000000, "netIncomeRatio": 0.0763759711, "eps": 3.79, "epsdiluted": 3.76, "weightedAverageShsOut": 736763174, "weightedAverageShsOutDil": 743530427, "link": "https://www.sec.gov/Archives/edgar/data/773840/000093041309000801/0000930413-09-000801-index.htm", "finalLink": "https://www.sec.gov/Archives/edgar/data/773840/000093041309000801/c56028_10k.htm", "calculatedOtherExpenses": 0, "calculatedOperatingExpenses": 5033000000, "calculatedNetInterest": -456000000, "calculatedOtherIncome": 728000000, "calculatedIncomeNonControlling": 0, "calculatedEbitda": 4432000000}, {"date": "2007-12-31", "symbol": "HON", "reportedCurrency": "USD", "cik": "0000773840", "fillingDate": "2008-02-15", "acceptedDate": "2008-02-15 12:01:53", "calendarYear": "2007", "period": "FY", "revenue": 34589000000, "costOfRevenue": 26300000000, "grossProfit": 8289000000, "grossProfitRatio": 0.239642661, "researchAndDevelopmentExpenses": 0, "generalAndAdministrativeExpenses": 0, "sellingAndMarketingExpenses": 0, "sellingGeneralAndAdministrativeExpenses": 4565000000, "otherExpenses": 0, "operatingExpenses": 4565000000, "costAndExpenses": 30865000000, "interestIncome": 0, "interestExpense": 456000000, "depreciationAndAmortization": 837000000, "ebitda": 4599000000, "ebitdaratio": 0.1329613461, "operatingIncome": 3724000000, "operatingIncomeRatio": 0.1076642863, "totalOtherIncomeExpensesNet": -28000000, "incomeBeforeTax": 3321000000, "incomeBeforeTaxRatio": 0.0960131834, "incomeTaxExpense": 877000000, "netIncome": 2444000000, "netIncomeRatio": 0.0706583018, "eps": 3.2, "epsdiluted": 3.16, "weightedAverageShsOut": 763750000, "weightedAverageShsOutDil": 773417722, "link": "https://www.sec.gov/Archives/edgar/data/773840/000093041308001037/0000930413-08-001037-index.htm", "finalLink": "https://www.sec.gov/Archives/edgar/data/773840/000093041308001037/c51271_10k.htm", "calculatedOtherExpenses": 0, "calculatedOperatingExpenses": 4565000000, "calculatedNetInterest": -456000000, "calculatedOtherIncome": 53000000, "calculatedIncomeNonControlling": 0, "calculatedEbitda": 4561000000}, {"date": "2006-12-31", "symbol": "HON", "reportedCurrency": "USD", "cik": "0000773840", "fillingDate": "2007-02-16", "acceptedDate": "2007-02-16 17:12:38", "calendarYear": "2006", "period": "FY", "revenue": 31367000000, "costOfRevenue": 24096000000, "grossProfit": 7271000000, "grossProfitRatio": 0.2318041254, "researchAndDevelopmentExpenses": 0, "generalAndAdministrativeExpenses": 0, "sellingAndMarketingExpenses": 0, "sellingGeneralAndAdministrativeExpenses": 4210000000, "otherExpenses": 0, "operatingExpenses": 4210000000, "costAndExpenses": 28306000000, "interestIncome": 0, "interestExpense": 374000000, "depreciationAndAmortization": 794000000, "ebitda": 3851000000, "ebitdaratio": 0.1227723404, "operatingIncome": 3061000000, "operatingIncomeRatio": 0.0975866356, "totalOtherIncomeExpensesNet": 17000000, "incomeBeforeTax": 2798000000, "incomeBeforeTaxRatio": 0.0892020276, "incomeTaxExpense": 720000000, "netIncome": 2083000000, "netIncomeRatio": 0.0664073708, "eps": 2.54, "epsdiluted": 2.52, "weightedAverageShsOut": 820078740, "weightedAverageShsOutDil": 826587302, "link": "https://www.sec.gov/Archives/edgar/data/773840/000093041307001369/0000930413-07-001369-index.htm", "finalLink": "https://www.sec.gov/Archives/edgar/data/773840/000093041307001369/c44492_10k.htm", "calculatedOtherExpenses": 0, "calculatedOperatingExpenses": 4210000000, "calculatedNetInterest": -374000000, "calculatedOtherIncome": 111000000, "calculatedIncomeNonControlling": -5000000, "calculatedEbitda": 3855000000}, {"date": "2005-12-31", "symbol": "HON", "reportedCurrency": "USD", "cik": "0000773840", "fillingDate": "2006-03-01", "acceptedDate": "2006-03-01 16:37:10", "calendarYear": "2005", "period": "FY", "revenue": 27653000000, "costOfRevenue": 21465000000, "grossProfit": 6188000000, "grossProfitRatio": 0.2237731892, "researchAndDevelopmentExpenses": 0, "generalAndAdministrativeExpenses": 0, "sellingAndMarketingExpenses": 0, "sellingGeneralAndAdministrativeExpenses": 3707000000, "otherExpenses": 0, "operatingExpenses": 3707000000, "costAndExpenses": 25172000000, "interestIncome": 0, "interestExpense": 356000000, "depreciationAndAmortization": 697000000, "ebitda": 3114000000, "ebitdaratio": 0.1126098434, "operatingIncome": 2481000000, "operatingIncomeRatio": 0.0897190178, "totalOtherIncomeExpensesNet": 198000000, "incomeBeforeTax": 2323000000, "incomeBeforeTaxRatio": 0.084005352, "incomeTaxExpense": 742000000, "netIncome": 1655000000, "netIncomeRatio": 0.059848841, "eps": 1.93, "epsdiluted": 1.92, "weightedAverageShsOut": 848704663, "weightedAverageShsOutDil": 853125000, "link": "https://www.sec.gov/Archives/edgar/data/773840/000095011706000980/0000950117-06-000980-index.htm", "finalLink": "https://www.sec.gov/Archives/edgar/data/773840/000095011706000980/a41243.htm", "calculatedOtherExpenses": 0, "calculatedOperatingExpenses": 3707000000, "calculatedNetInterest": -356000000, "calculatedOtherIncome": 198000000, "calculatedIncomeNonControlling": -74000000, "calculatedEbitda": 3178000000}, {"date": "2004-12-31", "symbol": "HON", "reportedCurrency": "USD", "cik": "0000773840", "fillingDate": "2005-02-25", "acceptedDate": "2005-02-25 17:04:43", "calendarYear": "2004", "period": "FY", "revenue": 25601000000, "costOfRevenue": 20585000000, "grossProfit": 5016000000, "grossProfitRatio": 0.1959298465, "researchAndDevelopmentExpenses": 0, "generalAndAdministrativeExpenses": 0, "sellingAndMarketingExpenses": 0, "sellingGeneralAndAdministrativeExpenses": 3316000000, "otherExpenses": 0, "operatingExpenses": 3316000000, "costAndExpenses": 23901000000, "interestIncome": 0, "interestExpense": 331000000, "depreciationAndAmortization": 650000000, "ebitda": 2241000000, "ebitdaratio": 0.0875356431, "operatingIncome": 1700000000, "operatingIncomeRatio": 0.0664036561, "totalOtherIncomeExpensesNet": 191000000, "incomeBeforeTax": 1680000000, "incomeBeforeTaxRatio": 0.0656224366, "incomeTaxExpense": 399000000, "netIncome": 1281000000, "netIncomeRatio": 0.0500371079, "eps": 1.45, "epsdiluted": 1.45, "weightedAverageShsOut": 859310345, "weightedAverageShsOutDil": 859310345, "link": "https://www.sec.gov/Archives/edgar/data/773840/000095011705000756/0000950117-05-000756-index.htm", "finalLink": "https://www.sec.gov/Archives/edgar/data/773840/000095011705000756/a38747.htm", "calculatedOtherExpenses": 0, "calculatedOperatingExpenses": 3316000000, "calculatedNetInterest": -331000000, "calculatedOtherIncome": 311000000, "calculatedIncomeNonControlling": 0, "calculatedEbitda": 2350000000}, {"date": "2003-12-31", "symbol": "HON", "reportedCurrency": "USD", "cik": "0000773840", "fillingDate": "2004-03-04", "acceptedDate": "2004-03-04 12:37:53", "calendarYear": "2003", "period": "FY", "revenue": 23103000000, "costOfRevenue": 18235000000, "grossProfit": 4868000000, "grossProfitRatio": 0.210708566, "researchAndDevelopmentExpenses": 0, "generalAndAdministrativeExpenses": 0, "sellingAndMarketingExpenses": 0, "sellingGeneralAndAdministrativeExpenses": 2950000000, "otherExpenses": 0, "operatingExpenses": 2950000000, "costAndExpenses": 21185000000, "interestIncome": 0, "interestExpense": 0, "depreciationAndAmortization": 595000000, "ebitda": 2596000000, "ebitdaratio": 0.1123663593, "operatingIncome": 1918000000, "operatingIncomeRatio": 0.0830195213, "totalOtherIncomeExpensesNet": -45000000, "incomeBeforeTax": 1640000000, "incomeBeforeTaxRatio": 0.070986452, "incomeTaxExpense": 296000000, "netIncome": 1324000000, "netIncomeRatio": 0.0573085746, "eps": 1.52, "epsdiluted": 1.52, "weightedAverageShsOut": 871052632, "weightedAverageShsOutDil": 871052632, "link": "https://www.sec.gov/Archives/edgar/data/773840/000095011704000868/0000950117-04-000868-index.htm", "finalLink": "https://www.sec.gov/Archives/edgar/data/773840/000095011704000868/a36887.txt", "calculatedOtherExpenses": 0, "calculatedOperatingExpenses": 2950000000, "calculatedNetInterest": 0, "calculatedOtherIncome": -278000000, "calculatedIncomeNonControlling": 20000000, "calculatedEbitda": 2513000000}, {"date": "2002-12-31", "symbol": "HON", "reportedCurrency": "USD", "cik": "0000773840", "fillingDate": "2003-03-06", "acceptedDate": "2003-03-06 14:03:01", "calendarYear": "2002", "period": "FY", "revenue": 22274000000, "costOfRevenue": 17615000000, "grossProfit": 4659000000, "grossProfitRatio": 0.2091676394, "researchAndDevelopmentExpenses": 0, "generalAndAdministrativeExpenses": 0, "sellingAndMarketingExpenses": 0, "sellingGeneralAndAdministrativeExpenses": 2757000000, "otherExpenses": 0, "operatingExpenses": 2757000000, "costAndExpenses": 20372000000, "interestIncome": 0, "interestExpense": 0, "depreciationAndAmortization": 671000000, "ebitda": 5178000000, "ebitdaratio": 0.2324683487, "operatingIncome": 1902000000, "operatingIncomeRatio": 0.0853910389, "totalOtherIncomeExpensesNet": -2563000000, "incomeBeforeTax": -945000000, "incomeBeforeTaxRatio": -0.0424261471, "incomeTaxExpense": -725000000, "netIncome": -220000000, "netIncomeRatio": -0.0098769866, "eps": -0.27, "epsdiluted": -0.27, "weightedAverageShsOut": 820394737, "weightedAverageShsOutDil": 820394737, "link": "https://www.sec.gov/Archives/edgar/data/773840/000095011703000910/0000950117-03-000910-index.htm", "finalLink": "https://www.sec.gov/Archives/edgar/data/773840/000095011703000910/a34239.txt", "calculatedOtherExpenses": 0, "calculatedOperatingExpenses": 2757000000, "calculatedNetInterest": 0, "calculatedOtherIncome": -2847000000, "calculatedIncomeNonControlling": 0, "calculatedEbitda": 2573000000}, {"date": "2001-12-31", "symbol": "HON", "reportedCurrency": "USD", "cik": "0000773840", "fillingDate": "2002-03-20", "acceptedDate": "2002-03-20 00:00:00", "calendarYear": "2001", "period": "FY", "revenue": 23652000000, "costOfRevenue": 20429000000, "grossProfit": 3223000000, "grossProfitRatio": 0.1362675461, "researchAndDevelopmentExpenses": 0, "generalAndAdministrativeExpenses": 0, "sellingAndMarketingExpenses": 0, "sellingGeneralAndAdministrativeExpenses": 3064000000, "otherExpenses": 0, "operatingExpenses": 3064000000, "costAndExpenses": 23493000000, "interestIncome": 0, "interestExpense": 0, "depreciationAndAmortization": 926000000, "ebitda": 1094000000, "ebitdaratio": 0.0462540166, "operatingIncome": 159000000, "operatingIncomeRatio": 0.0067224759, "totalOtherIncomeExpensesNet": -202000000, "incomeBeforeTax": -422000000, "incomeBeforeTaxRatio": -0.017842043, "incomeTaxExpense": -323000000, "netIncome": -99000000, "netIncomeRatio": -0.0041856925, "eps": -0.12, "epsdiluted": -0.12, "weightedAverageShsOut": 825000000, "weightedAverageShsOutDil": 825000000, "link": "https://www.sec.gov/Archives/edgar/data/773840/000095011702000539/0000950117-02-000539-index.htm", "finalLink": "https://www.sec.gov/Archives/edgar/data/773840/000095011702000539/a31661.txt", "calculatedOtherExpenses": 0, "calculatedOperatingExpenses": 3064000000, "calculatedNetInterest": 0, "calculatedOtherIncome": -581000000, "calculatedIncomeNonControlling": 0, "calculatedEbitda": 1085000000}, {"date": "2000-12-31", "symbol": "HON", "reportedCurrency": "USD", "cik": "0000773840", "fillingDate": "2001-03-30", "acceptedDate": "2001-03-30 00:00:00", "calendarYear": "2000", "period": "FY", "revenue": 25023000000, "costOfRevenue": 19090000000, "grossProfit": 5933000000, "grossProfitRatio": 0.2371018663, "researchAndDevelopmentExpenses": 0, "generalAndAdministrativeExpenses": 0, "sellingAndMarketingExpenses": 0, "sellingGeneralAndAdministrativeExpenses": 3134000000, "otherExpenses": 0, "operatingExpenses": 3134000000, "costAndExpenses": 22224000000, "interestIncome": 0, "interestExpense": 0, "depreciationAndAmortization": 995000000, "ebitda": 3670000000, "ebitdaratio": 0.1466650681, "operatingIncome": 2799000000, "operatingIncomeRatio": 0.1118570915, "totalOtherIncomeExpensesNet": 35000000, "incomeBeforeTax": 2398000000, "incomeBeforeTaxRatio": 0.0958318347, "incomeTaxExpense": 739000000, "netIncome": 1659000000, "netIncomeRatio": 0.0662990049, "eps": 2.07, "epsdiluted": 2.05, "weightedAverageShsOut": 801449275, "weightedAverageShsOutDil": 809268293, "link": "https://www.sec.gov/Archives/edgar/data/773840/000095011701000640/0000950117-01-000640-index.htm", "finalLink": "https://www.sec.gov/Archives/edgar/data/773840/000095011701000640/0000950117-01-000640-0001.txt", "calculatedOtherExpenses": 0, "calculatedOperatingExpenses": 3134000000, "calculatedNetInterest": 0, "calculatedOtherIncome": -401000000, "calculatedIncomeNonControlling": 0, "calculatedEbitda": 3794000000}, {"date": "1999-12-31", "symbol": "HON", "reportedCurrency": "USD", "cik": "0000773840", "fillingDate": "2000-02-23", "acceptedDate": "2000-02-23 00:00:00", "calendarYear": "1999", "period": "FY", "revenue": 23735000000, "costOfRevenue": 18495000000, "grossProfit": 5240000000, "grossProfitRatio": 0.2207710133, "researchAndDevelopmentExpenses": 0, "generalAndAdministrativeExpenses": 0, "sellingAndMarketingExpenses": 0, "sellingGeneralAndAdministrativeExpenses": 3216000000, "otherExpenses": 0, "operatingExpenses": 3216000000, "costAndExpenses": 21711000000, "interestIncome": 0, "interestExpense": 0, "depreciationAndAmortization": 881000000, "ebitda": 2522000000, "ebitdaratio": 0.1062565831, "operatingIncome": 2024000000, "operatingIncomeRatio": 0.0852749105, "totalOtherIncomeExpensesNet": 459000000, "incomeBeforeTax": 2248000000, "incomeBeforeTaxRatio": 0.09471245, "incomeTaxExpense": 707000000, "netIncome": 1541000000, "netIncomeRatio": 0.0649252159, "eps": 1.95, "epsdiluted": 1.9, "weightedAverageShsOut": 790256410, "weightedAverageShsOutDil": 811052632, "link": "https://www.sec.gov/Archives/edgar/data/773840/000095011700000401/0000950117-00-000401-index.htm", "finalLink": "https://www.sec.gov/Archives/edgar/data/773840/000095011700000401/", "calculatedOtherExpenses": 0, "calculatedOperatingExpenses": 3216000000, "calculatedNetInterest": 0, "calculatedOtherIncome": 224000000, "calculatedIncomeNonControlling": 0, "calculatedEbitda": 2905000000}, {"date": "1998-12-31", "symbol": "HON", "reportedCurrency": "USD", "cik": "0000773840", "fillingDate": "1999-03-04", "acceptedDate": "1999-03-04 00:00:00", "calendarYear": "1998", "period": "FY", "revenue": 15128000000, "costOfRevenue": 11476000000, "grossProfit": 3652000000, "grossProfitRatio": 0.2414066631, "researchAndDevelopmentExpenses": 0, "generalAndAdministrativeExpenses": 0, "sellingAndMarketingExpenses": 0, "sellingGeneralAndAdministrativeExpenses": 1690000000, "otherExpenses": 0, "operatingExpenses": 1690000000, "costAndExpenses": 13166000000, "interestIncome": 0, "interestExpense": 0, "depreciationAndAmortization": 609000000, "ebitda": 2588000000, "ebitdaratio": 0.1710735061, "operatingIncome": 1962000000, "operatingIncomeRatio": 0.129693284, "totalOtherIncomeExpensesNet": 133000000, "incomeBeforeTax": 1943000000, "incomeBeforeTaxRatio": 0.1284373347, "incomeTaxExpense": 612000000, "netIncome": 1331000000, "netIncomeRatio": 0.0879825489, "eps": 2.38, "epsdiluted": 2.34, "weightedAverageShsOut": 562500000, "weightedAverageShsOutDil": 575700000, "link": "https://www.sec.gov/Archives/edgar/data/773840/000095011799000452/0000950117-99-000452-index.htm", "finalLink": "https://www.sec.gov/Archives/edgar/data/773840/000095011799000452/", "calculatedOtherExpenses": 0, "calculatedOperatingExpenses": 1690000000, "calculatedNetInterest": 0, "calculatedOtherIncome": -19000000, "calculatedIncomeNonControlling": 0, "calculatedEbitda": 2571000000}, {"date": "1997-12-31", "symbol": "HON", "reportedCurrency": "USD", "cik": "0000773840", "fillingDate": "1998-02-26", "acceptedDate": "1998-02-26 00:00:00", "calendarYear": "1997", "period": "FY", "revenue": 14472000000, "costOfRevenue": 11481000000, "grossProfit": 2991000000, "grossProfitRatio": 0.2066749585, "researchAndDevelopmentExpenses": 0, "generalAndAdministrativeExpenses": 0, "sellingAndMarketingExpenses": 0, "sellingGeneralAndAdministrativeExpenses": 1581000000, "otherExpenses": -226000000, "operatingExpenses": 1355000000, "costAndExpenses": 12836000000, "interestIncome": 0, "interestExpense": 0, "depreciationAndAmortization": 609000000, "ebitda": 1992000000, "ebitdaratio": 0.1376451078, "operatingIncome": 1636000000, "operatingIncomeRatio": 0.1130458817, "totalOtherIncomeExpensesNet": 431000000, "incomeBeforeTax": 1716000000, "incomeBeforeTaxRatio": 0.1185737977, "incomeTaxExpense": 546000000, "netIncome": 1170000000, "netIncomeRatio": 0.0808457711, "eps": 2.04, "epsdiluted": 2, "weightedAverageShsOut": 565600000, "weightedAverageShsOutDil": 581400000, "link": "https://www.sec.gov/Archives/edgar/data/773840/000095011798000419/0000950117-98-000419-index.htm", "finalLink": "https://www.sec.gov/Archives/edgar/data/773840/0000950117-98-000419.txt", "calculatedOtherExpenses": -226000000, "calculatedOperatingExpenses": 1355000000, "calculatedNetInterest": 0, "calculatedOtherIncome": 80000000, "calculatedIncomeNonControlling": 0, "calculatedEbitda": 2245000000}, {"date": "1996-12-31", "symbol": "HON", "reportedCurrency": "USD", "cik": "0000773840", "fillingDate": "1997-02-28", "acceptedDate": "1997-02-28 00:00:00", "calendarYear": "1996", "period": "FY", "revenue": 13971000000, "costOfRevenue": 11606000000, "grossProfit": 2365000000, "grossProfitRatio": 0.1692792212, "researchAndDevelopmentExpenses": 0, "generalAndAdministrativeExpenses": 0, "sellingAndMarketingExpenses": 0, "sellingGeneralAndAdministrativeExpenses": 1511000000, "otherExpenses": -655000000, "operatingExpenses": 856000000, "costAndExpenses": 12462000000, "interestIncome": 0, "interestExpense": 0, "depreciationAndAmortization": 602000000, "ebitda": 1445000000, "ebitdaratio": 0.1034285305, "operatingIncome": 1509000000, "operatingIncomeRatio": 0.1080094481, "totalOtherIncomeExpensesNet": 809000000, "incomeBeforeTax": 1553000000, "incomeBeforeTaxRatio": 0.111158829, "incomeTaxExpense": 533000000, "netIncome": 1020000000, "netIncomeRatio": 0.0730083745, "eps": 1.77, "epsdiluted": 1.73, "weightedAverageShsOut": 576271186, "weightedAverageShsOutDil": 589595376, "link": "https://www.sec.gov/Archives/edgar/data/773840/000095011797000341/0000950117-97-000341-index.htm", "finalLink": "https://www.sec.gov/Archives/edgar/data/773840/000095011797000341/", "calculatedOtherExpenses": -655000000, "calculatedOperatingExpenses": 856000000, "calculatedNetInterest": 0, "calculatedOtherIncome": 44000000, "calculatedIncomeNonControlling": 0, "calculatedEbitda": 2111000000}, {"date": "1995-12-31", "symbol": "HON", "reportedCurrency": "USD", "cik": "0000773840", "fillingDate": "1996-02-27", "acceptedDate": "1996-02-27 00:00:00", "calendarYear": "1995", "period": "FY", "revenue": 14346000000, "costOfRevenue": 11539000000, "grossProfit": 2807000000, "grossProfitRatio": 0.1956642967, "researchAndDevelopmentExpenses": 0, "generalAndAdministrativeExpenses": 0, "sellingAndMarketingExpenses": 0, "sellingGeneralAndAdministrativeExpenses": 1503000000, "otherExpenses": 44000000, "operatingExpenses": 1547000000, "costAndExpenses": 13086000000, "interestIncome": 0, "interestExpense": 0, "depreciationAndAmortization": 612000000, "ebitda": 1937000000, "ebitdaratio": 0.1350202147, "operatingIncome": 1260000000, "operatingIncomeRatio": 0.0878293601, "totalOtherIncomeExpensesNet": 126000000, "incomeBeforeTax": 1261000000, "incomeBeforeTaxRatio": 0.0878990659, "incomeTaxExpense": 386000000, "netIncome": 875000000, "netIncomeRatio": 0.0609926112, "eps": 1.55, "epsdiluted": 1.55, "weightedAverageShsOut": 566343042, "weightedAverageShsOutDil": 567206000, "link": "https://www.sec.gov/Archives/edgar/data/773840/000095011796000146/0000950117-96-000146-index.htm", "finalLink": "https://www.sec.gov/Archives/edgar/data/773840/0000950117-96-000146.txt", "calculatedOtherExpenses": 44000000, "calculatedOperatingExpenses": 1547000000, "calculatedNetInterest": 0, "calculatedOtherIncome": 1000000, "calculatedIncomeNonControlling": 0, "calculatedEbitda": 1872000000}, {"date": "1994-12-31", "symbol": "HON", "reportedCurrency": "USD", "cik": "0000773840", "fillingDate": "1995-03-02", "acceptedDate": "1995-03-02 00:00:00", "calendarYear": "1994", "period": "FY", "revenue": 12817000000, "costOfRevenue": 10299000000, "grossProfit": 2518000000, "grossProfitRatio": 0.1964578294, "researchAndDevelopmentExpenses": 0, "generalAndAdministrativeExpenses": 0, "sellingAndMarketingExpenses": 0, "sellingGeneralAndAdministrativeExpenses": 1366000000, "otherExpenses": 0, "operatingExpenses": 1366000000, "costAndExpenses": 11665000000, "interestIncome": 0, "interestExpense": 0, "depreciationAndAmortization": 560000000, "ebitda": 1738000000, "ebitdaratio": 0.1356011547, "operatingIncome": 1152000000, "operatingIncomeRatio": 0.0898806273, "totalOtherIncomeExpensesNet": 103000000, "incomeBeforeTax": 1111000000, "incomeBeforeTaxRatio": 0.0866817508, "incomeTaxExpense": 352000000, "netIncome": 759000000, "netIncomeRatio": 0.0592182258, "eps": 1.34, "epsdiluted": 1.34, "weightedAverageShsOut": 566417910, "weightedAverageShsOutDil": 567150000, "link": "https://www.sec.gov/Archives/edgar/data/773840/000095011795000038/0000950117-95-000038-index.htm", "finalLink": "https://www.sec.gov/Archives/edgar/data/773840/0000950117-95-000038.txt", "calculatedOtherExpenses": 0, "calculatedOperatingExpenses": 1366000000, "calculatedNetInterest": 0, "calculatedOtherIncome": -41000000, "calculatedIncomeNonControlling": 0, "calculatedEbitda": 1712000000}, {"date": "1993-12-31", "symbol": "HON", "reportedCurrency": "USD", "cik": "0000773840", "fillingDate": "1994-03-15", "acceptedDate": "1994-03-15 00:00:00", "calendarYear": "1993", "period": "FY", "revenue": 11827000000, "costOfRevenue": 9004000000, "grossProfit": 2823000000, "grossProfitRatio": 0.2386911305, "researchAndDevelopmentExpenses": 0, "generalAndAdministrativeExpenses": 0, "sellingAndMarketingExpenses": 0, "sellingGeneralAndAdministrativeExpenses": 1338000000, "otherExpenses": 547000000, "operatingExpenses": 1885000000, "costAndExpenses": 10889000000, "interestIncome": 0, "interestExpense": 0, "depreciationAndAmortization": 547000000, "ebitda": 1356000000, "ebitdaratio": 0.1146529128, "operatingIncome": 938000000, "operatingIncomeRatio": 0.0793100533, "totalOtherIncomeExpensesNet": 129000000, "incomeBeforeTax": 910000000, "incomeBeforeTaxRatio": 0.076942589, "incomeTaxExpense": 254000000, "netIncome": 411000000, "netIncomeRatio": 0.0347509935, "eps": 0.73, "epsdiluted": 0.73, "weightedAverageShsOut": 563013699, "weightedAverageShsOutDil": 566279070, "link": "https://www.sec.gov/Archives/edgar/data/773840/000095011794000067/0000950117-94-000067-index.htm", "finalLink": "https://www.sec.gov/Archives/edgar/data/773840/000095011794000067/", "calculatedOtherExpenses": 547000000, "calculatedOperatingExpenses": 1885000000, "calculatedNetInterest": 0, "calculatedOtherIncome": -28000000, "calculatedIncomeNonControlling": 245000000, "calculatedEbitda": 1485000000}, {"date": "1992-12-31", "symbol": "HON", "reportedCurrency": "USD", "cik": "0000773840", "fillingDate": "1992-12-31", "acceptedDate": "1992-12-30 19:00:00", "calendarYear": "1992", "period": "FY", "revenue": 12042000000, "costOfRevenue": 9394000000, "grossProfit": 2648000000, "grossProfitRatio": 0.2198970271, "researchAndDevelopmentExpenses": 0, "generalAndAdministrativeExpenses": 0, "sellingAndMarketingExpenses": 0, "sellingGeneralAndAdministrativeExpenses": 1704000000, "otherExpenses": 529000000, "operatingExpenses": 2233000000, "costAndExpenses": 11627000000, "interestIncome": 0, "interestExpense": 0, "depreciationAndAmortization": 529000000, "ebitda": 437000000, "ebitdaratio": 0.0362896529, "operatingIncome": 415000000, "operatingIncomeRatio": 0.0344627138, "totalOtherIncomeExpensesNet": 507000000, "incomeBeforeTax": 702000000, "incomeBeforeTaxRatio": 0.0582959641, "incomeTaxExpense": 167000000, "netIncome": -712000000, "netIncomeRatio": -0.059126391, "eps": -1.26, "epsdiluted": -1.26, "weightedAverageShsOut": 565079365, "weightedAverageShsOutDil": 565079365, "link": "", "finalLink": "", "calculatedOtherExpenses": 529000000, "calculatedOperatingExpenses": 2233000000, "calculatedNetInterest": 0, "calculatedOtherIncome": 287000000, "calculatedIncomeNonControlling": 1247000000, "calculatedEbitda": 944000000}, {"date": "1991-12-31", "symbol": "HON", "reportedCurrency": "USD", "cik": "0000773840", "fillingDate": "1991-12-31", "acceptedDate": "1991-12-30 19:00:00", "calendarYear": "1991", "period": "FY", "revenue": 11831000000, "costOfRevenue": 9408000000, "grossProfit": 2423000000, "grossProfitRatio": 0.2048009467, "researchAndDevelopmentExpenses": 0, "generalAndAdministrativeExpenses": 0, "sellingAndMarketingExpenses": 0, "sellingGeneralAndAdministrativeExpenses": 2210000000, "otherExpenses": 504000000, "operatingExpenses": 2714000000, "costAndExpenses": 12122000000, "interestIncome": 0, "interestExpense": 0, "depreciationAndAmortization": 504000000, "ebitda": 55000000, "ebitdaratio": 0.004648804, "operatingIncome": -291000000, "operatingIncomeRatio": -0.0245963993, "totalOtherIncomeExpensesNet": 158000000, "incomeBeforeTax": -390000000, "incomeBeforeTaxRatio": -0.0329642465, "incomeTaxExpense": -117000000, "netIncome": -273000000, "netIncomeRatio": -0.0230749725, "eps": -0.5, "epsdiluted": -0.5, "weightedAverageShsOut": 546000000, "weightedAverageShsOutDil": 546000000, "link": "", "finalLink": "", "calculatedOtherExpenses": 504000000, "calculatedOperatingExpenses": 2714000000, "calculatedNetInterest": 0, "calculatedOtherIncome": -99000000, "calculatedIncomeNonControlling": 0, "calculatedEbitda": 213000000}, {"date": "1990-12-31", "symbol": "HON", "reportedCurrency": "USD", "cik": "0000773840", "fillingDate": "1990-12-31", "acceptedDate": "1990-12-30 19:00:00", "calendarYear": "1990", "period": "FY", "revenue": 12343000000, "costOfRevenue": 9766000000, "grossProfit": 2577000000, "grossProfitRatio": 0.2087823058, "researchAndDevelopmentExpenses": 0, "generalAndAdministrativeExpenses": 0, "sellingAndMarketingExpenses": 0, "sellingGeneralAndAdministrativeExpenses": 1387000000, "otherExpenses": 460000000, "operatingExpenses": 1847000000, "costAndExpenses": 11613000000, "interestIncome": 0, "interestExpense": 0, "depreciationAndAmortization": 460000000, "ebitda": 1040000000, "ebitdaratio": 0.084258284, "operatingIncome": 730000000, "operatingIncomeRatio": 0.059142834, "totalOtherIncomeExpensesNet": 150000000, "incomeBeforeTax": 602000000, "incomeBeforeTaxRatio": 0.0487725837, "incomeTaxExpense": 140000000, "netIncome": 462000000, "netIncomeRatio": 0.0374301223, "eps": 0.84, "epsdiluted": 0.84, "weightedAverageShsOut": 550000000, "weightedAverageShsOutDil": 550000000, "link": "", "finalLink": "", "calculatedOtherExpenses": 460000000, "calculatedOperatingExpenses": 1847000000, "calculatedNetInterest": 0, "calculatedOtherIncome": -128000000, "calculatedIncomeNonControlling": 0, "calculatedEbitda": 1190000000}, {"date": "1989-12-31", "symbol": "HON", "reportedCurrency": "USD", "cik": "0000773840", "fillingDate": "1989-12-31", "acceptedDate": "1989-12-30 19:00:00", "calendarYear": "1989", "period": "FY", "revenue": 11942000000, "costOfRevenue": 9239000000, "grossProfit": 2703000000, "grossProfitRatio": 0.226343996, "researchAndDevelopmentExpenses": 0, "generalAndAdministrativeExpenses": 0, "sellingAndMarketingExpenses": 0, "sellingGeneralAndAdministrativeExpenses": 1333000000, "otherExpenses": 424000000, "operatingExpenses": 1757000000, "costAndExpenses": 10996000000, "interestIncome": 0, "interestExpense": 0, "depreciationAndAmortization": 424000000, "ebitda": 1231000000, "ebitdaratio": 0.1030815609, "operatingIncome": 946000000, "operatingIncomeRatio": 0.0792162117, "totalOtherIncomeExpensesNet": 139000000, "incomeBeforeTax": 769000000, "incomeBeforeTaxRatio": 0.0643945738, "incomeTaxExpense": 241000000, "netIncome": 528000000, "netIncomeRatio": 0.0442136995, "eps": 0.89, "epsdiluted": 0.89, "weightedAverageShsOut": 593258427, "weightedAverageShsOutDil": 593258427, "link": "", "finalLink": "", "calculatedOtherExpenses": 424000000, "calculatedOperatingExpenses": 1757000000, "calculatedNetInterest": 0, "calculatedOtherIncome": -177000000, "calculatedIncomeNonControlling": 0, "calculatedEbitda": 1370000000}, {"date": "1988-12-31", "symbol": "HON", "reportedCurrency": "USD", "cik": "0000773840", "fillingDate": "1988-12-31", "acceptedDate": "1988-12-30 19:00:00", "calendarYear": "1988", "period": "FY", "revenue": 11909000000, "costOfRevenue": 9190000000, "grossProfit": 2719000000, "grossProfitRatio": 0.22831472, "researchAndDevelopmentExpenses": 0, "generalAndAdministrativeExpenses": 0, "sellingAndMarketingExpenses": 0, "sellingGeneralAndAdministrativeExpenses": 1600000000, "otherExpenses": 416000000, "operatingExpenses": 2016000000, "costAndExpenses": 11206000000, "interestIncome": 0, "interestExpense": 0, "depreciationAndAmortization": 416000000, "ebitda": 865000000, "ebitdaratio": 0.0726341422, "operatingIncome": 703000000, "operatingIncomeRatio": 0.059030985, "totalOtherIncomeExpensesNet": 254000000, "incomeBeforeTax": 639000000, "incomeBeforeTaxRatio": 0.0536568981, "incomeTaxExpense": 176000000, "netIncome": 463000000, "netIncomeRatio": 0.0388781594, "eps": 0.78, "epsdiluted": 0.78, "weightedAverageShsOut": 593589744, "weightedAverageShsOutDil": 593589744, "link": "", "finalLink": "", "calculatedOtherExpenses": 416000000, "calculatedOperatingExpenses": 2016000000, "calculatedNetInterest": 0, "calculatedOtherIncome": -64000000, "calculatedIncomeNonControlling": 0, "calculatedEbitda": 1119000000}, {"date": "1987-12-31", "symbol": "HON", "reportedCurrency": "USD", "cik": "0000773840", "fillingDate": "1987-12-31", "acceptedDate": "1987-12-30 19:00:00", "calendarYear": "1987", "period": "FY", "revenue": 11116000000, "costOfRevenue": 8562000000, "grossProfit": 2554000000, "grossProfitRatio": 0.2297589061, "researchAndDevelopmentExpenses": 0, "generalAndAdministrativeExpenses": 0, "sellingAndMarketingExpenses": 0, "sellingGeneralAndAdministrativeExpenses": 1457000000, "otherExpenses": 347000000, "operatingExpenses": 1804000000, "costAndExpenses": 10366000000, "interestIncome": 0, "interestExpense": 0, "depreciationAndAmortization": 347000000, "ebitda": 826000000, "ebitdaratio": 0.0743073048, "operatingIncome": 750000000, "operatingIncomeRatio": 0.0674703131, "totalOtherIncomeExpensesNet": 271000000, "incomeBeforeTax": 757000000, "incomeBeforeTaxRatio": 0.068100036, "incomeTaxExpense": 242000000, "netIncome": 518000000, "netIncomeRatio": 0.0465994962, "eps": 0.78, "epsdiluted": 0.78, "weightedAverageShsOut": 662820513, "weightedAverageShsOutDil": 662820513, "link": "", "finalLink": "", "calculatedOtherExpenses": 347000000, "calculatedOperatingExpenses": 1804000000, "calculatedNetInterest": 0, "calculatedOtherIncome": 7000000, "calculatedIncomeNonControlling": -3000000, "calculatedEbitda": 1097000000}, {"date": "1986-12-31", "symbol": "HON", "reportedCurrency": "USD", "cik": "0000773840", "fillingDate": "1986-12-31", "acceptedDate": "1986-12-30 19:00:00", "calendarYear": "1986", "period": "FY", "revenue": 11794000000, "costOfRevenue": 8743000000, "grossProfit": 3051000000, "grossProfitRatio": 0.2586908598, "researchAndDevelopmentExpenses": 0, "generalAndAdministrativeExpenses": 0, "sellingAndMarketingExpenses": 0, "sellingGeneralAndAdministrativeExpenses": 1631000000, "otherExpenses": 368000000, "operatingExpenses": 1999000000, "costAndExpenses": 10742000000, "interestIncome": 0, "interestExpense": 0, "depreciationAndAmortization": 368000000, "ebitda": 1295000000, "ebitdaratio": 0.109801594, "operatingIncome": 1052000000, "operatingIncomeRatio": 0.0891978972, "totalOtherIncomeExpensesNet": 125000000, "incomeBeforeTax": 907000000, "incomeBeforeTaxRatio": 0.0769035103, "incomeTaxExpense": 302000000, "netIncome": 605000000, "netIncomeRatio": 0.0512972698, "eps": 0.82, "epsdiluted": 0.82, "weightedAverageShsOut": 698780488, "weightedAverageShsOutDil": 698780488, "link": "", "finalLink": "", "calculatedOtherExpenses": 368000000, "calculatedOperatingExpenses": 1999000000, "calculatedNetInterest": 0, "calculatedOtherIncome": -145000000, "calculatedIncomeNonControlling": 0, "calculatedEbitda": 1420000000}, {"date": "1985-12-31", "symbol": "HON", "reportedCurrency": "USD", "cik": "0000773840", "fillingDate": "1985-12-31", "acceptedDate": "1985-12-30 19:00:00", "calendarYear": "1985", "period": "FY", "revenue": 9115000000, "costOfRevenue": 6718000000, "grossProfit": 2397000000, "grossProfitRatio": 0.2629731212, "researchAndDevelopmentExpenses": 0, "generalAndAdministrativeExpenses": 0, "sellingAndMarketingExpenses": 0, "sellingGeneralAndAdministrativeExpenses": 1140000000, "otherExpenses": 362000000, "operatingExpenses": 1502000000, "costAndExpenses": 8220000000, "interestIncome": 0, "interestExpense": 0, "depreciationAndAmortization": 362000000, "ebitda": 1747000000, "ebitdaratio": 0.1916620954, "operatingIncome": 895000000, "operatingIncomeRatio": 0.098189797, "totalOtherIncomeExpensesNet": -490000000, "incomeBeforeTax": 223000000, "incomeBeforeTaxRatio": 0.0244651673, "incomeTaxExpense": 502000000, "netIncome": -279000000, "netIncomeRatio": -0.0306088865, "eps": -0.4, "epsdiluted": -0.4, "weightedAverageShsOut": 700776000, "weightedAverageShsOutDil": 700776000, "link": "", "finalLink": "", "calculatedOtherExpenses": 362000000, "calculatedOperatingExpenses": 1502000000, "calculatedNetInterest": 0, "calculatedOtherIncome": -672000000, "calculatedIncomeNonControlling": 0, "calculatedEbitda": 1257000000}]}