{"originalCurrency": "USD", "convertedCurrency": "USD", "report": [{"date": "2023-09-30", "symbol": "HP", "reportedCurrency": "USD", "cik": "0000046765", "fillingDate": "2023-11-08", "acceptedDate": "2023-11-08 16:55:23", "calendarYear": "2023", "period": "FY", "revenue": 2872421000, "costOfRevenue": 2097412000, "grossProfit": 775009000, "grossProfitRatio": 0.2698103795, "researchAndDevelopmentExpenses": 30046000, "generalAndAdministrativeExpenses": 0, "sellingAndMarketingExpenses": 0, "sellingGeneralAndAdministrativeExpenses": 206657000, "otherExpenses": 9081000, "operatingExpenses": 241180000, "costAndExpenses": 2338592000, "interestIncome": 28393000, "interestExpense": 17283000, "depreciationAndAmortization": 382314000, "ebitda": 953617000, "ebitdaratio": 0.3319906796, "operatingIncome": 561889000, "operatingIncomeRatio": 0.1956151274, "totalOtherIncomeExpensesNet": 48440000, "incomeBeforeTax": 593379000, "incomeBeforeTaxRatio": 0.2065780051, "incomeTaxExpense": 159279000, "netIncome": 434100000, "netIncomeRatio": 0.1511268717, "eps": 4.18, "epsdiluted": 4.16, "weightedAverageShsOut": 102447000, "weightedAverageShsOutDil": 102852000, "link": "https://www.sec.gov/Archives/edgar/data/46765/000004676523000069/0000046765-23-000069-index.htm", "finalLink": "https://www.sec.gov/Archives/edgar/data/46765/000004676523000069/hp-20230930.htm", "calculatedOtherExpenses": -23583000, "calculatedOperatingExpenses": 213120000, "calculatedNetInterest": 11110000, "calculatedOtherIncome": 20380000, "calculatedIncomeNonControlling": 0, "calculatedEbitda": 944203000}, {"date": "2022-09-30", "symbol": "HP", "reportedCurrency": "USD", "cik": "0000046765", "fillingDate": "2022-11-17", "acceptedDate": "2022-11-16 17:35:51", "calendarYear": "2022", "period": "FY", "revenue": 2058944000, "costOfRevenue": 1834397000, "grossProfit": 224547000, "grossProfitRatio": 0.1090593042, "researchAndDevelopmentExpenses": 26563000, "generalAndAdministrativeExpenses": 0, "sellingAndMarketingExpenses": 0, "sellingGeneralAndAdministrativeExpenses": 182366000, "otherExpenses": -11115000, "operatingExpenses": 208929000, "costAndExpenses": 2043326000, "interestIncome": 18090000, "interestExpense": 19203000, "depreciationAndAmortization": 403170000, "ebitda": 425763000, "ebitdaratio": 0.2067870714, "operatingIncome": 22593000, "operatingIncomeRatio": 0.0109731008, "totalOtherIncomeExpensesNet": 8325000, "incomeBeforeTax": 30918000, "incomeBeforeTaxRatio": 0.0150164356, "incomeTaxExpense": 24366000, "netIncome": 5445000, "netIncomeRatio": 0.0026445595, "eps": 0.0514, "epsdiluted": 0.0511, "weightedAverageShsOut": 105891000, "weightedAverageShsOutDil": 106555000, "link": "https://www.sec.gov/Archives/edgar/data/46765/000004676522000070/0000046765-22-000070-index.htm", "finalLink": "https://www.sec.gov/Archives/edgar/data/46765/000004676522000070/hp-20220930.htm", "calculatedOtherExpenses": -6975000, "calculatedOperatingExpenses": 201954000, "calculatedNetInterest": -1113000, "calculatedOtherIncome": 9438000, "calculatedIncomeNonControlling": 1107000, "calculatedEbitda": 425763000}, {"date": "2021-09-30", "symbol": "HP", "reportedCurrency": "USD", "cik": "0000046765", "fillingDate": "2021-11-18", "acceptedDate": "2021-11-18 16:50:41", "calendarYear": "2021", "period": "FY", "revenue": 1218568000, "costOfRevenue": 1377464000, "grossProfit": -158896000, "grossProfitRatio": -0.1303956775, "researchAndDevelopmentExpenses": 21724000, "generalAndAdministrativeExpenses": 0, "sellingAndMarketingExpenses": 0, "sellingGeneralAndAdministrativeExpenses": 172195000, "otherExpenses": -5657000, "operatingExpenses": 193919000, "costAndExpenses": 1571383000, "interestIncome": 10254000, "interestExpense": 23955000, "depreciationAndAmortization": 419726000, "ebitda": 71508000, "ebitdaratio": 0.0586819939, "operatingIncome": -348218000, "operatingIncomeRatio": -0.2857600068, "totalOtherIncomeExpensesNet": -92962000, "incomeBeforeTax": -441180000, "incomeBeforeTaxRatio": -0.362047912, "incomeTaxExpense": -103721000, "netIncome": -337459000, "netIncomeRatio": -0.2769307909, "eps": -3.13, "epsdiluted": -3.13, "weightedAverageShsOut": 107818000, "weightedAverageShsOutDil": 107818000, "link": "https://www.sec.gov/Archives/edgar/data/46765/000004676521000044/0000046765-21-000044-index.htm", "finalLink": "https://www.sec.gov/Archives/edgar/data/46765/000004676521000044/hp-20210930.htm", "calculatedOtherExpenses": -4597000, "calculatedOperatingExpenses": 189322000, "calculatedNetInterest": -13701000, "calculatedOtherIncome": -79261000, "calculatedIncomeNonControlling": 0, "calculatedEbitda": 71508000}, {"date": "2020-09-30", "symbol": "HP", "reportedCurrency": "USD", "cik": "0000046765", "fillingDate": "2020-11-20", "acceptedDate": "2020-11-20 17:09:13", "calendarYear": "2020", "period": "FY", "revenue": 1773927000, "costOfRevenue": 1672450000, "grossProfit": 101477000, "grossProfitRatio": 0.0572047215, "researchAndDevelopmentExpenses": 21645000, "generalAndAdministrativeExpenses": 0, "sellingAndMarketingExpenses": 0, "sellingGeneralAndAdministrativeExpenses": 167513000, "otherExpenses": -5384000, "operatingExpenses": 189158000, "costAndExpenses": 1861608000, "interestIncome": 7304000, "interestExpense": 24474000, "depreciationAndAmortization": 481885000, "ebitda": 396124000, "ebitdaratio": 0.2233034392, "operatingIncome": -85761000, "operatingIncomeRatio": -0.0483452814, "totalOtherIncomeExpensesNet": -550737000, "incomeBeforeTax": -636498000, "incomeBeforeTaxRatio": -0.3588073241, "incomeTaxExpense": -140106000, "netIncome": -496392000, "netIncomeRatio": -0.279826622, "eps": -4.6, "epsdiluted": -4.6, "weightedAverageShsOut": 108009000, "weightedAverageShsOutDil": 108009000, "link": "https://www.sec.gov/Archives/edgar/data/46765/000004676520000032/0000046765-20-000032-index.htm", "finalLink": "https://www.sec.gov/Archives/edgar/data/46765/000004676520000032/hp-20200930x10k.htm", "calculatedOtherExpenses": -1920000, "calculatedOperatingExpenses": 187238000, "calculatedNetInterest": -17170000, "calculatedOtherIncome": -533567000, "calculatedIncomeNonControlling": 0, "calculatedEbitda": 396124000}, {"date": "2019-09-30", "symbol": "HP", "reportedCurrency": "USD", "cik": "0000046765", "fillingDate": "2019-11-15", "acceptedDate": "2019-11-15 17:19:51", "calendarYear": "2019", "period": "FY", "revenue": 2798490000, "costOfRevenue": 2371389000, "grossProfit": 427101000, "grossProfitRatio": 0.1526183763, "researchAndDevelopmentExpenses": 27467000, "generalAndAdministrativeExpenses": 0, "sellingAndMarketingExpenses": 0, "sellingGeneralAndAdministrativeExpenses": 194416000, "otherExpenses": -1596000, "operatingExpenses": 221883000, "costAndExpenses": 2593272000, "interestIncome": 9468000, "interestExpense": 25188000, "depreciationAndAmortization": 562803000, "ebitda": 775893000, "ebitdaratio": 0.2772541621, "operatingIncome": 213090000, "operatingIncomeRatio": 0.0761446351, "totalOtherIncomeExpensesNet": -264312000, "incomeBeforeTax": -51222000, "incomeBeforeTaxRatio": -0.0183034422, "incomeTaxExpense": -18712000, "netIncome": -32510000, "netIncomeRatio": -0.0116169792, "eps": -0.3, "epsdiluted": -0.3, "weightedAverageShsOut": 109216000, "weightedAverageShsOutDil": 109216000, "link": "https://www.sec.gov/Archives/edgar/data/46765/000004676519000019/0000046765-19-000019-index.htm", "finalLink": "https://www.sec.gov/Archives/edgar/data/46765/000004676519000019/hp-20190930x10k.htm", "calculatedOtherExpenses": -7872000, "calculatedOperatingExpenses": 214011000, "calculatedNetInterest": -15720000, "calculatedOtherIncome": -248592000, "calculatedIncomeNonControlling": 0, "calculatedEbitda": 775893000}, {"date": "2018-09-30", "symbol": "HP", "reportedCurrency": "USD", "cik": "0000046765", "fillingDate": "2018-11-16", "acceptedDate": "2018-11-16 17:09:54", "calendarYear": "2018", "period": "FY", "revenue": 2487268000, "costOfRevenue": 2236412000, "grossProfit": 250856000, "grossProfitRatio": 0.1008560396, "researchAndDevelopmentExpenses": 18167000, "generalAndAdministrativeExpenses": 200619000, "sellingAndMarketingExpenses": 0, "sellingGeneralAndAdministrativeExpenses": 200619000, "otherExpenses": 486000, "operatingExpenses": 218786000, "costAndExpenses": 2455198000, "interestIncome": 8017000, "interestExpense": 24265000, "depreciationAndAmortization": 583802000, "ebitda": 624375000, "ebitdaratio": 0.2510284376, "operatingIncome": 31602000, "operatingIncomeRatio": 0.0127055066, "totalOtherIncomeExpensesNet": 19000, "incomeBeforeTax": 15841000, "incomeBeforeTaxRatio": 0.0063688352, "incomeTaxExpense": -477169000, "netIncome": 482672000, "netIncomeRatio": 0.194057094, "eps": 4.43, "epsdiluted": 4.41, "weightedAverageShsOut": 108851000, "weightedAverageShsOutDil": 109387000, "link": "https://www.sec.gov/Archives/edgar/data/46765/000155837018009412/0001558370-18-009412-index.htm", "finalLink": "https://www.sec.gov/Archives/edgar/data/46765/000155837018009412/hp-20180930x10k.htm", "calculatedOtherExpenses": 468000, "calculatedOperatingExpenses": 219254000, "calculatedNetInterest": -16248000, "calculatedOtherIncome": 487000, "calculatedIncomeNonControlling": 10338000, "calculatedEbitda": 615404000}, {"date": "2017-09-30", "symbol": "HP", "reportedCurrency": "USD", "cik": "0000046765", "fillingDate": "2017-11-22", "acceptedDate": "2017-11-22 17:10:22", "calendarYear": "2017", "period": "FY", "revenue": 1804741000, "costOfRevenue": 1834860000, "grossProfit": -30119000, "grossProfitRatio": -0.0166888213, "researchAndDevelopmentExpenses": 12047000, "generalAndAdministrativeExpenses": 151002000, "sellingAndMarketingExpenses": 0, "sellingGeneralAndAdministrativeExpenses": 151002000, "otherExpenses": 1775000, "operatingExpenses": 163049000, "costAndExpenses": 1997909000, "interestIncome": 5915000, "interestExpense": 19747000, "depreciationAndAmortization": 585543000, "ebitda": 400065000, "ebitdaratio": 0.2216744674, "operatingIncome": -172541000, "operatingIncomeRatio": -0.0956043, "totalOtherIncomeExpensesNet": 22402000, "incomeBeforeTax": -184598000, "incomeBeforeTaxRatio": -0.102285037, "incomeTaxExpense": -56735000, "netIncome": -128212000, "netIncomeRatio": -0.0710417728, "eps": -1.19, "epsdiluted": -1.18, "weightedAverageShsOut": 108061666, "weightedAverageShsOutDil": 108500000, "link": "https://www.sec.gov/Archives/edgar/data/46765/000155837017009052/0001558370-17-009052-index.htm", "finalLink": "https://www.sec.gov/Archives/edgar/data/46765/000155837017009052/hp-20170930x10k.htm", "calculatedOtherExpenses": -20627000, "calculatedOperatingExpenses": 142422000, "calculatedNetInterest": -13832000, "calculatedOtherIncome": 1775000, "calculatedIncomeNonControlling": 349000, "calculatedEbitda": 413002000}, {"date": "2016-09-30", "symbol": "HP", "reportedCurrency": "USD", "cik": "0000046765", "fillingDate": "2016-11-23", "acceptedDate": "2016-11-23 15:51:57", "calendarYear": "2016", "period": "FY", "revenue": 1624232000, "costOfRevenue": 1497392000, "grossProfit": 126840000, "grossProfitRatio": 0.0780922922, "researchAndDevelopmentExpenses": 10269000, "generalAndAdministrativeExpenses": 146183000, "sellingAndMarketingExpenses": 0, "sellingGeneralAndAdministrativeExpenses": 146183000, "otherExpenses": -965000, "operatingExpenses": 156452000, "costAndExpenses": 1653844000, "interestIncome": 3166000, "interestExpense": 22913000, "depreciationAndAmortization": 598587000, "ebitda": 571176000, "ebitdaratio": 0.3516591226, "operatingIncome": -25966000, "operatingIncomeRatio": -0.0159866325, "totalOtherIncomeExpensesNet": -23308000, "incomeBeforeTax": -72667000, "incomeBeforeTaxRatio": -0.0447392983, "incomeTaxExpense": -19677000, "netIncome": -56828000, "netIncomeRatio": -0.0349876126, "eps": -0.53, "epsdiluted": -0.53, "weightedAverageShsOut": 107996000, "weightedAverageShsOutDil": 107996000, "link": "https://www.sec.gov/Archives/edgar/data/46765/000104746916016935/0001047469-16-016935-index.htm", "finalLink": "https://www.sec.gov/Archives/edgar/data/46765/000104746916016935/a2230277z10-k.htm", "calculatedOtherExpenses": -3646000, "calculatedOperatingExpenses": 152806000, "calculatedNetInterest": -19747000, "calculatedOtherIncome": -26954000, "calculatedIncomeNonControlling": 3838000, "calculatedEbitda": 572621000}, {"date": "2015-09-30", "symbol": "HP", "reportedCurrency": "USD", "cik": "0000046765", "fillingDate": "2015-11-25", "acceptedDate": "2015-11-25 14:02:07", "calendarYear": "2015", "period": "FY", "revenue": 3165441000, "costOfRevenue": 2311155000, "grossProfit": 854286000, "grossProfitRatio": 0.2698789837, "researchAndDevelopmentExpenses": 16104000, "generalAndAdministrativeExpenses": 134906000, "sellingAndMarketingExpenses": 0, "sellingGeneralAndAdministrativeExpenses": 134906000, "otherExpenses": -901000, "operatingExpenses": 151010000, "costAndExpenses": 2462165000, "interestIncome": 5834000, "interestExpense": 15036000, "depreciationAndAmortization": 606992000, "ebitda": 1315201000, "ebitdaratio": 0.4154874471, "operatingIncome": 675750000, "operatingIncomeRatio": 0.2134773638, "totalOtherIncomeExpensesNet": -28427000, "incomeBeforeTax": 665647000, "incomeBeforeTaxRatio": 0.2102857074, "incomeTaxExpense": 243375000, "netIncome": 422225000, "netIncomeRatio": 0.1333858379, "eps": 3.9, "epsdiluted": 3.87, "weightedAverageShsOut": 107754000, "weightedAverageShsOutDil": 108570000, "link": "https://www.sec.gov/Archives/edgar/data/46765/000104746915008958/0001047469-15-008958-index.htm", "finalLink": "https://www.sec.gov/Archives/edgar/data/46765/000104746915008958/a2225827z10-k.htm", "calculatedOtherExpenses": 27526000, "calculatedOperatingExpenses": 178536000, "calculatedNetInterest": -9202000, "calculatedOtherIncome": -901000, "calculatedIncomeNonControlling": 47000, "calculatedEbitda": 1282742000}, {"date": "2014-09-30", "symbol": "HP", "reportedCurrency": "USD", "cik": "0000046765", "fillingDate": "2014-11-26", "acceptedDate": "2014-11-26 13:16:50", "calendarYear": "2014", "period": "FY", "revenue": 3719707000, "costOfRevenue": 2533461000, "grossProfit": 1186246000, "grossProfitRatio": 0.3189084517, "researchAndDevelopmentExpenses": 15905000, "generalAndAdministrativeExpenses": 135139000, "sellingAndMarketingExpenses": 0, "sellingGeneralAndAdministrativeExpenses": 135139000, "otherExpenses": -636000, "operatingExpenses": 151044000, "costAndExpenses": 2684505000, "interestIncome": 1583000, "interestExpense": 4654000, "depreciationAndAmortization": 523549000, "ebitda": 1559698000, "ebitdaratio": 0.419306682, "operatingIncome": 1054787000, "operatingIncomeRatio": 0.2835672272, "totalOtherIncomeExpensesNet": 64183000, "incomeBeforeTax": 1096314000, "incomeBeforeTaxRatio": 0.2947312786, "incomeTaxExpense": 387548000, "netIncome": 708719000, "netIncomeRatio": 0.1905308671, "eps": 6.54, "epsdiluted": 6.46, "weightedAverageShsOut": 107800000, "weightedAverageShsOutDil": 109141000, "link": "https://www.sec.gov/Archives/edgar/data/46765/000104746914009586/0001047469-14-009586-index.htm", "finalLink": "https://www.sec.gov/Archives/edgar/data/46765/000104746914009586/a2221412z10-k.htm", "calculatedOtherExpenses": -19585000, "calculatedOperatingExpenses": 131459000, "calculatedNetInterest": -3071000, "calculatedOtherIncome": 44598000, "calculatedIncomeNonControlling": 47000, "calculatedEbitda": 1578336000}, {"date": "2013-09-30", "symbol": "HP", "reportedCurrency": "USD", "cik": "0000046765", "fillingDate": "2013-11-27", "acceptedDate": "2013-11-27 12:35:49", "calendarYear": "2013", "period": "FY", "revenue": 3387614000, "costOfRevenue": 2308391000, "grossProfit": 1079223000, "grossProfitRatio": 0.3185790943, "researchAndDevelopmentExpenses": 15235000, "generalAndAdministrativeExpenses": 126250000, "sellingAndMarketingExpenses": 0, "sellingGeneralAndAdministrativeExpenses": 126250000, "otherExpenses": -9000, "operatingExpenses": 141485000, "costAndExpenses": 2449876000, "interestIncome": 1653000, "interestExpense": 6129000, "depreciationAndAmortization": 455623000, "ebitda": 1395005000, "ebitdaratio": 0.4117957359, "operatingIncome": 956661000, "operatingIncomeRatio": 0.2823996477, "totalOtherIncomeExpensesNet": 181035000, "incomeBeforeTax": 1114297000, "incomeBeforeTaxRatio": 0.3289326942, "incomeTaxExpense": 392844000, "netIncome": 736639000, "netIncomeRatio": 0.2174506895, "eps": 6.89, "epsdiluted": 6.79, "weightedAverageShsOut": 106286000, "weightedAverageShsOutDil": 107879000, "link": "https://www.sec.gov/Archives/edgar/data/46765/000104746913010895/0001047469-13-010895-index.htm", "finalLink": "https://www.sec.gov/Archives/edgar/data/46765/000104746913010895/a2217410z10-k.htm", "calculatedOtherExpenses": -18923000, "calculatedOperatingExpenses": 122562000, "calculatedNetInterest": -4476000, "calculatedOtherIncome": 162112000, "calculatedIncomeNonControlling": -15186000, "calculatedEbitda": 1412284000}, {"date": "2012-09-30", "symbol": "HP", "reportedCurrency": "USD", "cik": "0000046765", "fillingDate": "2012-11-21", "acceptedDate": "2012-11-21 13:40:55", "calendarYear": "2012", "period": "FY", "revenue": 3151802000, "costOfRevenue": 1750510000, "grossProfit": 1401292000, "grossProfitRatio": 0.4446002636, "researchAndDevelopmentExpenses": 16060000, "generalAndAdministrativeExpenses": 107307000, "sellingAndMarketingExpenses": 0, "sellingGeneralAndAdministrativeExpenses": 107307000, "otherExpenses": 387549000, "operatingExpenses": 510916000, "costAndExpenses": 2261426000, "interestIncome": 1380000, "interestExpense": 8653000, "depreciationAndAmortization": 387549000, "ebitda": 1279305000, "ebitdaratio": 0.4058963729, "operatingIncome": 890376000, "operatingIncomeRatio": 0.2824974411, "totalOtherIncomeExpensesNet": 19477000, "incomeBeforeTax": 902580000, "incomeBeforeTaxRatio": 0.2863695118, "incomeTaxExpense": 328971000, "netIncome": 581045000, "netIncomeRatio": 0.1843532684, "eps": 5.42, "epsdiluted": 5.34, "weightedAverageShsOut": 106819000, "weightedAverageShsOutDil": 108377000, "link": "https://www.sec.gov/Archives/edgar/data/46765/000104746912010732/0001047469-12-010732-index.htm", "finalLink": "https://www.sec.gov/Archives/edgar/data/46765/000104746912010732/a2211785z10-k.htm", "calculatedOtherExpenses": 387549000, "calculatedOperatingExpenses": 510916000, "calculatedNetInterest": -7273000, "calculatedOtherIncome": 19477000, "calculatedIncomeNonControlling": -7436000, "calculatedEbitda": 1277925000}, {"date": "2011-09-30", "symbol": "HP", "reportedCurrency": "USD", "cik": "0000046765", "fillingDate": "2011-11-23", "acceptedDate": "2011-11-23 09:48:51", "calendarYear": "2011", "period": "FY", "revenue": 2543894000, "costOfRevenue": 1432602000, "grossProfit": 1111292000, "grossProfitRatio": 0.4368468183, "researchAndDevelopmentExpenses": 15764000, "generalAndAdministrativeExpenses": 91452000, "sellingAndMarketingExpenses": 0, "sellingGeneralAndAdministrativeExpenses": 91452000, "otherExpenses": 301565000, "operatingExpenses": 408781000, "costAndExpenses": 1841383000, "interestIncome": 1951000, "interestExpense": 17355000, "depreciationAndAmortization": 315468000, "ebitda": 1019930000, "ebitdaratio": 0.400932586, "operatingIncome": 702511000, "operatingIncomeRatio": 0.2761557675, "totalOtherIncomeExpensesNet": -40000, "incomeBeforeTax": 687067000, "incomeBeforeTaxRatio": 0.2700847598, "incomeTaxExpense": 252399000, "netIncome": 434186000, "netIncomeRatio": 0.1706777091, "eps": 4.06, "epsdiluted": 3.99, "weightedAverageShsOut": 106643000, "weightedAverageShsOutDil": 108632000, "link": "https://www.sec.gov/Archives/edgar/data/46765/000104746911009738/0001047469-11-009738-index.htm", "finalLink": "https://www.sec.gov/Archives/edgar/data/46765/000104746911009738/a2206376z10-k.htm", "calculatedOtherExpenses": 301565000, "calculatedOperatingExpenses": 408781000, "calculatedNetInterest": -15404000, "calculatedOtherIncome": -40000, "calculatedIncomeNonControlling": 482000, "calculatedEbitda": 1017979000}, {"date": "2010-09-30", "symbol": "HP", "reportedCurrency": "USD", "cik": "0000046765", "fillingDate": "2010-11-24", "acceptedDate": "2010-11-24 13:06:26", "calendarYear": "2010", "period": "FY", "revenue": 1875162000, "costOfRevenue": 1071959000, "grossProfit": 803203000, "grossProfitRatio": 0.4283379249, "researchAndDevelopmentExpenses": 12262000, "generalAndAdministrativeExpenses": 81479000, "sellingAndMarketingExpenses": 0, "sellingGeneralAndAdministrativeExpenses": 81479000, "otherExpenses": 257666000, "operatingExpenses": 351407000, "costAndExpenses": 1423366000, "interestIncome": 1811000, "interestExpense": 17158000, "depreciationAndAmortization": 262658000, "ebitda": 716265000, "ebitdaratio": 0.3819749974, "operatingIncome": 451796000, "operatingIncomeRatio": 0.2409370497, "totalOtherIncomeExpensesNet": 1787000, "incomeBeforeTax": 438236000, "incomeBeforeTaxRatio": 0.2337056745, "incomeTaxExpense": 152155000, "netIncome": 156312000, "netIncomeRatio": 0.0833591978, "eps": 1.47, "epsdiluted": 0.77, "weightedAverageShsOut": 105814000, "weightedAverageShsOutDil": 107452000, "link": "https://www.sec.gov/Archives/edgar/data/46765/000104746910010040/0001047469-10-010040-index.htm", "finalLink": "https://www.sec.gov/Archives/edgar/data/46765/000104746910010040/a2200160z10-k.htm", "calculatedOtherExpenses": 257666000, "calculatedOperatingExpenses": 351407000, "calculatedNetInterest": -15347000, "calculatedOtherIncome": 1787000, "calculatedIncomeNonControlling": 129769000, "calculatedEbitda": 714454000}, {"date": "2009-09-30", "symbol": "HP", "reportedCurrency": "USD", "cik": "0000046765", "fillingDate": "2009-11-25", "acceptedDate": "2009-11-25 12:27:49", "calendarYear": "2009", "period": "FY", "revenue": 1894846000, "costOfRevenue": 1011558000, "grossProfit": 883288000, "grossProfitRatio": 0.4661529222, "researchAndDevelopmentExpenses": 9671000, "generalAndAdministrativeExpenses": 59413000, "sellingAndMarketingExpenses": 0, "sellingGeneralAndAdministrativeExpenses": 59413000, "otherExpenses": 229864000, "operatingExpenses": 298948000, "costAndExpenses": 1310506000, "interestIncome": 4965000, "interestExpense": 13490000, "depreciationAndAmortization": 236437000, "ebitda": 824934000, "ebitdaratio": 0.4353567519, "operatingIncome": 583532000, "operatingIncomeRatio": 0.3079574804, "totalOtherIncomeExpensesNet": 808000, "incomeBeforeTax": 575815000, "incomeBeforeTaxRatio": 0.303884854, "incomeTaxExpense": 232381000, "netIncome": 353545000, "netIncomeRatio": 0.1865824452, "eps": 3.36, "epsdiluted": 3.32, "weightedAverageShsOut": 105364000, "weightedAverageShsOutDil": 106650000, "link": "https://www.sec.gov/Archives/edgar/data/46765/000104746909010426/0001047469-09-010426-index.htm", "finalLink": "https://www.sec.gov/Archives/edgar/data/46765/000104746909010426/a2195618z10-k.htm", "calculatedOtherExpenses": 230672000, "calculatedOperatingExpenses": 299756000, "calculatedNetInterest": -8525000, "calculatedOtherIncome": 808000, "calculatedIncomeNonControlling": -10111000, "calculatedEbitda": 819969000}, {"date": "2008-09-30", "symbol": "HP", "reportedCurrency": "USD", "cik": "0000046765", "fillingDate": "2008-11-26", "acceptedDate": "2008-11-26 13:03:07", "calendarYear": "2008", "period": "FY", "revenue": 2036543000, "costOfRevenue": 1086666000, "grossProfit": 949877000, "grossProfitRatio": 0.4664163732, "researchAndDevelopmentExpenses": 1833000, "generalAndAdministrativeExpenses": 57059000, "sellingAndMarketingExpenses": 0, "sellingGeneralAndAdministrativeExpenses": 57059000, "otherExpenses": 187040000, "operatingExpenses": 245932000, "costAndExpenses": 1332598000, "interestIncome": 0, "interestExpense": 0, "depreciationAndAmortization": 210766000, "ebitda": 881350000, "ebitdaratio": 0.4327676852, "operatingIncome": 703945000, "operatingIncomeRatio": 0.3456568312, "totalOtherIncomeExpensesNet": 50727000, "incomeBeforeTax": 699929000, "incomeBeforeTaxRatio": 0.343684862, "incomeTaxExpense": 255557000, "netIncome": 461738000, "netIncomeRatio": 0.2267263691, "eps": 4.43, "epsdiluted": 4.34, "weightedAverageShsOut": 104284000, "weightedAverageShsOutDil": 106424000, "link": "https://www.sec.gov/Archives/edgar/data/46765/000104746908012608/0001047469-08-012608-index.htm", "finalLink": "https://www.sec.gov/Archives/edgar/data/46765/000104746908012608/a2189294z10-k.htm", "calculatedOtherExpenses": 187040000, "calculatedOperatingExpenses": 245932000, "calculatedNetInterest": 0, "calculatedOtherIncome": -4016000, "calculatedIncomeNonControlling": -17366000, "calculatedEbitda": 914711000}, {"date": "2007-09-30", "symbol": "HP", "reportedCurrency": "USD", "cik": "0000046765", "fillingDate": "2007-11-28", "acceptedDate": "2007-11-28 16:38:24", "calendarYear": "2007", "period": "FY", "revenue": 1629658000, "costOfRevenue": 862254000, "grossProfit": 767404000, "grossProfitRatio": 0.4708988021, "researchAndDevelopmentExpenses": 0, "generalAndAdministrativeExpenses": 47401000, "sellingAndMarketingExpenses": 0, "sellingGeneralAndAdministrativeExpenses": 47401000, "otherExpenses": 87684000, "operatingExpenses": 135085000, "costAndExpenses": 997339000, "interestIncome": 0, "interestExpense": 0, "depreciationAndAmortization": 146042000, "ebitda": 656077000, "ebitdaratio": 0.4025856959, "operatingIncome": 632319000, "operatingIncomeRatio": 0.388007177, "totalOtherIncomeExpensesNet": 132176000, "incomeBeforeTax": 690353000, "incomeBeforeTaxRatio": 0.4236183297, "incomeTaxExpense": 250984000, "netIncome": 449261000, "netIncomeRatio": 0.2756780871, "eps": 4.35, "epsdiluted": 4.27, "weightedAverageShsOut": 103338000, "weightedAverageShsOutDil": 105128000, "link": "https://www.sec.gov/Archives/edgar/data/46765/000104746907009574/0001047469-07-009574-index.htm", "finalLink": "https://www.sec.gov/Archives/edgar/data/46765/000104746907009574/a2181313z10-k.htm", "calculatedOtherExpenses": 87684000, "calculatedOperatingExpenses": 135085000, "calculatedNetInterest": 0, "calculatedOtherIncome": 58034000, "calculatedIncomeNonControlling": -9892000, "calculatedEbitda": 778361000}, {"date": "2006-09-30", "symbol": "HP", "reportedCurrency": "USD", "cik": "0000046765", "fillingDate": "2006-12-13", "acceptedDate": "2006-12-13 17:24:03", "calendarYear": "2006", "period": "FY", "revenue": 1224813000, "costOfRevenue": 661563000, "grossProfit": 563250000, "grossProfitRatio": 0.4598661183, "researchAndDevelopmentExpenses": 0, "generalAndAdministrativeExpenses": 51873000, "sellingAndMarketingExpenses": 0, "sellingGeneralAndAdministrativeExpenses": 51873000, "otherExpenses": 94091000, "operatingExpenses": 145964000, "costAndExpenses": 807527000, "interestIncome": 0, "interestExpense": 0, "depreciationAndAmortization": 101583000, "ebitda": 490872000, "ebitdaratio": 0.400773016, "operatingIncome": 417286000, "operatingIncomeRatio": 0.3406936406, "totalOtherIncomeExpensesNet": 35265000, "incomeBeforeTax": 440981000, "incomeBeforeTaxRatio": 0.3600394509, "incomeTaxExpense": 154391000, "netIncome": 293858000, "netIncomeRatio": 0.2399207063, "eps": 2.81, "epsdiluted": 2.77, "weightedAverageShsOut": 104658000, "weightedAverageShsOutDil": 106091000, "link": "https://www.sec.gov/Archives/edgar/data/46765/000104746906014971/0001047469-06-014971-index.htm", "finalLink": "https://www.sec.gov/Archives/edgar/data/46765/000104746906014971/a2175096z10-k.htm", "calculatedOtherExpenses": 94091000, "calculatedOperatingExpenses": 145964000, "calculatedNetInterest": 0, "calculatedOtherIncome": 23695000, "calculatedIncomeNonControlling": -7268000, "calculatedEbitda": 518869000}, {"date": "2005-09-30", "symbol": "HP", "reportedCurrency": "USD", "cik": "0000046765", "fillingDate": "2005-12-13", "acceptedDate": "2005-12-13 17:22:24", "calendarYear": "2005", "period": "FY", "revenue": 800726000, "costOfRevenue": 484231000, "grossProfit": 316495000, "grossProfitRatio": 0.3952600515, "researchAndDevelopmentExpenses": 0, "generalAndAdministrativeExpenses": 41015000, "sellingAndMarketingExpenses": 0, "sellingGeneralAndAdministrativeExpenses": 41015000, "otherExpenses": 96274000, "operatingExpenses": 137289000, "costAndExpenses": 621520000, "interestIncome": 0, "interestExpense": 0, "depreciationAndAmortization": 96300000, "ebitda": 235222000, "ebitdaratio": 0.293760912, "operatingIncome": 179206000, "operatingIncomeRatio": 0.2238043975, "totalOtherIncomeExpensesNet": 42696000, "incomeBeforeTax": 212657000, "incomeBeforeTaxRatio": 0.2655802359, "incomeTaxExpense": 87463000, "netIncome": 127606000, "netIncomeRatio": 0.1593628782, "eps": 0.63, "epsdiluted": 0.62, "weightedAverageShsOut": 204348000, "weightedAverageShsOutDil": 208132000, "link": "https://www.sec.gov/Archives/edgar/data/46765/000120677405002004/0001206774-05-002004-index.htm", "finalLink": "https://www.sec.gov/Archives/edgar/data/46765/000120677405002004/d18056.htm", "calculatedOtherExpenses": 96274000, "calculatedOperatingExpenses": 137289000, "calculatedNetInterest": 0, "calculatedOtherIncome": 33451000, "calculatedIncomeNonControlling": -2412000, "calculatedEbitda": 275506000}, {"date": "2004-09-30", "symbol": "HP", "reportedCurrency": "USD", "cik": "0000046765", "fillingDate": "2004-12-13", "acceptedDate": "2004-12-13 17:10:11", "calendarYear": "2004", "period": "FY", "revenue": 620928000, "costOfRevenue": 416631000, "grossProfit": 204297000, "grossProfitRatio": 0.3290188234, "researchAndDevelopmentExpenses": 0, "generalAndAdministrativeExpenses": 37661000, "sellingAndMarketingExpenses": 0, "sellingGeneralAndAdministrativeExpenses": 37661000, "otherExpenses": 94425000, "operatingExpenses": 132086000, "costAndExpenses": 548717000, "interestIncome": 0, "interestExpense": 0, "depreciationAndAmortization": 94435000, "ebitda": 190560000, "ebitdaratio": 0.3068954855, "operatingIncome": 72211000, "operatingIncomeRatio": 0.1162952871, "totalOtherIncomeExpensesNet": -23190000, "incomeBeforeTax": 8000000, "incomeBeforeTaxRatio": 0.0128839415, "incomeTaxExpense": 4365000, "netIncome": 4359000, "netIncomeRatio": 0.0070201376, "eps": 0.045, "epsdiluted": 0.045, "weightedAverageShsOut": 100624000, "weightedAverageShsOutDil": 101666000, "link": "https://www.sec.gov/Archives/edgar/data/46765/000095013404019175/0000950134-04-019175-index.htm", "finalLink": "https://www.sec.gov/Archives/edgar/data/46765/000095013404019175/d20886e10vk.htm", "calculatedOtherExpenses": 94425000, "calculatedOperatingExpenses": 132086000, "calculatedNetInterest": 0, "calculatedOtherIncome": -64211000, "calculatedIncomeNonControlling": -724000, "calculatedEbitda": 166646000}, {"date": "2003-09-30", "symbol": "HP", "reportedCurrency": "USD", "cik": "0000046765", "fillingDate": "2003-12-23", "acceptedDate": "2003-12-23 11:38:33", "calendarYear": "2003", "period": "FY", "revenue": 515284000, "costOfRevenue": 345537000, "grossProfit": 169747000, "grossProfitRatio": 0.3294241622, "researchAndDevelopmentExpenses": 0, "generalAndAdministrativeExpenses": 41003000, "sellingAndMarketingExpenses": 0, "sellingGeneralAndAdministrativeExpenses": 41003000, "otherExpenses": 82513000, "operatingExpenses": 123516000, "costAndExpenses": 469053000, "interestIncome": 0, "interestExpense": 0, "depreciationAndAmortization": 82693000, "ebitda": 120971000, "ebitdaratio": 0.2347656826, "operatingIncome": 46231000, "operatingIncomeRatio": 0.0897194557, "totalOtherIncomeExpensesNet": 6533000, "incomeBeforeTax": 33942000, "incomeBeforeTaxRatio": 0.0658704714, "incomeTaxExpense": 14649000, "netIncome": 17873000, "netIncomeRatio": 0.0346857267, "eps": 0.09, "epsdiluted": 0.09, "weightedAverageShsOut": 100032000, "weightedAverageShsOutDil": 101126000, "link": "https://www.sec.gov/Archives/edgar/data/46765/000095013403016996/0000950134-03-016996-index.htm", "finalLink": "https://www.sec.gov/Archives/edgar/data/46765/000095013403016996/d11352e10vk.htm", "calculatedOtherExpenses": 82513000, "calculatedOperatingExpenses": 123516000, "calculatedNetInterest": 0, "calculatedOtherIncome": -12289000, "calculatedIncomeNonControlling": 1420000, "calculatedEbitda": 128924000}, {"date": "2002-09-30", "symbol": "HP", "reportedCurrency": "USD", "cik": "0000046765", "fillingDate": "2002-12-23", "acceptedDate": "2002-12-23 15:11:15", "calendarYear": "2002", "period": "FY", "revenue": 510928000, "costOfRevenue": 336890000, "grossProfit": 174038000, "grossProfitRatio": 0.3406311653, "researchAndDevelopmentExpenses": 0, "generalAndAdministrativeExpenses": 20391000, "sellingAndMarketingExpenses": 0, "sellingGeneralAndAdministrativeExpenses": 20391000, "otherExpenses": 61447000, "operatingExpenses": 81838000, "costAndExpenses": 418728000, "interestIncome": 0, "interestExpense": 0, "depreciationAndAmortization": 62569000, "ebitda": 126325000, "ebitdaratio": 0.2472461873, "operatingIncome": 92200000, "operatingIncomeRatio": 0.1804559547, "totalOtherIncomeExpensesNet": 31503000, "incomeBeforeTax": 91220000, "incomeBeforeTaxRatio": 0.1785378762, "incomeTaxExpense": 40573000, "netIncome": 63517000, "netIncomeRatio": 0.1243169292, "eps": 0.27, "epsdiluted": 0.27, "weightedAverageShsOut": 99586000, "weightedAverageShsOutDil": 100612000, "link": "https://www.sec.gov/Archives/edgar/data/46765/000095013402015976/0000950134-02-015976-index.htm", "finalLink": "https://www.sec.gov/Archives/edgar/data/46765/000095013402015976/d02112e10vk.txt", "calculatedOtherExpenses": 61447000, "calculatedOperatingExpenses": 81838000, "calculatedNetInterest": 0, "calculatedOtherIncome": -980000, "calculatedIncomeNonControlling": -12870000, "calculatedEbitda": 154769000}, {"date": "2001-09-30", "symbol": "HP", "reportedCurrency": "USD", "cik": "0000046765", "fillingDate": "2001-12-27", "acceptedDate": "2001-12-27 00:00:00", "calendarYear": "2001", "period": "FY", "revenue": 826854000, "costOfRevenue": 447420000, "grossProfit": 379434000, "grossProfitRatio": 0.4588887518, "researchAndDevelopmentExpenses": 21724000, "generalAndAdministrativeExpenses": 15415000, "sellingAndMarketingExpenses": 0, "sellingGeneralAndAdministrativeExpenses": 15415000, "otherExpenses": 128949000, "operatingExpenses": 144364000, "costAndExpenses": 591784000, "interestIncome": 0, "interestExpense": -23955000, "depreciationAndAmortization": 88787000, "ebitda": 313265000, "ebitdaratio": 0.3788637414, "operatingIncome": 235070000, "operatingIncomeRatio": 0.2842944462, "totalOtherIncomeExpensesNet": 12771000, "incomeBeforeTax": 235102000, "incomeBeforeTaxRatio": 0.2843331471, "incomeTaxExpense": 93027000, "netIncome": 144254000, "netIncomeRatio": 0.1744612713, "eps": 0.81, "epsdiluted": 0.79, "weightedAverageShsOut": 100318000, "weightedAverageShsOutDil": 101882000, "link": "https://www.sec.gov/Archives/edgar/data/46765/000095013401509830/0000950134-01-509830-index.htm", "finalLink": "https://www.sec.gov/Archives/edgar/data/46765/000095013401509830/d93048e10-k.txt", "calculatedOtherExpenses": 107225000, "calculatedOperatingExpenses": 144364000, "calculatedNetInterest": 23955000, "calculatedOtherIncome": -23923000, "calculatedIncomeNonControlling": -2179000, "calculatedEbitda": 323857000}, {"date": "2000-09-30", "symbol": "HP", "reportedCurrency": "USD", "cik": "0000046765", "fillingDate": "2000-12-28", "acceptedDate": "2000-12-28 00:00:00", "calendarYear": "2000", "period": "FY", "revenue": 631095000, "costOfRevenue": 339625000, "grossProfit": 291470000, "grossProfitRatio": 0.4618480577, "researchAndDevelopmentExpenses": 0, "generalAndAdministrativeExpenses": 11578000, "sellingAndMarketingExpenses": 0, "sellingGeneralAndAdministrativeExpenses": 11578000, "otherExpenses": 140053000, "operatingExpenses": 151631000, "costAndExpenses": 491256000, "interestIncome": 0, "interestExpense": 0, "depreciationAndAmortization": 112386000, "ebitda": 220252000, "ebitdaratio": 0.3489997544, "operatingIncome": 139839000, "operatingIncomeRatio": 0.2215815369, "totalOtherIncomeExpensesNet": 35194000, "incomeBeforeTax": 136763000, "incomeBeforeTaxRatio": 0.2167074688, "incomeTaxExpense": 57684000, "netIncome": 82300000, "netIncomeRatio": 0.1304082587, "eps": 0.83, "epsdiluted": 0.82, "weightedAverageShsOut": 99068000, "weightedAverageShsOutDil": 100070000, "link": "https://www.sec.gov/Archives/edgar/data/46765/000095013400010771/0000950134-00-010771-index.htm", "finalLink": "https://www.sec.gov/Archives/edgar/data/46765/000095013400010771/d82779e10-k405.txt", "calculatedOtherExpenses": 140053000, "calculatedOperatingExpenses": 151631000, "calculatedNetInterest": 0, "calculatedOtherIncome": -3076000, "calculatedIncomeNonControlling": -3221000, "calculatedEbitda": 252225000}, {"date": "1999-09-30", "symbol": "HP", "reportedCurrency": "USD", "cik": "0000046765", "fillingDate": "1999-12-28", "acceptedDate": "1999-12-28 00:00:00", "calendarYear": "1999", "period": "FY", "revenue": 564300000, "costOfRevenue": 342500000, "grossProfit": 221800000, "grossProfitRatio": 0.3930533404, "researchAndDevelopmentExpenses": 0, "generalAndAdministrativeExpenses": 14200000, "sellingAndMarketingExpenses": 0, "sellingGeneralAndAdministrativeExpenses": 14200000, "otherExpenses": 136200000, "operatingExpenses": 150400000, "costAndExpenses": 492900000, "interestIncome": 0, "interestExpense": 0, "depreciationAndAmortization": 110700000, "ebitda": 178500000, "ebitdaratio": 0.3163211058, "operatingIncome": 71400000, "operatingIncomeRatio": 0.1265284423, "totalOtherIncomeExpensesNet": 3600000, "incomeBeforeTax": 68500000, "incomeBeforeTaxRatio": 0.1213893319, "incomeTaxExpense": 25700000, "netIncome": 42800000, "netIncomeRatio": 0.0758461811, "eps": 0.44, "epsdiluted": 0.43, "weightedAverageShsOut": 98486000, "weightedAverageShsOutDil": 99634000, "link": "https://www.sec.gov/Archives/edgar/data/46765/000095013499011418/0000950134-99-011418-index.html", "finalLink": "https://www.sec.gov/Archives/edgar/data/46765/000095013499011418/", "calculatedOtherExpenses": 136200000, "calculatedOperatingExpenses": 150400000, "calculatedNetInterest": 0, "calculatedOtherIncome": -2900000, "calculatedIncomeNonControlling": 0, "calculatedEbitda": 182100000}, {"date": "1998-09-30", "symbol": "HP", "reportedCurrency": "USD", "cik": "0000046765", "fillingDate": "1998-12-28", "acceptedDate": "1998-12-28 00:00:00", "calendarYear": "1998", "period": "FY", "revenue": 636600000, "costOfRevenue": 356300000, "grossProfit": 280300000, "grossProfitRatio": 0.4403078856, "researchAndDevelopmentExpenses": 0, "generalAndAdministrativeExpenses": 11800000, "sellingAndMarketingExpenses": 0, "sellingGeneralAndAdministrativeExpenses": 11800000, "otherExpenses": 115500000, "operatingExpenses": 127300000, "costAndExpenses": 483600000, "interestIncome": 0, "interestExpense": 0, "depreciationAndAmortization": 89800000, "ebitda": 237200000, "ebitdaratio": 0.3726044612, "operatingIncome": 153000000, "operatingIncomeRatio": 0.2403393025, "totalOtherIncomeExpensesNet": 5600000, "incomeBeforeTax": 157900000, "incomeBeforeTaxRatio": 0.2480364436, "incomeTaxExpense": 56700000, "netIncome": 101200000, "netIncomeRatio": 0.1589695256, "eps": 1.01, "epsdiluted": 1, "weightedAverageShsOut": 99896000, "weightedAverageShsOutDil": 101130000, "link": "https://www.sec.gov/Archives/edgar/data/46765/000095013498009926/0000950134-98-009926-index.html", "finalLink": "https://www.sec.gov/Archives/edgar/data/46765/", "calculatedOtherExpenses": 115500000, "calculatedOperatingExpenses": 127300000, "calculatedNetInterest": 0, "calculatedOtherIncome": 4900000, "calculatedIncomeNonControlling": 0, "calculatedEbitda": 242800000}, {"date": "1997-09-30", "symbol": "HP", "reportedCurrency": "USD", "cik": "0000046765", "fillingDate": "1997-12-23", "acceptedDate": "1997-12-23 00:00:00", "calendarYear": "1997", "period": "FY", "revenue": 517900000, "costOfRevenue": 283100000, "grossProfit": 234800000, "grossProfitRatio": 0.4533693763, "researchAndDevelopmentExpenses": 0, "generalAndAdministrativeExpenses": 9300000, "sellingAndMarketingExpenses": 0, "sellingGeneralAndAdministrativeExpenses": 9300000, "otherExpenses": 93800000, "operatingExpenses": 103100000, "costAndExpenses": 386200000, "interestIncome": 0, "interestExpense": 0, "depreciationAndAmortization": 72500000, "ebitda": 201900000, "ebitdaratio": 0.3898435992, "operatingIncome": 131700000, "operatingIncomeRatio": 0.2542961962, "totalOtherIncomeExpensesNet": 2300000, "incomeBeforeTax": 129700000, "incomeBeforeTaxRatio": 0.2504344468, "incomeTaxExpense": 45500000, "netIncome": 84200000, "netIncomeRatio": 0.1625796486, "eps": 0.21, "epsdiluted": 0.21, "weightedAverageShsOut": 100056000, "weightedAverageShsOutDil": 100056000, "link": "https://www.sec.gov/Archives/edgar/data/46765/000095013497009511/0000950134-97-009511-index.html", "finalLink": "https://www.sec.gov/Archives/edgar/data/46765/", "calculatedOtherExpenses": 93800000, "calculatedOperatingExpenses": 103100000, "calculatedNetInterest": 0, "calculatedOtherIncome": -2000000, "calculatedIncomeNonControlling": 0, "calculatedEbitda": 204200000}, {"date": "1996-09-30", "symbol": "HP", "reportedCurrency": "USD", "cik": "0000046765", "fillingDate": "1996-12-27", "acceptedDate": "1996-12-27 00:00:00", "calendarYear": "1996", "period": "FY", "revenue": 387500000, "costOfRevenue": 235900000, "grossProfit": 151600000, "grossProfitRatio": 0.3912258065, "researchAndDevelopmentExpenses": 0, "generalAndAdministrativeExpenses": 9100000, "sellingAndMarketingExpenses": 0, "sellingGeneralAndAdministrativeExpenses": 9100000, "otherExpenses": 78000000, "operatingExpenses": 87100000, "costAndExpenses": 323000000, "interestIncome": 0, "interestExpense": 0, "depreciationAndAmortization": 61100000, "ebitda": 118100000, "ebitdaratio": 0.3047741935, "operatingIncome": 64500000, "operatingIncomeRatio": 0.1664516129, "totalOtherIncomeExpensesNet": 7500000, "incomeBeforeTax": 71200000, "incomeBeforeTaxRatio": 0.1837419355, "incomeTaxExpense": 25800000, "netIncome": 72500000, "netIncomeRatio": 0.1870967742, "eps": 0.18, "epsdiluted": 0.18, "weightedAverageShsOut": 394656000, "weightedAverageShsOutDil": 394656000, "link": "https://www.sec.gov/Archives/edgar/data/46765/000095013496007092/0000950134-96-007092-index.html", "finalLink": "https://www.sec.gov/Archives/edgar/data/46765/", "calculatedOtherExpenses": 78000000, "calculatedOperatingExpenses": 87100000, "calculatedNetInterest": 0, "calculatedOtherIncome": 6700000, "calculatedIncomeNonControlling": -27100000, "calculatedEbitda": 125600000}, {"date": "1995-09-30", "symbol": "HP", "reportedCurrency": "USD", "cik": "0000046765", "fillingDate": "1995-12-22", "acceptedDate": "1995-12-22 00:00:00", "calendarYear": "1995", "period": "FY", "revenue": 325800000, "costOfRevenue": 210300000, "grossProfit": 115500000, "grossProfitRatio": 0.3545119705, "researchAndDevelopmentExpenses": 0, "generalAndAdministrativeExpenses": 8800000, "sellingAndMarketingExpenses": 0, "sellingGeneralAndAdministrativeExpenses": 8800000, "otherExpenses": 92500000, "operatingExpenses": 101300000, "costAndExpenses": 311600000, "interestIncome": 0, "interestExpense": 0, "depreciationAndAmortization": 77100000, "ebitda": 90200000, "ebitdaratio": 0.2768569675, "operatingIncome": 14200000, "operatingIncomeRatio": 0.0435850215, "totalOtherIncomeExpensesNet": 1100000, "incomeBeforeTax": 14800000, "incomeBeforeTaxRatio": 0.0454266421, "incomeTaxExpense": 5000000, "netIncome": 9800000, "netIncomeRatio": 0.0300798036, "eps": 0.025, "epsdiluted": 0.025, "weightedAverageShsOut": 99060000, "weightedAverageShsOutDil": 99060000, "link": "https://www.sec.gov/Archives/edgar/data/46765/000095013495003420/0000950134-95-003420-index.html", "finalLink": "https://www.sec.gov/Archives/edgar/data/46765/", "calculatedOtherExpenses": 92500000, "calculatedOperatingExpenses": 101300000, "calculatedNetInterest": 0, "calculatedOtherIncome": 600000, "calculatedIncomeNonControlling": 0, "calculatedEbitda": 91300000}, {"date": "1994-09-30", "symbol": "HP", "reportedCurrency": "USD", "cik": "0000046765", "fillingDate": "1994-12-22", "acceptedDate": "1994-12-22 00:00:00", "calendarYear": "1994", "period": "FY", "revenue": 329000000, "costOfRevenue": 223800000, "grossProfit": 105200000, "grossProfitRatio": 0.3197568389, "researchAndDevelopmentExpenses": 0, "generalAndAdministrativeExpenses": 8900000, "sellingAndMarketingExpenses": 0, "sellingGeneralAndAdministrativeExpenses": 8900000, "otherExpenses": 65600000, "operatingExpenses": 74500000, "costAndExpenses": 298300000, "interestIncome": 0, "interestExpense": 0, "depreciationAndAmortization": 50100000, "ebitda": 79900000, "ebitdaratio": 0.2428571429, "operatingIncome": 30700000, "operatingIncomeRatio": 0.0933130699, "totalOtherIncomeExpensesNet": 900000, "incomeBeforeTax": 31200000, "incomeBeforeTaxRatio": 0.0948328267, "incomeTaxExpense": 10200000, "netIncome": 25000000, "netIncomeRatio": 0.0759878419, "eps": 0.0738, "epsdiluted": 0.0738, "weightedAverageShsOut": 98840000, "weightedAverageShsOutDil": 98840000, "link": "https://www.sec.gov/Archives/edgar/data/46765/000095013494001530/0000950134-94-001530-index.html", "finalLink": "https://www.sec.gov/Archives/edgar/data/46765/", "calculatedOtherExpenses": 65600000, "calculatedOperatingExpenses": 74500000, "calculatedNetInterest": 0, "calculatedOtherIncome": 500000, "calculatedIncomeNonControlling": -4000000, "calculatedEbitda": 80800000}, {"date": "1993-09-30", "symbol": "HP", "reportedCurrency": "USD", "cik": "0000046765", "fillingDate": "1993-09-30", "acceptedDate": "1993-09-29 20:00:00", "calendarYear": "1993", "period": "FY", "revenue": 315100000, "costOfRevenue": 201700000, "grossProfit": 113400000, "grossProfitRatio": 0.3598857506, "researchAndDevelopmentExpenses": 0, "generalAndAdministrativeExpenses": 0, "sellingAndMarketingExpenses": 0, "sellingGeneralAndAdministrativeExpenses": 6800000, "otherExpenses": 63300000, "operatingExpenses": 70100000, "costAndExpenses": 271800000, "interestIncome": 0, "interestExpense": 0, "depreciationAndAmortization": 48600000, "ebitda": 91900000, "ebitdaratio": 0.2916534434, "operatingIncome": 43300000, "operatingIncomeRatio": 0.1374166931, "totalOtherIncomeExpensesNet": -1300000, "incomeBeforeTax": 42000000, "incomeBeforeTaxRatio": 0.1332910187, "incomeTaxExpense": 17400000, "netIncome": 24600000, "netIncomeRatio": 0.0780704538, "eps": 0.0638, "epsdiluted": 0.0625, "weightedAverageShsOut": 98548000, "weightedAverageShsOutDil": 98548000, "link": "", "finalLink": "", "calculatedOtherExpenses": 63300000, "calculatedOperatingExpenses": 70100000, "calculatedNetInterest": 0, "calculatedOtherIncome": -1300000, "calculatedIncomeNonControlling": 0, "calculatedEbitda": 91900000}, {"date": "1992-09-30", "symbol": "HP", "reportedCurrency": "USD", "cik": "0000046765", "fillingDate": "1992-09-30", "acceptedDate": "1992-09-29 20:00:00", "calendarYear": "1992", "period": "FY", "revenue": 239700000, "costOfRevenue": 149000000, "grossProfit": 90700000, "grossProfitRatio": 0.3783896537, "researchAndDevelopmentExpenses": 0, "generalAndAdministrativeExpenses": 0, "sellingAndMarketingExpenses": 0, "sellingGeneralAndAdministrativeExpenses": 6800000, "otherExpenses": 59200000, "operatingExpenses": 66000000, "costAndExpenses": 215000000, "interestIncome": 0, "interestExpense": 0, "depreciationAndAmortization": 47700000, "ebitda": 77000000, "ebitdaratio": 0.3212348769, "operatingIncome": 24700000, "operatingIncomeRatio": 0.1030454735, "totalOtherIncomeExpensesNet": -4600000, "incomeBeforeTax": 19400000, "incomeBeforeTaxRatio": 0.0809345015, "incomeTaxExpense": 8600000, "netIncome": 10800000, "netIncomeRatio": 0.0450563204, "eps": 0.0275, "epsdiluted": 0.0275, "weightedAverageShsOut": 98304000, "weightedAverageShsOutDil": 98304000, "link": "", "finalLink": "", "calculatedOtherExpenses": 59200000, "calculatedOperatingExpenses": 66000000, "calculatedNetInterest": 0, "calculatedOtherIncome": -5300000, "calculatedIncomeNonControlling": 0, "calculatedEbitda": 72400000}, {"date": "1991-09-30", "symbol": "HP", "reportedCurrency": "USD", "cik": "0000046765", "fillingDate": "1991-09-30", "acceptedDate": "1991-09-29 20:00:00", "calendarYear": "1991", "period": "FY", "revenue": 190400000, "costOfRevenue": 111800000, "grossProfit": 78600000, "grossProfitRatio": 0.4128151261, "researchAndDevelopmentExpenses": 0, "generalAndAdministrativeExpenses": 0, "sellingAndMarketingExpenses": 0, "sellingGeneralAndAdministrativeExpenses": 13600000, "otherExpenses": 53100000, "operatingExpenses": 66700000, "costAndExpenses": 178500000, "interestIncome": 0, "interestExpense": 0, "depreciationAndAmortization": 40300000, "ebitda": 30200000, "ebitdaratio": 0.1586134454, "operatingIncome": 11900000, "operatingIncomeRatio": 0.0625, "totalOtherIncomeExpensesNet": 22000000, "incomeBeforeTax": 33500000, "incomeBeforeTaxRatio": 0.1759453782, "incomeTaxExpense": 12300000, "netIncome": 21200000, "netIncomeRatio": 0.1113445378, "eps": 0.055, "epsdiluted": 0.055, "weightedAverageShsOut": 107056000, "weightedAverageShsOutDil": 107056000, "link": "", "finalLink": "", "calculatedOtherExpenses": 53100000, "calculatedOperatingExpenses": 66700000, "calculatedNetInterest": 0, "calculatedOtherIncome": 21600000, "calculatedIncomeNonControlling": 0, "calculatedEbitda": 52200000}, {"date": "1990-09-30", "symbol": "HP", "reportedCurrency": "USD", "cik": "0000046765", "fillingDate": "1990-09-30", "acceptedDate": "1990-09-29 20:00:00", "calendarYear": "1990", "period": "FY", "revenue": 238500000, "costOfRevenue": 109100000, "grossProfit": 129400000, "grossProfitRatio": 0.542557652, "researchAndDevelopmentExpenses": 0, "generalAndAdministrativeExpenses": 0, "sellingAndMarketingExpenses": 0, "sellingGeneralAndAdministrativeExpenses": 6800000, "otherExpenses": 55000000, "operatingExpenses": 61800000, "costAndExpenses": 170900000, "interestIncome": 0, "interestExpense": 0, "depreciationAndAmortization": 41600000, "ebitda": 106100000, "ebitdaratio": 0.4448637317, "operatingIncome": 67600000, "operatingIncomeRatio": 0.2834381551, "totalOtherIncomeExpensesNet": 3100000, "incomeBeforeTax": 69800000, "incomeBeforeTaxRatio": 0.2926624738, "incomeTaxExpense": 22200000, "netIncome": 47600000, "netIncomeRatio": 0.1995807128, "eps": 0.12, "epsdiluted": 0.12, "weightedAverageShsOut": 97940000, "weightedAverageShsOutDil": 97940000, "link": "", "finalLink": "", "calculatedOtherExpenses": 55000000, "calculatedOperatingExpenses": 61800000, "calculatedNetInterest": 0, "calculatedOtherIncome": 2200000, "calculatedIncomeNonControlling": 0, "calculatedEbitda": 109200000}, {"date": "1989-09-30", "symbol": "HP", "reportedCurrency": "USD", "cik": "0000046765", "fillingDate": "1989-09-30", "acceptedDate": "1989-09-29 20:00:00", "calendarYear": "1989", "period": "FY", "revenue": 171200000, "costOfRevenue": 77300000, "grossProfit": 93900000, "grossProfitRatio": 0.5484813084, "researchAndDevelopmentExpenses": 0, "generalAndAdministrativeExpenses": 0, "sellingAndMarketingExpenses": 0, "sellingGeneralAndAdministrativeExpenses": 4200000, "otherExpenses": 51400000, "operatingExpenses": 55600000, "costAndExpenses": 132900000, "interestIncome": 0, "interestExpense": 0, "depreciationAndAmortization": 41700000, "ebitda": 79900000, "ebitdaratio": 0.4667056075, "operatingIncome": 38300000, "operatingIncomeRatio": 0.2237149533, "totalOtherIncomeExpensesNet": 100000, "incomeBeforeTax": 32500000, "incomeBeforeTaxRatio": 0.1898364486, "incomeTaxExpense": 9800000, "netIncome": 22700000, "netIncomeRatio": 0.1325934579, "eps": 0.0588, "epsdiluted": 0.0588, "weightedAverageShsOut": 96688000, "weightedAverageShsOutDil": 96688000, "link": "", "finalLink": "", "calculatedOtherExpenses": 51400000, "calculatedOperatingExpenses": 55600000, "calculatedNetInterest": 0, "calculatedOtherIncome": -5800000, "calculatedIncomeNonControlling": 0, "calculatedEbitda": 80000000}, {"date": "1988-09-30", "symbol": "HP", "reportedCurrency": "USD", "cik": "0000046765", "fillingDate": "1988-09-30", "acceptedDate": "1988-09-29 20:00:00", "calendarYear": "1988", "period": "FY", "revenue": 155900000, "costOfRevenue": 70500000, "grossProfit": 85400000, "grossProfitRatio": 0.547787043, "researchAndDevelopmentExpenses": 0, "generalAndAdministrativeExpenses": 0, "sellingAndMarketingExpenses": 0, "sellingGeneralAndAdministrativeExpenses": 6300000, "otherExpenses": 46300000, "operatingExpenses": 52600000, "costAndExpenses": 123100000, "interestIncome": 0, "interestExpense": 0, "depreciationAndAmortization": 37600000, "ebitda": 70400000, "ebitdaratio": 0.4515715202, "operatingIncome": 32800000, "operatingIncomeRatio": 0.2103912765, "totalOtherIncomeExpensesNet": -6300000, "incomeBeforeTax": 26500000, "incomeBeforeTaxRatio": 0.1699807569, "incomeTaxExpense": 6300000, "netIncome": 20200000, "netIncomeRatio": 0.1295702373, "eps": 0.0525, "epsdiluted": 0.0525, "weightedAverageShsOut": 107056000, "weightedAverageShsOutDil": 107056000, "link": "", "finalLink": "", "calculatedOtherExpenses": 46300000, "calculatedOperatingExpenses": 52600000, "calculatedNetInterest": 0, "calculatedOtherIncome": -6300000, "calculatedIncomeNonControlling": 0, "calculatedEbitda": 70400000}, {"date": "1987-09-30", "symbol": "HP", "reportedCurrency": "USD", "cik": "0000046765", "fillingDate": "1987-09-30", "acceptedDate": "1987-09-29 20:00:00", "calendarYear": "1987", "period": "FY", "revenue": 153900000, "costOfRevenue": 61500000, "grossProfit": 92400000, "grossProfitRatio": 0.6003898635, "researchAndDevelopmentExpenses": 0, "generalAndAdministrativeExpenses": 0, "sellingAndMarketingExpenses": 0, "sellingGeneralAndAdministrativeExpenses": 11600000, "otherExpenses": 42000000, "operatingExpenses": 53600000, "costAndExpenses": 115100000, "interestIncome": 0, "interestExpense": 0, "depreciationAndAmortization": 34200000, "ebitda": 73000000, "ebitdaratio": 0.4743339831, "operatingIncome": 38800000, "operatingIncomeRatio": 0.2521117609, "totalOtherIncomeExpensesNet": -6700000, "incomeBeforeTax": 32100000, "incomeBeforeTaxRatio": 0.2085769981, "incomeTaxExpense": 10100000, "netIncome": 22000000, "netIncomeRatio": 0.1429499675, "eps": 0.0575, "epsdiluted": 0.0575, "weightedAverageShsOut": 107056000, "weightedAverageShsOutDil": 107056000, "link": "", "finalLink": "", "calculatedOtherExpenses": 42000000, "calculatedOperatingExpenses": 53600000, "calculatedNetInterest": 0, "calculatedOtherIncome": -6700000, "calculatedIncomeNonControlling": 0, "calculatedEbitda": 73000000}, {"date": "1986-09-30", "symbol": "HP", "reportedCurrency": "USD", "cik": "0000046765", "fillingDate": "1986-09-30", "acceptedDate": "1986-09-29 20:00:00", "calendarYear": "1986", "period": "FY", "revenue": 160400000, "costOfRevenue": 65100000, "grossProfit": 95300000, "grossProfitRatio": 0.5941396509, "researchAndDevelopmentExpenses": 0, "generalAndAdministrativeExpenses": 0, "sellingAndMarketingExpenses": 0, "sellingGeneralAndAdministrativeExpenses": 34600000, "otherExpenses": 49700000, "operatingExpenses": 84300000, "costAndExpenses": 149400000, "interestIncome": 0, "interestExpense": 0, "depreciationAndAmortization": 38500000, "ebitda": 49500000, "ebitdaratio": 0.3086034913, "operatingIncome": 11000000, "operatingIncomeRatio": 0.0685785536, "totalOtherIncomeExpensesNet": -8400000, "incomeBeforeTax": 2600000, "incomeBeforeTaxRatio": 0.0162094763, "incomeTaxExpense": -4400000, "netIncome": 7000000, "netIncomeRatio": 0.0436408978, "eps": 0.0175, "epsdiluted": 0.0175, "weightedAverageShsOut": 106944000, "weightedAverageShsOutDil": 106944000, "link": "", "finalLink": "", "calculatedOtherExpenses": 49700000, "calculatedOperatingExpenses": 84300000, "calculatedNetInterest": 0, "calculatedOtherIncome": -8400000, "calculatedIncomeNonControlling": 0, "calculatedEbitda": 49500000}, {"date": "1985-09-30", "symbol": "HP", "reportedCurrency": "USD", "cik": "0000046765", "fillingDate": "1985-09-30", "acceptedDate": "1985-09-29 20:00:00", "calendarYear": "1985", "period": "FY", "revenue": 168800000, "costOfRevenue": 103600000, "grossProfit": 65200000, "grossProfitRatio": 0.3862559242, "researchAndDevelopmentExpenses": 0, "generalAndAdministrativeExpenses": 0, "sellingAndMarketingExpenses": 0, "sellingGeneralAndAdministrativeExpenses": 4200000, "otherExpenses": 53100000, "operatingExpenses": 57300000, "costAndExpenses": 160900000, "interestIncome": 0, "interestExpense": 0, "depreciationAndAmortization": 40400000, "ebitda": 25100000, "ebitdaratio": 0.1486966825, "operatingIncome": 7900000, "operatingIncomeRatio": 0.0468009479, "totalOtherIncomeExpensesNet": 23200000, "incomeBeforeTax": 24200000, "incomeBeforeTaxRatio": 0.1433649289, "incomeTaxExpense": 5700000, "netIncome": 18500000, "netIncomeRatio": 0.1095971564, "eps": 0.0463, "epsdiluted": 0.0463, "weightedAverageShsOut": 100584000, "weightedAverageShsOutDil": 100584000, "link": "", "finalLink": "", "calculatedOtherExpenses": 53100000, "calculatedOperatingExpenses": 57300000, "calculatedNetInterest": 0, "calculatedOtherIncome": 16300000, "calculatedIncomeNonControlling": 0, "calculatedEbitda": 48300000}]}