{"originalCurrency": "USD", "convertedCurrency": "USD", "report": [{"date": "2023-10-31", "symbol": "HPE", "reportedCurrency": "USD", "cik": "0001645590", "fillingDate": "2023-12-22", "acceptedDate": "2023-12-22 08:19:13", "calendarYear": "2023", "period": "FY", "revenue": 29135000000, "costOfRevenue": 18896000000, "grossProfit": 10239000000, "grossProfitRatio": 0.3514329844, "researchAndDevelopmentExpenses": 2349000000, "generalAndAdministrativeExpenses": 0, "sellingAndMarketingExpenses": 0, "sellingGeneralAndAdministrativeExpenses": 5160000000, "otherExpenses": -3000000, "operatingExpenses": 7742000000, "costAndExpenses": 26638000000, "interestIncome": 138000000, "interestExpense": 156000000, "depreciationAndAmortization": 2616000000, "ebitda": 5355000000, "ebitdaratio": 0.1837995538, "operatingIncome": 2089000000, "operatingIncomeRatio": 0.0717007036, "totalOtherIncomeExpensesNet": -111000000, "incomeBeforeTax": 2230000000, "incomeBeforeTaxRatio": 0.0765402437, "incomeTaxExpense": 205000000, "netIncome": 2025000000, "netIncomeRatio": 0.069504033, "eps": 1.56, "epsdiluted": 1.54, "weightedAverageShsOut": 1299000000, "weightedAverageShsOutDil": 1316000000, "link": "https://www.sec.gov/Archives/edgar/data/1645590/000164559023000117/0001645590-23-000117-index.htm", "finalLink": "https://www.sec.gov/Archives/edgar/data/1645590/000164559023000117/hpe-20231031.htm", "calculatedOtherExpenses": 641000000, "calculatedOperatingExpenses": 8150000000, "calculatedNetInterest": -18000000, "calculatedOtherIncome": 159000000, "calculatedIncomeNonControlling": 0, "calculatedEbitda": 4705000000}, {"date": "2022-10-31", "symbol": "HPE", "reportedCurrency": "USD", "cik": "0001645590", "fillingDate": "2022-12-08", "acceptedDate": "2022-12-08 17:02:05", "calendarYear": "2022", "period": "FY", "revenue": 28496000000, "costOfRevenue": 18990000000, "grossProfit": 9506000000, "grossProfitRatio": 0.3335906794, "researchAndDevelopmentExpenses": 2045000000, "generalAndAdministrativeExpenses": 0, "sellingAndMarketingExpenses": 0, "sellingGeneralAndAdministrativeExpenses": 4941000000, "otherExpenses": 360000000, "operatingExpenses": 7346000000, "costAndExpenses": 26336000000, "interestIncome": 221000000, "interestExpense": 188000000, "depreciationAndAmortization": 2480000000, "ebitda": 6085000000, "ebitdaratio": 0.2135387423, "operatingIncome": 3605000000, "operatingIncomeRatio": 0.1265089837, "totalOtherIncomeExpensesNet": -2729000000, "incomeBeforeTax": 876000000, "incomeBeforeTaxRatio": 0.0307411567, "incomeTaxExpense": 8000000, "netIncome": 868000000, "netIncomeRatio": 0.0304604155, "eps": 0.67, "epsdiluted": 0.66, "weightedAverageShsOut": 1303000000, "weightedAverageShsOutDil": 1322000000, "link": "https://www.sec.gov/Archives/edgar/data/1645590/000164559022000071/0001645590-22-000071-index.htm", "finalLink": "https://www.sec.gov/Archives/edgar/data/1645590/000164559022000071/hpe-20221031.htm", "calculatedOtherExpenses": -1085000000, "calculatedOperatingExpenses": 5901000000, "calculatedNetInterest": 33000000, "calculatedOtherIncome": -2762000000, "calculatedIncomeNonControlling": 0, "calculatedEbitda": 6085000000}, {"date": "2021-10-31", "symbol": "HPE", "reportedCurrency": "USD", "cik": "0001645590", "fillingDate": "2021-12-10", "acceptedDate": "2021-12-10 07:41:42", "calendarYear": "2021", "period": "FY", "revenue": 27784000000, "costOfRevenue": 18408000000, "grossProfit": 9376000000, "grossProfitRatio": 0.3374604089, "researchAndDevelopmentExpenses": 1979000000, "generalAndAdministrativeExpenses": 0, "sellingAndMarketingExpenses": 0, "sellingGeneralAndAdministrativeExpenses": 4929000000, "otherExpenses": 289000000, "operatingExpenses": 7197000000, "costAndExpenses": 25605000000, "interestIncome": 271000000, "interestExpense": 211000000, "depreciationAndAmortization": 2597000000, "ebitda": 5026000000, "ebitdaratio": 0.1808954794, "operatingIncome": 2429000000, "operatingIncomeRatio": 0.0874244169, "totalOtherIncomeExpensesNet": 1158000000, "incomeBeforeTax": 3587000000, "incomeBeforeTaxRatio": 0.1291030809, "incomeTaxExpense": 160000000, "netIncome": 3427000000, "netIncomeRatio": 0.1233443709, "eps": 2.62, "epsdiluted": 2.58, "weightedAverageShsOut": 1309000000, "weightedAverageShsOutDil": 1330000000, "link": "https://www.sec.gov/Archives/edgar/data/1645590/000164559021000068/0001645590-21-000068-index.htm", "finalLink": "https://www.sec.gov/Archives/edgar/data/1645590/000164559021000068/hpe-20211031.htm", "calculatedOtherExpenses": 39000000, "calculatedOperatingExpenses": 6947000000, "calculatedNetInterest": 60000000, "calculatedOtherIncome": 1098000000, "calculatedIncomeNonControlling": 0, "calculatedEbitda": 5026000000}, {"date": "2020-10-31", "symbol": "HPE", "reportedCurrency": "USD", "cik": "0001645590", "fillingDate": "2020-12-10", "acceptedDate": "2020-12-10 17:09:38", "calendarYear": "2020", "period": "FY", "revenue": 26982000000, "costOfRevenue": 18513000000, "grossProfit": 8469000000, "grossProfitRatio": 0.3138759173, "researchAndDevelopmentExpenses": 1874000000, "generalAndAdministrativeExpenses": 0, "sellingAndMarketingExpenses": 0, "sellingGeneralAndAdministrativeExpenses": 4624000000, "otherExpenses": 480000000, "operatingExpenses": 6978000000, "costAndExpenses": 25491000000, "interestIncome": 288000000, "interestExpense": 256000000, "depreciationAndAmortization": 2625000000, "ebitda": 6037000000, "ebitdaratio": 0.2237417538, "operatingIncome": 3412000000, "operatingIncomeRatio": 0.1264546735, "totalOtherIncomeExpensesNet": -3854000000, "incomeBeforeTax": -442000000, "incomeBeforeTaxRatio": -0.0163812912, "incomeTaxExpense": -120000000, "netIncome": -322000000, "netIncomeRatio": -0.0119338818, "eps": -0.25, "epsdiluted": -0.25, "weightedAverageShsOut": 1294000000, "weightedAverageShsOutDil": 1294000000, "link": "https://www.sec.gov/Archives/edgar/data/1645590/000164559020000056/0001645590-20-000056-index.htm", "finalLink": "https://www.sec.gov/Archives/edgar/data/1645590/000164559020000056/hpe-20201031.htm", "calculatedOtherExpenses": -1441000000, "calculatedOperatingExpenses": 5057000000, "calculatedNetInterest": 32000000, "calculatedOtherIncome": -3886000000, "calculatedIncomeNonControlling": 0, "calculatedEbitda": 6037000000}, {"date": "2019-10-31", "symbol": "HPE", "reportedCurrency": "USD", "cik": "0001645590", "fillingDate": "2019-12-13", "acceptedDate": "2019-12-12 17:49:10", "calendarYear": "2019", "period": "FY", "revenue": 29135000000, "costOfRevenue": 19642000000, "grossProfit": 9493000000, "grossProfitRatio": 0.3258280419, "researchAndDevelopmentExpenses": 1842000000, "generalAndAdministrativeExpenses": 4907000000, "sellingAndMarketingExpenses": 0, "sellingGeneralAndAdministrativeExpenses": 4907000000, "otherExpenses": -110000000, "operatingExpenses": 6639000000, "costAndExpenses": 26281000000, "interestIncome": 247000000, "interestExpense": 315000000, "depreciationAndAmortization": 2535000000, "ebitda": 6592000000, "ebitdaratio": 0.2262570791, "operatingIncome": 4057000000, "operatingIncomeRatio": 0.1392483268, "totalOtherIncomeExpensesNet": -2504000000, "incomeBeforeTax": 1553000000, "incomeBeforeTaxRatio": 0.0533035868, "incomeTaxExpense": 504000000, "netIncome": 1049000000, "netIncomeRatio": 0.0360048052, "eps": 0.78, "epsdiluted": 0.77, "weightedAverageShsOut": 1353000000, "weightedAverageShsOutDil": 1366000000, "link": "https://www.sec.gov/Archives/edgar/data/1645590/000164559019000044/0001645590-19-000044-index.htm", "finalLink": "https://www.sec.gov/Archives/edgar/data/1645590/000164559019000044/hpe-10312019x10k.htm", "calculatedOtherExpenses": -1313000000, "calculatedOperatingExpenses": 5436000000, "calculatedNetInterest": -68000000, "calculatedOtherIncome": -2436000000, "calculatedIncomeNonControlling": 0, "calculatedEbitda": 6592000000}, {"date": "2018-10-31", "symbol": "HPE", "reportedCurrency": "USD", "cik": "0001645590", "fillingDate": "2018-12-12", "acceptedDate": "2018-12-12 17:19:51", "calendarYear": "2018", "period": "FY", "revenue": 30852000000, "costOfRevenue": 21560000000, "grossProfit": 9292000000, "grossProfitRatio": 0.3011798263, "researchAndDevelopmentExpenses": 1663000000, "generalAndAdministrativeExpenses": 4851000000, "sellingAndMarketingExpenses": 0, "sellingGeneralAndAdministrativeExpenses": 4851000000, "otherExpenses": 1648000000, "operatingExpenses": 8162000000, "costAndExpenses": 29722000000, "interestIncome": 0, "interestExpense": 1592000000, "depreciationAndAmortization": 2576000000, "ebitda": 4332000000, "ebitdaratio": 0.1404122909, "operatingIncome": 1858000000, "operatingIncomeRatio": 0.0602230001, "totalOtherIncomeExpensesNet": -588000000, "incomeBeforeTax": 268000000, "incomeBeforeTaxRatio": 0.008686633, "incomeTaxExpense": -1744000000, "netIncome": 1908000000, "netIncomeRatio": 0.0618436406, "eps": 1.25, "epsdiluted": 1.23, "weightedAverageShsOut": 1529000000, "weightedAverageShsOutDil": 1553000000, "link": "https://www.sec.gov/Archives/edgar/data/1645590/000162828018015054/0001628280-18-015054-index.htm", "finalLink": "https://www.sec.gov/Archives/edgar/data/1645590/000162828018015054/hpe-10312018x10k.htm", "calculatedOtherExpenses": 920000000, "calculatedOperatingExpenses": 7434000000, "calculatedNetInterest": -1592000000, "calculatedOtherIncome": 2000000, "calculatedIncomeNonControlling": 104000000, "calculatedEbitda": 4434000000}, {"date": "2017-10-31", "symbol": "HPE", "reportedCurrency": "USD", "cik": "0001645590", "fillingDate": "2017-12-15", "acceptedDate": "2017-12-15 16:40:03", "calendarYear": "2017", "period": "FY", "revenue": 28871000000, "costOfRevenue": 20177000000, "grossProfit": 8694000000, "grossProfitRatio": 0.3011326244, "researchAndDevelopmentExpenses": 1486000000, "generalAndAdministrativeExpenses": 5006000000, "sellingAndMarketingExpenses": 0, "sellingGeneralAndAdministrativeExpenses": 5006000000, "otherExpenses": 324000000, "operatingExpenses": 6816000000, "costAndExpenses": 26993000000, "interestIncome": 0, "interestExpense": 2954000000, "depreciationAndAmortization": 3051000000, "ebitda": 6185000000, "ebitdaratio": 0.2142288109, "operatingIncome": 625000000, "operatingIncomeRatio": 0.0216480205, "totalOtherIncomeExpensesNet": -1279000000, "incomeBeforeTax": 272000000, "incomeBeforeTaxRatio": 0.0094212185, "incomeTaxExpense": -164000000, "netIncome": 344000000, "netIncomeRatio": 0.0119150705, "eps": 0.21, "epsdiluted": 0.21, "weightedAverageShsOut": 1646000000, "weightedAverageShsOutDil": 1674000000, "link": "https://www.sec.gov/Archives/edgar/data/1645590/000162828017012383/0001628280-17-012383-index.htm", "finalLink": "https://www.sec.gov/Archives/edgar/data/1645590/000162828017012383/hpe-10312017x10k.htm", "calculatedOtherExpenses": 1577000000, "calculatedOperatingExpenses": 8069000000, "calculatedNetInterest": -2954000000, "calculatedOtherIncome": 2601000000, "calculatedIncomeNonControlling": 92000000, "calculatedEbitda": 3676000000}, {"date": "2016-10-31", "symbol": "HPE", "reportedCurrency": "USD", "cik": "0001645590", "fillingDate": "2016-12-15", "acceptedDate": "2016-12-15 17:26:55", "calendarYear": "2016", "period": "FY", "revenue": 50123000000, "costOfRevenue": 35507000000, "grossProfit": 14616000000, "grossProfitRatio": 0.2916026575, "researchAndDevelopmentExpenses": 2298000000, "generalAndAdministrativeExpenses": 7821000000, "sellingAndMarketingExpenses": 0, "sellingGeneralAndAdministrativeExpenses": 7821000000, "otherExpenses": 438000000, "operatingExpenses": 10557000000, "costAndExpenses": 46064000000, "interestIncome": 0, "interestExpense": -428000000, "depreciationAndAmortization": 3775000000, "ebitda": 7426000000, "ebitdaratio": 0.1481555374, "operatingIncome": 4150000000, "operatingIncomeRatio": 0.0827963211, "totalOtherIncomeExpensesNet": 332000000, "incomeBeforeTax": 4079000000, "incomeBeforeTaxRatio": 0.0813798057, "incomeTaxExpense": 918000000, "netIncome": 3161000000, "netIncomeRatio": 0.0630648604, "eps": 1.84, "epsdiluted": 1.82, "weightedAverageShsOut": 1715000000, "weightedAverageShsOutDil": 1739000000, "link": "https://www.sec.gov/Archives/edgar/data/1645590/000162828016022051/0001628280-16-022051-index.htm", "finalLink": "https://www.sec.gov/Archives/edgar/data/1645590/000162828016022051/hpe-10312016x10k.htm", "calculatedOtherExpenses": 347000000, "calculatedOperatingExpenses": 10466000000, "calculatedNetInterest": 428000000, "calculatedOtherIncome": -499000000, "calculatedIncomeNonControlling": 0, "calculatedEbitda": 7925000000}, {"date": "2015-10-31", "symbol": "HPE", "reportedCurrency": "USD", "cik": "0001645590", "fillingDate": "2015-12-17", "acceptedDate": "2015-12-17 17:26:45", "calendarYear": "2015", "period": "FY", "revenue": 52107000000, "costOfRevenue": 37168000000, "grossProfit": 14939000000, "grossProfitRatio": 0.2866985242, "researchAndDevelopmentExpenses": 2338000000, "generalAndAdministrativeExpenses": 8025000000, "sellingAndMarketingExpenses": 0, "sellingGeneralAndAdministrativeExpenses": 8025000000, "otherExpenses": 852000000, "operatingExpenses": 11215000000, "costAndExpenses": 48383000000, "interestIncome": 0, "interestExpense": 4455000000, "depreciationAndAmortization": 3947000000, "ebitda": 9872000000, "ebitdaratio": 0.1894563111, "operatingIncome": 1523000000, "operatingIncomeRatio": 0.0292283187, "totalOtherIncomeExpensesNet": -2201000000, "incomeBeforeTax": 1470000000, "incomeBeforeTaxRatio": 0.0282111808, "incomeTaxExpense": -991000000, "netIncome": 2461000000, "netIncomeRatio": 0.0472297388, "eps": 1.36, "epsdiluted": 1.34, "weightedAverageShsOut": 1804000000, "weightedAverageShsOutDil": 1834000000, "link": "https://www.sec.gov/Archives/edgar/data/1645590/000104746915009279/0001047469-15-009279-index.htm", "finalLink": "https://www.sec.gov/Archives/edgar/data/1645590/000104746915009279/a2226746z10-k.htm", "calculatedOtherExpenses": 3053000000, "calculatedOperatingExpenses": 13416000000, "calculatedNetInterest": -4455000000, "calculatedOtherIncome": 4402000000, "calculatedIncomeNonControlling": 0, "calculatedEbitda": 5470000000}, {"date": "2014-10-31", "symbol": "HPE", "reportedCurrency": "USD", "cik": "0001645590", "fillingDate": "2014-10-31", "acceptedDate": "2014-10-31 00:00:00", "calendarYear": "2014", "period": "FY", "revenue": 55123000000, "costOfRevenue": 39486000000, "grossProfit": 15637000000, "grossProfitRatio": 0.2836746911, "researchAndDevelopmentExpenses": 2197000000, "generalAndAdministrativeExpenses": 0, "sellingAndMarketingExpenses": 0, "sellingGeneralAndAdministrativeExpenses": 8717000000, "otherExpenses": 906000000, "operatingExpenses": 11820000000, "costAndExpenses": 51306000000, "interestIncome": 0, "interestExpense": 3055000000, "depreciationAndAmortization": 4144000000, "ebitda": 9443000000, "ebitdaratio": 0.1713078026, "operatingIncome": 2335000000, "operatingIncomeRatio": 0.0423598135, "totalOtherIncomeExpensesNet": -1482000000, "incomeBeforeTax": 2244000000, "incomeBeforeTaxRatio": 0.04070896, "incomeTaxExpense": 596000000, "netIncome": 1648000000, "netIncomeRatio": 0.0298967763, "eps": 0.92, "epsdiluted": 0.9, "weightedAverageShsOut": 1801000000, "weightedAverageShsOutDil": 1826000000, "link": null, "finalLink": null, "calculatedOtherExpenses": 2388000000, "calculatedOperatingExpenses": 13302000000, "calculatedNetInterest": -3055000000, "calculatedOtherIncome": 2964000000, "calculatedIncomeNonControlling": 0, "calculatedEbitda": 6479000000}, {"date": "2013-10-31", "symbol": "HPE", "reportedCurrency": "USD", "cik": "0001645590", "fillingDate": "2013-10-31", "acceptedDate": "2013-10-31 00:00:00", "calendarYear": "2013", "period": "FY", "revenue": 57371000000, "costOfRevenue": 41630000000, "grossProfit": 15741000000, "grossProfitRatio": 0.2743720695, "researchAndDevelopmentExpenses": 1956000000, "generalAndAdministrativeExpenses": 0, "sellingAndMarketingExpenses": 0, "sellingGeneralAndAdministrativeExpenses": 8601000000, "otherExpenses": 1228000000, "operatingExpenses": 11785000000, "costAndExpenses": 53415000000, "interestIncome": 0, "interestExpense": 2089000000, "depreciationAndAmortization": 4396000000, "ebitda": 9356000000, "ebitdaratio": 0.1630789075, "operatingIncome": 2952000000, "operatingIncomeRatio": 0.0514545676, "totalOtherIncomeExpensesNet": -1004000000, "incomeBeforeTax": 2871000000, "incomeBeforeTaxRatio": 0.0500427045, "incomeTaxExpense": 820000000, "netIncome": 2051000000, "netIncomeRatio": 0.035749769, "eps": 1.14, "epsdiluted": 1.12, "weightedAverageShsOut": 1801000000, "weightedAverageShsOutDil": 1826000000, "link": null, "finalLink": null, "calculatedOtherExpenses": 2232000000, "calculatedOperatingExpenses": 12789000000, "calculatedNetInterest": -2089000000, "calculatedOtherIncome": 2008000000, "calculatedIncomeNonControlling": 0, "calculatedEbitda": 7348000000}, {"date": "2012-10-31", "symbol": "HPE", "reportedCurrency": "USD", "cik": "0001645590", "fillingDate": "2012-10-31", "acceptedDate": "2012-10-31 00:00:00", "calendarYear": "2012", "period": "FY", "revenue": 61042000000, "costOfRevenue": 44143000000, "grossProfit": 16899000000, "grossProfitRatio": 0.2768421742, "researchAndDevelopmentExpenses": 2120000000, "generalAndAdministrativeExpenses": 0, "sellingAndMarketingExpenses": 0, "sellingGeneralAndAdministrativeExpenses": 8678000000, "otherExpenses": 1641000000, "operatingExpenses": 12439000000, "costAndExpenses": 56582000000, "interestIncome": 0, "interestExpense": 37373000000, "depreciationAndAmortization": 4858000000, "ebitda": 27917000000, "ebitdaratio": 0.4573408473, "operatingIncome": -14139000000, "operatingIncomeRatio": -0.2316274041, "totalOtherIncomeExpensesNet": -18599000000, "incomeBeforeTax": -14314000000, "incomeBeforeTaxRatio": -0.2344942826, "incomeTaxExpense": 447000000, "netIncome": -14761000000, "netIncomeRatio": -0.2418171095, "eps": -8.03, "epsdiluted": -7.9, "weightedAverageShsOut": 1839000000, "weightedAverageShsOutDil": 1869000000, "link": null, "finalLink": null, "calculatedOtherExpenses": 20240000000, "calculatedOperatingExpenses": 31038000000, "calculatedNetInterest": -37373000000, "calculatedOtherIncome": 37198000000, "calculatedIncomeNonControlling": 0, "calculatedEbitda": -9281000000}]}