{"originalCurrency": "USD", "convertedCurrency": "USD", "report": [{"date": "2023-10-31", "symbol": "HPQ", "reportedCurrency": "USD", "cik": "0000047217", "fillingDate": "2023-12-18", "acceptedDate": "2023-12-15 21:31:21", "calendarYear": "2023", "period": "FY", "revenue": 53718000000, "costOfRevenue": 42210000000, "grossProfit": 11508000000, "grossProfitRatio": 0.2142298671, "researchAndDevelopmentExpenses": 1578000000, "generalAndAdministrativeExpenses": 0, "sellingAndMarketingExpenses": 0, "sellingGeneralAndAdministrativeExpenses": 5357000000, "otherExpenses": 1117000000, "operatingExpenses": 7285000000, "costAndExpenses": 49495000000, "interestIncome": 67000000, "interestExpense": 548000000, "depreciationAndAmortization": 850000000, "ebitda": 5840000000, "ebitdaratio": 0.1087158867, "operatingIncome": 3456000000, "operatingIncomeRatio": 0.0643359768, "totalOtherIncomeExpensesNet": -767000000, "incomeBeforeTax": 2937000000, "incomeBeforeTaxRatio": 0.0546744108, "incomeTaxExpense": -326000000, "netIncome": 3263000000, "netIncomeRatio": 0.0607431401, "eps": 3.29, "epsdiluted": 3.26, "weightedAverageShsOut": 992000000, "weightedAverageShsOutDil": 1000000000, "link": "https://www.sec.gov/Archives/edgar/data/47217/000004721723000100/0000047217-23-000100-index.htm", "finalLink": "https://www.sec.gov/Archives/edgar/data/47217/000004721723000100/hpq-20231031.htm", "calculatedOtherExpenses": 1117000000, "calculatedOperatingExpenses": 8052000000, "calculatedNetInterest": -481000000, "calculatedOtherIncome": -38000000, "calculatedIncomeNonControlling": 0, "calculatedEbitda": 4306000000}, {"date": "2022-10-31", "symbol": "HPQ", "reportedCurrency": "USD", "cik": "0000047217", "fillingDate": "2022-12-06", "acceptedDate": "2022-12-06 17:03:42", "calendarYear": "2022", "period": "FY", "revenue": 62983000000, "costOfRevenue": 50648000000, "grossProfit": 12335000000, "grossProfitRatio": 0.1958464983, "researchAndDevelopmentExpenses": 1593000000, "generalAndAdministrativeExpenses": 5264000000, "sellingAndMarketingExpenses": 0, "sellingGeneralAndAdministrativeExpenses": 5264000000, "otherExpenses": 228000000, "operatingExpenses": 7085000000, "costAndExpenses": 57733000000, "interestIncome": 46000000, "interestExpense": 359000000, "depreciationAndAmortization": 1928000000, "ebitda": 6604000000, "ebitdaratio": 0.1048536907, "operatingIncome": 4676000000, "operatingIncomeRatio": 0.0742422558, "totalOtherIncomeExpensesNet": -235000000, "incomeBeforeTax": 4441000000, "incomeBeforeTaxRatio": 0.0705110903, "incomeTaxExpense": 1238000000, "netIncome": 3132000000, "netIncomeRatio": 0.0497277043, "eps": 3.02, "epsdiluted": 2.98, "weightedAverageShsOut": 1038000000, "weightedAverageShsOutDil": 1050000000, "link": "https://www.sec.gov/Archives/edgar/data/47217/000004721722000068/0000047217-22-000068-index.htm", "finalLink": "https://www.sec.gov/Archives/edgar/data/47217/000004721722000068/hpq-20221031.htm", "calculatedOtherExpenses": 802000000, "calculatedOperatingExpenses": 7659000000, "calculatedNetInterest": -313000000, "calculatedOtherIncome": 78000000, "calculatedIncomeNonControlling": 71000000, "calculatedEbitda": 6604000000}, {"date": "2021-10-31", "symbol": "HPQ", "reportedCurrency": "USD", "cik": "0000047217", "fillingDate": "2021-12-09", "acceptedDate": "2021-12-09 16:46:38", "calendarYear": "2021", "period": "FY", "revenue": 63487000000, "costOfRevenue": 50070000000, "grossProfit": 13417000000, "grossProfitRatio": 0.2113346039, "researchAndDevelopmentExpenses": 1907000000, "generalAndAdministrativeExpenses": 5704000000, "sellingAndMarketingExpenses": 37000000, "sellingGeneralAndAdministrativeExpenses": 5741000000, "otherExpenses": 154000000, "operatingExpenses": 7802000000, "costAndExpenses": 57872000000, "interestIncome": 31000000, "interestExpense": 254000000, "depreciationAndAmortization": 1411000000, "ebitda": 6713000000, "ebitdaratio": 0.1057381826, "operatingIncome": 5302000000, "operatingIncomeRatio": 0.0835131602, "totalOtherIncomeExpensesNet": 2209000000, "incomeBeforeTax": 7511000000, "incomeBeforeTaxRatio": 0.118307685, "incomeTaxExpense": 1008000000, "netIncome": 6541000000, "netIncomeRatio": 0.1030289666, "eps": 5.41, "epsdiluted": 5.36, "weightedAverageShsOut": 1208000000, "weightedAverageShsOutDil": 1220000000, "link": "https://www.sec.gov/Archives/edgar/data/47217/000004721721000060/0000047217-21-000060-index.htm", "finalLink": "https://www.sec.gov/Archives/edgar/data/47217/000004721721000060/hpq-20211031.htm", "calculatedOtherExpenses": 467000000, "calculatedOperatingExpenses": 8115000000, "calculatedNetInterest": -223000000, "calculatedOtherIncome": 2432000000, "calculatedIncomeNonControlling": -38000000, "calculatedEbitda": 6713000000}, {"date": "2020-10-31", "symbol": "HPQ", "reportedCurrency": "USD", "cik": "0000047217", "fillingDate": "2020-12-10", "acceptedDate": "2020-12-10 16:12:57", "calendarYear": "2020", "period": "FY", "revenue": 56639000000, "costOfRevenue": 46202000000, "grossProfit": 10437000000, "grossProfitRatio": 0.1842723212, "researchAndDevelopmentExpenses": 1478000000, "generalAndAdministrativeExpenses": 5120000000, "sellingAndMarketingExpenses": -214000000, "sellingGeneralAndAdministrativeExpenses": 4906000000, "otherExpenses": 113000000, "operatingExpenses": 6497000000, "costAndExpenses": 52699000000, "interestIncome": 40000000, "interestExpense": 239000000, "depreciationAndAmortization": 1745000000, "ebitda": 5207000000, "ebitdaratio": 0.0919331203, "operatingIncome": 3462000000, "operatingIncomeRatio": 0.0611239605, "totalOtherIncomeExpensesNet": -231000000, "incomeBeforeTax": 3231000000, "incomeBeforeTaxRatio": 0.0570454987, "incomeTaxExpense": 387000000, "netIncome": 2815000000, "netIncomeRatio": 0.0497007362, "eps": 2.01, "epsdiluted": 2, "weightedAverageShsOut": 1413000000, "weightedAverageShsOutDil": 1420000000, "link": "https://www.sec.gov/Archives/edgar/data/47217/000004721720000045/0000047217-20-000045-index.htm", "finalLink": "https://www.sec.gov/Archives/edgar/data/47217/000004721720000045/hpq-20201031.htm", "calculatedOtherExpenses": 591000000, "calculatedOperatingExpenses": 6975000000, "calculatedNetInterest": -199000000, "calculatedOtherIncome": -32000000, "calculatedIncomeNonControlling": 29000000, "calculatedEbitda": 5207000000}, {"date": "2019-10-31", "symbol": "HPQ", "reportedCurrency": "USD", "cik": "0000047217", "fillingDate": "2019-12-12", "acceptedDate": "2019-12-12 16:26:03", "calendarYear": "2019", "period": "FY", "revenue": 58756000000, "costOfRevenue": 47586000000, "grossProfit": 11170000000, "grossProfitRatio": 0.1901082443, "researchAndDevelopmentExpenses": 1499000000, "generalAndAdministrativeExpenses": 0, "sellingAndMarketingExpenses": 0, "sellingGeneralAndAdministrativeExpenses": 5368000000, "otherExpenses": 116000000, "operatingExpenses": 6983000000, "costAndExpenses": 54569000000, "interestIncome": 80000000, "interestExpense": 242000000, "depreciationAndAmortization": 1364000000, "ebitda": 5241000000, "ebitdaratio": 0.0891994009, "operatingIncome": 3877000000, "operatingIncomeRatio": 0.0659847505, "totalOtherIncomeExpensesNet": -1354000000, "incomeBeforeTax": 2523000000, "incomeBeforeTaxRatio": 0.0429402955, "incomeTaxExpense": -629000000, "netIncome": 3152000000, "netIncomeRatio": 0.0536455851, "eps": 2.08, "epsdiluted": 2.07, "weightedAverageShsOut": 1515000000, "weightedAverageShsOutDil": 1524000000, "link": "https://www.sec.gov/Archives/edgar/data/47217/000004721719000071/0000047217-19-000071-index.htm", "finalLink": "https://www.sec.gov/Archives/edgar/data/47217/000004721719000071/hp-103119x10k.htm", "calculatedOtherExpenses": 426000000, "calculatedOperatingExpenses": 7293000000, "calculatedNetInterest": -162000000, "calculatedOtherIncome": -1192000000, "calculatedIncomeNonControlling": 0, "calculatedEbitda": 5241000000}, {"date": "2018-10-31", "symbol": "HPQ", "reportedCurrency": "USD", "cik": "0000047217", "fillingDate": "2018-12-13", "acceptedDate": "2018-12-13 16:07:39", "calendarYear": "2018", "period": "FY", "revenue": 58472000000, "costOfRevenue": 47803000000, "grossProfit": 10669000000, "grossProfitRatio": 0.1824634013, "researchAndDevelopmentExpenses": 1404000000, "generalAndAdministrativeExpenses": 4859000000, "sellingAndMarketingExpenses": 7000000, "sellingGeneralAndAdministrativeExpenses": 4866000000, "otherExpenses": 80000000, "operatingExpenses": 6350000000, "costAndExpenses": 54153000000, "interestIncome": 0, "interestExpense": 312000000, "depreciationAndAmortization": 1038000000, "ebitda": 5102000000, "ebitdaratio": 0.0872554385, "operatingIncome": 4064000000, "operatingIncomeRatio": 0.069503352, "totalOtherIncomeExpensesNet": -1051000000, "incomeBeforeTax": 3013000000, "incomeBeforeTaxRatio": 0.0515289369, "incomeTaxExpense": -2314000000, "netIncome": 5327000000, "netIncomeRatio": 0.0911034341, "eps": 3.3, "epsdiluted": 3.26, "weightedAverageShsOut": 1615000000, "weightedAverageShsOutDil": 1634000000, "link": "https://www.sec.gov/Archives/edgar/data/47217/000004721718000052/0000047217-18-000052-index.htm", "finalLink": "https://www.sec.gov/Archives/edgar/data/47217/000004721718000052/hp-103118x10k.htm", "calculatedOtherExpenses": 335000000, "calculatedOperatingExpenses": 6605000000, "calculatedNetInterest": -312000000, "calculatedOtherIncome": -739000000, "calculatedIncomeNonControlling": 0, "calculatedEbitda": 5102000000}, {"date": "2017-10-31", "symbol": "HPQ", "reportedCurrency": "USD", "cik": "0000047217", "fillingDate": "2017-12-14", "acceptedDate": "2017-12-14 16:27:00", "calendarYear": "2017", "period": "FY", "revenue": 52056000000, "costOfRevenue": 42478000000, "grossProfit": 9578000000, "grossProfitRatio": 0.1839941601, "researchAndDevelopmentExpenses": 1190000000, "generalAndAdministrativeExpenses": 4376000000, "sellingAndMarketingExpenses": 0, "sellingGeneralAndAdministrativeExpenses": 4376000000, "otherExpenses": 1000000, "operatingExpenses": 5567000000, "costAndExpenses": 48045000000, "interestIncome": 0, "interestExpense": 309000000, "depreciationAndAmortization": 1338000000, "ebitda": 4857000000, "ebitdaratio": 0.0933033656, "operatingIncome": 3519000000, "operatingIncomeRatio": 0.0676002766, "totalOtherIncomeExpensesNet": -243000000, "incomeBeforeTax": 3276000000, "incomeBeforeTaxRatio": 0.0629322268, "incomeTaxExpense": 750000000, "netIncome": 2526000000, "netIncomeRatio": 0.0485246657, "eps": 1.5, "epsdiluted": 1.48, "weightedAverageShsOut": 1688000000, "weightedAverageShsOutDil": 1702000000, "link": "https://www.sec.gov/Archives/edgar/data/47217/000004721717000043/0000047217-17-000043-index.htm", "finalLink": "https://www.sec.gov/Archives/edgar/data/47217/000004721717000043/hp-103117x10k1.htm", "calculatedOtherExpenses": 493000000, "calculatedOperatingExpenses": 6059000000, "calculatedNetInterest": -309000000, "calculatedOtherIncome": 66000000, "calculatedIncomeNonControlling": 0, "calculatedEbitda": 4857000000}, {"date": "2016-10-31", "symbol": "HPQ", "reportedCurrency": "USD", "cik": "0000047217", "fillingDate": "2016-12-15", "acceptedDate": "2016-12-15 16:44:36", "calendarYear": "2016", "period": "FY", "revenue": 48238000000, "costOfRevenue": 39240000000, "grossProfit": 8998000000, "grossProfitRatio": 0.1865334384, "researchAndDevelopmentExpenses": 1209000000, "generalAndAdministrativeExpenses": 3840000000, "sellingAndMarketingExpenses": 0, "sellingGeneralAndAdministrativeExpenses": 3840000000, "otherExpenses": 16000000, "operatingExpenses": 5065000000, "costAndExpenses": 44305000000, "interestIncome": 0, "interestExpense": 0, "depreciationAndAmortization": 1100000000, "ebitda": 4649000000, "ebitdaratio": 0.0963763008, "operatingIncome": 3549000000, "operatingIncomeRatio": 0.073572702, "totalOtherIncomeExpensesNet": 212000000, "incomeBeforeTax": 3761000000, "incomeBeforeTaxRatio": 0.0779675774, "incomeTaxExpense": 1095000000, "netIncome": 2496000000, "netIncomeRatio": 0.0517434388, "eps": 1.44, "epsdiluted": 1.43, "weightedAverageShsOut": 1730000000, "weightedAverageShsOutDil": 1743000000, "link": "https://www.sec.gov/Archives/edgar/data/47217/000004721716000093/0000047217-16-000093-index.htm", "finalLink": "https://www.sec.gov/Archives/edgar/data/47217/000004721716000093/hp-103116x10k1.htm", "calculatedOtherExpenses": 400000000, "calculatedOperatingExpenses": 5449000000, "calculatedNetInterest": 0, "calculatedOtherIncome": 212000000, "calculatedIncomeNonControlling": 170000000, "calculatedEbitda": 4649000000}, {"date": "2015-10-31", "symbol": "HPQ", "reportedCurrency": "USD", "cik": "0000047217", "fillingDate": "2015-12-16", "acceptedDate": "2015-12-16 17:25:42", "calendarYear": "2015", "period": "FY", "revenue": 51463000000, "costOfRevenue": 41524000000, "grossProfit": 9939000000, "grossProfitRatio": 0.1931290442, "researchAndDevelopmentExpenses": 1191000000, "generalAndAdministrativeExpenses": 4720000000, "sellingAndMarketingExpenses": 0, "sellingGeneralAndAdministrativeExpenses": 4720000000, "otherExpenses": 102000000, "operatingExpenses": 6013000000, "costAndExpenses": 47537000000, "interestIncome": 0, "interestExpense": 0, "depreciationAndAmortization": 4073000000, "ebitda": 7993000000, "ebitdaratio": 0.1553154694, "operatingIncome": 3920000000, "operatingIncomeRatio": 0.0761712298, "totalOtherIncomeExpensesNet": -388000000, "incomeBeforeTax": 3532000000, "incomeBeforeTaxRatio": 0.0686318326, "incomeTaxExpense": -186000000, "netIncome": 4554000000, "netIncomeRatio": 0.0884907604, "eps": 2.51, "epsdiluted": 2.48, "weightedAverageShsOut": 1814000000, "weightedAverageShsOutDil": 1836000000, "link": "https://www.sec.gov/Archives/edgar/data/47217/000104746915009251/0001047469-15-009251-index.htm", "finalLink": "https://www.sec.gov/Archives/edgar/data/47217/000104746915009251/a2226745z10-k.htm", "calculatedOtherExpenses": 108000000, "calculatedOperatingExpenses": 6019000000, "calculatedNetInterest": 0, "calculatedOtherIncome": -388000000, "calculatedIncomeNonControlling": -836000000, "calculatedEbitda": 7993000000}, {"date": "2014-10-31", "symbol": "HPQ", "reportedCurrency": "USD", "cik": "0000047217", "fillingDate": "2014-12-18", "acceptedDate": "2014-12-17 19:07:33", "calendarYear": "2014", "period": "FY", "revenue": 111454000000, "costOfRevenue": 84839000000, "grossProfit": 26615000000, "grossProfitRatio": 0.2387980692, "researchAndDevelopmentExpenses": 3447000000, "generalAndAdministrativeExpenses": 13353000000, "sellingAndMarketingExpenses": 0, "sellingGeneralAndAdministrativeExpenses": 13353000000, "otherExpenses": 1000000000, "operatingExpenses": 17800000000, "costAndExpenses": 102639000000, "interestIncome": 0, "interestExpense": 0, "depreciationAndAmortization": 4334000000, "ebitda": 14779000000, "ebitdaratio": 0.1326017909, "operatingIncome": 8815000000, "operatingIncomeRatio": 0.0790909254, "totalOtherIncomeExpensesNet": -3888000000, "incomeBeforeTax": 6557000000, "incomeBeforeTaxRatio": 0.0588314462, "incomeTaxExpense": 1544000000, "netIncome": 5013000000, "netIncomeRatio": 0.0449781973, "eps": 2.66, "epsdiluted": 2.62, "weightedAverageShsOut": 1882000000, "weightedAverageShsOutDil": 1912000000, "link": "https://www.sec.gov/Archives/edgar/data/47217/000104746914009977/0001047469-14-009977-index.htm", "finalLink": "https://www.sec.gov/Archives/edgar/data/47217/000104746914009977/a2222365z10-k.htm", "calculatedOtherExpenses": 1000000000, "calculatedOperatingExpenses": 17800000000, "calculatedNetInterest": 0, "calculatedOtherIncome": -2258000000, "calculatedIncomeNonControlling": 0, "calculatedEbitda": 13149000000}, {"date": "2013-10-31", "symbol": "HPQ", "reportedCurrency": "USD", "cik": "0000047217", "fillingDate": "2013-12-30", "acceptedDate": "2013-12-27 21:39:08", "calendarYear": "2013", "period": "FY", "revenue": 112298000000, "costOfRevenue": 86380000000, "grossProfit": 25918000000, "grossProfitRatio": 0.2307966304, "researchAndDevelopmentExpenses": 3135000000, "generalAndAdministrativeExpenses": 13267000000, "sellingAndMarketingExpenses": 0, "sellingGeneralAndAdministrativeExpenses": 13267000000, "otherExpenses": 1373000000, "operatingExpenses": 17775000000, "costAndExpenses": 104155000000, "interestIncome": 0, "interestExpense": 0, "depreciationAndAmortization": 6635000000, "ebitda": 13766000000, "ebitdaratio": 0.1225845518, "operatingIncome": 7131000000, "operatingIncomeRatio": 0.0635006857, "totalOtherIncomeExpensesNet": -621000000, "incomeBeforeTax": 6510000000, "incomeBeforeTaxRatio": 0.0579707564, "incomeTaxExpense": 1397000000, "netIncome": 5113000000, "netIncomeRatio": 0.0455306417, "eps": 2.64, "epsdiluted": 2.62, "weightedAverageShsOut": 1934000000, "weightedAverageShsOutDil": 1950000000, "link": "https://www.sec.gov/Archives/edgar/data/47217/000104746913011417/0001047469-13-011417-index.htm", "finalLink": "https://www.sec.gov/Archives/edgar/data/47217/000104746913011417/a2217554z10-k.htm", "calculatedOtherExpenses": 2385000000, "calculatedOperatingExpenses": 18787000000, "calculatedNetInterest": 0, "calculatedOtherIncome": -621000000, "calculatedIncomeNonControlling": 0, "calculatedEbitda": 13766000000}, {"date": "2012-10-31", "symbol": "HPQ", "reportedCurrency": "USD", "cik": "0000047217", "fillingDate": "2012-12-27", "acceptedDate": "2012-12-27 16:55:25", "calendarYear": "2012", "period": "FY", "revenue": 120357000000, "costOfRevenue": 92385000000, "grossProfit": 27972000000, "grossProfitRatio": 0.2324085845, "researchAndDevelopmentExpenses": 3399000000, "generalAndAdministrativeExpenses": 13500000000, "sellingAndMarketingExpenses": 0, "sellingGeneralAndAdministrativeExpenses": 13500000000, "otherExpenses": 1784000000, "operatingExpenses": 18683000000, "costAndExpenses": 111068000000, "interestIncome": 0, "interestExpense": 0, "depreciationAndAmortization": 5095000000, "ebitda": 34730000000, "ebitdaratio": 0.288558206, "operatingIncome": 29635000000, "operatingIncomeRatio": 0.2462258115, "totalOtherIncomeExpensesNet": -41568000000, "incomeBeforeTax": -11933000000, "incomeBeforeTaxRatio": -0.0991467052, "incomeTaxExpense": 717000000, "netIncome": -12650000000, "netIncomeRatio": -0.1051039823, "eps": -6.41, "epsdiluted": -6.41, "weightedAverageShsOut": 1973478939, "weightedAverageShsOutDil": 1974000000, "link": "https://www.sec.gov/Archives/edgar/data/47217/000104746912011417/0001047469-12-011417-index.htm", "finalLink": "https://www.sec.gov/Archives/edgar/data/47217/000104746912011417/a2211959z10-k.htm", "calculatedOtherExpenses": -18562000000, "calculatedOperatingExpenses": -1663000000, "calculatedNetInterest": 0, "calculatedOtherIncome": -41568000000, "calculatedIncomeNonControlling": 0, "calculatedEbitda": 34730000000}, {"date": "2011-10-31", "symbol": "HPQ", "reportedCurrency": "USD", "cik": "0000047217", "fillingDate": "2011-12-14", "acceptedDate": "2011-12-14 17:26:45", "calendarYear": "2011", "period": "FY", "revenue": 127245000000, "costOfRevenue": 97529000000, "grossProfit": 29716000000, "grossProfitRatio": 0.2335337341, "researchAndDevelopmentExpenses": 3254000000, "generalAndAdministrativeExpenses": 13466000000, "sellingAndMarketingExpenses": 0, "sellingGeneralAndAdministrativeExpenses": 13466000000, "otherExpenses": 1607000000, "operatingExpenses": 18327000000, "costAndExpenses": 115856000000, "interestIncome": 0, "interestExpense": 695000000, "depreciationAndAmortization": 6696000000, "ebitda": 16373000000, "ebitdaratio": 0.1286730323, "operatingIncome": 9677000000, "operatingIncomeRatio": 0.0760501395, "totalOtherIncomeExpensesNet": -695000000, "incomeBeforeTax": 8982000000, "incomeBeforeTaxRatio": 0.0705882353, "incomeTaxExpense": 1908000000, "netIncome": 7074000000, "netIncomeRatio": 0.05559354, "eps": 3.38, "epsdiluted": 3.32, "weightedAverageShsOut": 2094000000, "weightedAverageShsOutDil": 2128000000, "link": "https://www.sec.gov/Archives/edgar/data/47217/000104746911010094/0001047469-11-010094-index.htm", "finalLink": "https://www.sec.gov/Archives/edgar/data/47217/000104746911010094/a2206500z10-k.htm", "calculatedOtherExpenses": 3319000000, "calculatedOperatingExpenses": 20039000000, "calculatedNetInterest": -695000000, "calculatedOtherIncome": 0, "calculatedIncomeNonControlling": 0, "calculatedEbitda": 16373000000}, {"date": "2010-10-31", "symbol": "HPQ", "reportedCurrency": "USD", "cik": "0000047217", "fillingDate": "2010-12-15", "acceptedDate": "2010-12-15 17:28:03", "calendarYear": "2010", "period": "FY", "revenue": 126033000000, "costOfRevenue": 96089000000, "grossProfit": 29944000000, "grossProfitRatio": 0.2375885681, "researchAndDevelopmentExpenses": 2959000000, "generalAndAdministrativeExpenses": 12585000000, "sellingAndMarketingExpenses": 0, "sellingGeneralAndAdministrativeExpenses": 12585000000, "otherExpenses": 1484000000, "operatingExpenses": 17028000000, "costAndExpenses": 113117000000, "interestIncome": 0, "interestExpense": 505000000, "depreciationAndAmortization": 6257000000, "ebitda": 17736000000, "ebitdaratio": 0.1407250482, "operatingIncome": 11479000000, "operatingIncomeRatio": 0.0910793205, "totalOtherIncomeExpensesNet": -505000000, "incomeBeforeTax": 10974000000, "incomeBeforeTaxRatio": 0.0870724334, "incomeTaxExpense": 2213000000, "netIncome": 8761000000, "netIncomeRatio": 0.0695135401, "eps": 3.78, "epsdiluted": 3.69, "weightedAverageShsOut": 2319000000, "weightedAverageShsOutDil": 2372000000, "link": "https://www.sec.gov/Archives/edgar/data/47217/000104746910010444/0001047469-10-010444-index.htm", "finalLink": "https://www.sec.gov/Archives/edgar/data/47217/000104746910010444/a2201180z10-k.htm", "calculatedOtherExpenses": 2921000000, "calculatedOperatingExpenses": 18465000000, "calculatedNetInterest": -505000000, "calculatedOtherIncome": 0, "calculatedIncomeNonControlling": 0, "calculatedEbitda": 17736000000}, {"date": "2009-10-31", "symbol": "HPQ", "reportedCurrency": "USD", "cik": "0000047217", "fillingDate": "2009-12-17", "acceptedDate": "2009-12-17 17:23:54", "calendarYear": "2009", "period": "FY", "revenue": 114552000000, "costOfRevenue": 87524000000, "grossProfit": 27028000000, "grossProfitRatio": 0.2359452476, "researchAndDevelopmentExpenses": 2819000000, "generalAndAdministrativeExpenses": 11613000000, "sellingAndMarketingExpenses": 0, "sellingGeneralAndAdministrativeExpenses": 11613000000, "otherExpenses": 1571000000, "operatingExpenses": 16003000000, "costAndExpenses": 103527000000, "interestIncome": 0, "interestExpense": 0, "depreciationAndAmortization": 6551000000, "ebitda": 16687000000, "ebitdaratio": 0.1456718346, "operatingIncome": 10136000000, "operatingIncomeRatio": 0.0884838327, "totalOtherIncomeExpensesNet": -721000000, "incomeBeforeTax": 9415000000, "incomeBeforeTaxRatio": 0.0821897479, "incomeTaxExpense": 1755000000, "netIncome": 7660000000, "netIncomeRatio": 0.0668691948, "eps": 3.21, "epsdiluted": 3.14, "weightedAverageShsOut": 2388000000, "weightedAverageShsOutDil": 2437000000, "link": "https://www.sec.gov/Archives/edgar/data/47217/000104746909010806/0001047469-09-010806-index.htm", "finalLink": "https://www.sec.gov/Archives/edgar/data/47217/000104746909010806/a2195472z10-k.htm", "calculatedOtherExpenses": 2460000000, "calculatedOperatingExpenses": 16892000000, "calculatedNetInterest": 0, "calculatedOtherIncome": -721000000, "calculatedIncomeNonControlling": 0, "calculatedEbitda": 16687000000}, {"date": "2008-10-31", "symbol": "HPQ", "reportedCurrency": "USD", "cik": "0000047217", "fillingDate": "2008-12-18", "acceptedDate": "2008-12-17 21:57:13", "calendarYear": "2008", "period": "FY", "revenue": 118364000000, "costOfRevenue": 89454000000, "grossProfit": 28910000000, "grossProfitRatio": 0.2442465615, "researchAndDevelopmentExpenses": 3543000000, "generalAndAdministrativeExpenses": 13104000000, "sellingAndMarketingExpenses": 0, "sellingGeneralAndAdministrativeExpenses": 13104000000, "otherExpenses": 1434000000, "operatingExpenses": 18081000000, "costAndExpenses": 107535000000, "interestIncome": 0, "interestExpense": 0, "depreciationAndAmortization": 4068000000, "ebitda": 14541000000, "ebitdaratio": 0.122849853, "operatingIncome": 10473000000, "operatingIncomeRatio": 0.088481295, "totalOtherIncomeExpensesNet": -356000000, "incomeBeforeTax": 10473000000, "incomeBeforeTaxRatio": 0.088481295, "incomeTaxExpense": 2144000000, "netIncome": 8329000000, "netIncomeRatio": 0.0703676794, "eps": 3.35, "epsdiluted": 3.25, "weightedAverageShsOut": 2483000000, "weightedAverageShsOutDil": 2567000000, "link": "https://www.sec.gov/Archives/edgar/data/47217/000104746908013240/0001047469-08-013240-index.htm", "finalLink": "https://www.sec.gov/Archives/edgar/data/47217/000104746908013240/a2189375z10-k.htm", "calculatedOtherExpenses": 1790000000, "calculatedOperatingExpenses": 18437000000, "calculatedNetInterest": 0, "calculatedOtherIncome": 0, "calculatedIncomeNonControlling": 0, "calculatedEbitda": 14541000000}, {"date": "2007-10-31", "symbol": "HPQ", "reportedCurrency": "USD", "cik": "0000047217", "fillingDate": "2007-12-18", "acceptedDate": "2007-12-18 17:28:37", "calendarYear": "2007", "period": "FY", "revenue": 104286000000, "costOfRevenue": 78887000000, "grossProfit": 25399000000, "grossProfitRatio": 0.2435513875, "researchAndDevelopmentExpenses": 3611000000, "generalAndAdministrativeExpenses": 12226000000, "sellingAndMarketingExpenses": 0, "sellingGeneralAndAdministrativeExpenses": 12226000000, "otherExpenses": 266000000, "operatingExpenses": 16103000000, "costAndExpenses": 94990000000, "interestIncome": 0, "interestExpense": 0, "depreciationAndAmortization": 3328000000, "ebitda": 12047000000, "ebitdaratio": 0.1155188616, "operatingIncome": 8719000000, "operatingIncomeRatio": 0.0836066203, "totalOtherIncomeExpensesNet": 458000000, "incomeBeforeTax": 9177000000, "incomeBeforeTaxRatio": 0.087998389, "incomeTaxExpense": 1913000000, "netIncome": 7264000000, "netIncomeRatio": 0.0696546037, "eps": 2.76, "epsdiluted": 2.68, "weightedAverageShsOut": 2630000000, "weightedAverageShsOutDil": 2716000000, "link": "https://www.sec.gov/Archives/edgar/data/47217/000104746907010151/0001047469-07-010151-index.htm", "finalLink": "https://www.sec.gov/Archives/edgar/data/47217/000104746907010151/a2181429z10-k.htm", "calculatedOtherExpenses": 843000000, "calculatedOperatingExpenses": 16680000000, "calculatedNetInterest": 0, "calculatedOtherIncome": 458000000, "calculatedIncomeNonControlling": 0, "calculatedEbitda": 12047000000}, {"date": "2006-10-31", "symbol": "HPQ", "reportedCurrency": "USD", "cik": "0000047217", "fillingDate": "2006-12-22", "acceptedDate": "2006-12-22 16:55:42", "calendarYear": "2006", "period": "FY", "revenue": 91658000000, "costOfRevenue": 69427000000, "grossProfit": 22231000000, "grossProfitRatio": 0.2425429313, "researchAndDevelopmentExpenses": 3591000000, "generalAndAdministrativeExpenses": 11266000000, "sellingAndMarketingExpenses": 0, "sellingGeneralAndAdministrativeExpenses": 11266000000, "otherExpenses": 604000000, "operatingExpenses": 15461000000, "costAndExpenses": 84888000000, "interestIncome": 0, "interestExpense": 0, "depreciationAndAmortization": 2748000000, "ebitda": 9308000000, "ebitdaratio": 0.1015514194, "operatingIncome": 6560000000, "operatingIncomeRatio": 0.071570403, "totalOtherIncomeExpensesNet": 631000000, "incomeBeforeTax": 7191000000, "incomeBeforeTaxRatio": 0.0784546903, "incomeTaxExpense": 993000000, "netIncome": 6198000000, "netIncomeRatio": 0.0676209387, "eps": 2.23, "epsdiluted": 2.18, "weightedAverageShsOut": 2782000000, "weightedAverageShsOutDil": 2852000000, "link": "https://www.sec.gov/Archives/edgar/data/47217/000104746906015253/0001047469-06-015253-index.htm", "finalLink": "https://www.sec.gov/Archives/edgar/data/47217/000104746906015253/a2174889z10-k.htm", "calculatedOtherExpenses": 814000000, "calculatedOperatingExpenses": 15671000000, "calculatedNetInterest": 0, "calculatedOtherIncome": 631000000, "calculatedIncomeNonControlling": 0, "calculatedEbitda": 9308000000}, {"date": "2005-10-31", "symbol": "HPQ", "reportedCurrency": "USD", "cik": "0000047217", "fillingDate": "2005-12-21", "acceptedDate": "2005-12-20 18:43:27", "calendarYear": "2005", "period": "FY", "revenue": 86696000000, "costOfRevenue": 66440000000, "grossProfit": 20256000000, "grossProfitRatio": 0.2336439974, "researchAndDevelopmentExpenses": 3490000000, "generalAndAdministrativeExpenses": 11184000000, "sellingAndMarketingExpenses": 0, "sellingGeneralAndAdministrativeExpenses": 11184000000, "otherExpenses": 423000000, "operatingExpenses": 15097000000, "costAndExpenses": 81537000000, "interestIncome": 0, "interestExpense": 0, "depreciationAndAmortization": 2344000000, "ebitda": 9109000000, "ebitdaratio": 0.1050682846, "operatingIncome": 6765000000, "operatingIncomeRatio": 0.0780312817, "totalOtherIncomeExpensesNet": -3222000000, "incomeBeforeTax": 3543000000, "incomeBeforeTaxRatio": 0.0408669373, "incomeTaxExpense": 1145000000, "netIncome": 2398000000, "netIncomeRatio": 0.027659869, "eps": 0.83, "epsdiluted": 0.82, "weightedAverageShsOut": 2879000000, "weightedAverageShsOutDil": 2909000000, "link": "https://www.sec.gov/Archives/edgar/data/47217/000104746905028479/0001047469-05-028479-index.htm", "finalLink": "https://www.sec.gov/Archives/edgar/data/47217/000104746905028479/a2165549z10-k.htm", "calculatedOtherExpenses": -1183000000, "calculatedOperatingExpenses": 13491000000, "calculatedNetInterest": 0, "calculatedOtherIncome": -3222000000, "calculatedIncomeNonControlling": 0, "calculatedEbitda": 9109000000}, {"date": "2004-10-31", "symbol": "HPQ", "reportedCurrency": "USD", "cik": "0000047217", "fillingDate": "2005-01-14", "acceptedDate": "2005-01-14 16:49:57", "calendarYear": "2004", "period": "FY", "revenue": 79905000000, "costOfRevenue": 60340000000, "grossProfit": 19565000000, "grossProfitRatio": 0.2448532633, "researchAndDevelopmentExpenses": 3506000000, "generalAndAdministrativeExpenses": 11024000000, "sellingAndMarketingExpenses": 0, "sellingGeneralAndAdministrativeExpenses": 11024000000, "otherExpenses": 603000000, "operatingExpenses": 15133000000, "costAndExpenses": 75473000000, "interestIncome": 0, "interestExpense": 0, "depreciationAndAmortization": 2871000000, "ebitda": 7098000000, "ebitdaratio": 0.0888304862, "operatingIncome": 4227000000, "operatingIncomeRatio": 0.0529003191, "totalOtherIncomeExpensesNet": -31000000, "incomeBeforeTax": 4196000000, "incomeBeforeTaxRatio": 0.0525123584, "incomeTaxExpense": 699000000, "netIncome": 3497000000, "netIncomeRatio": 0.0437644703, "eps": 1.16, "epsdiluted": 1.15, "weightedAverageShsOut": 3024000000, "weightedAverageShsOutDil": 3055000000, "link": "https://www.sec.gov/Archives/edgar/data/47217/000104746905000929/0001047469-05-000929-index.htm", "finalLink": "https://www.sec.gov/Archives/edgar/data/47217/000104746905000929/a2148694z10-k.htm", "calculatedOtherExpenses": 808000000, "calculatedOperatingExpenses": 15338000000, "calculatedNetInterest": 0, "calculatedOtherIncome": -31000000, "calculatedIncomeNonControlling": 0, "calculatedEbitda": 7098000000}, {"date": "2003-10-31", "symbol": "HPQ", "reportedCurrency": "USD", "cik": "0000047217", "fillingDate": "2004-01-20", "acceptedDate": "2004-01-16 19:34:55", "calendarYear": "2003", "period": "FY", "revenue": 73061000000, "costOfRevenue": 53857000000, "grossProfit": 19204000000, "grossProfitRatio": 0.2628488523, "researchAndDevelopmentExpenses": 3652000000, "generalAndAdministrativeExpenses": 11012000000, "sellingAndMarketingExpenses": 0, "sellingGeneralAndAdministrativeExpenses": 11012000000, "otherExpenses": 563000000, "operatingExpenses": 15227000000, "costAndExpenses": 69084000000, "interestIncome": 0, "interestExpense": 0, "depreciationAndAmortization": 2527000000, "ebitda": 7614000000, "ebitdaratio": 0.1042142867, "operatingIncome": 5087000000, "operatingIncomeRatio": 0.0696267502, "totalOtherIncomeExpensesNet": -2199000000, "incomeBeforeTax": 2888000000, "incomeBeforeTaxRatio": 0.0395286131, "incomeTaxExpense": 349000000, "netIncome": 2539000000, "netIncomeRatio": 0.0347517828, "eps": 0.83, "epsdiluted": 0.83, "weightedAverageShsOut": 3047000000, "weightedAverageShsOutDil": 3063000000, "link": "https://www.sec.gov/Archives/edgar/data/47217/000104746904001113/0001047469-04-001113-index.htm", "finalLink": "https://www.sec.gov/Archives/edgar/data/47217/000104746904001113/a2125373z10-k.htm", "calculatedOtherExpenses": -547000000, "calculatedOperatingExpenses": 14117000000, "calculatedNetInterest": 0, "calculatedOtherIncome": -2199000000, "calculatedIncomeNonControlling": 0, "calculatedEbitda": 7614000000}, {"date": "2002-10-31", "symbol": "HPQ", "reportedCurrency": "USD", "cik": "0000047217", "fillingDate": "2003-01-21", "acceptedDate": "2003-01-21 17:26:08", "calendarYear": "2002", "period": "FY", "revenue": 56588000000, "costOfRevenue": 41579000000, "grossProfit": 15009000000, "grossProfitRatio": 0.2652329116, "researchAndDevelopmentExpenses": 3312000000, "generalAndAdministrativeExpenses": 9033000000, "sellingAndMarketingExpenses": 0, "sellingGeneralAndAdministrativeExpenses": 9033000000, "otherExpenses": 402000000, "operatingExpenses": 12747000000, "costAndExpenses": 54326000000, "interestIncome": 0, "interestExpense": 0, "depreciationAndAmortization": 2119000000, "ebitda": 7747000000, "ebitdaratio": 0.1369018166, "operatingIncome": 5628000000, "operatingIncomeRatio": 0.099455715, "totalOtherIncomeExpensesNet": -6680000000, "incomeBeforeTax": -1052000000, "incomeBeforeTaxRatio": -0.0185905139, "incomeTaxExpense": -129000000, "netIncome": -923000000, "netIncomeRatio": -0.0163108786, "eps": -0.37, "epsdiluted": -0.37, "weightedAverageShsOut": 2499000000, "weightedAverageShsOutDil": 2499000000, "link": "https://www.sec.gov/Archives/edgar/data/47217/000104746903002015/0001047469-03-002015-index.htm", "finalLink": "https://www.sec.gov/Archives/edgar/data/47217/000104746903002015/a2096381z10-k.htm", "calculatedOtherExpenses": -2964000000, "calculatedOperatingExpenses": 9381000000, "calculatedNetInterest": 0, "calculatedOtherIncome": -6680000000, "calculatedIncomeNonControlling": 0, "calculatedEbitda": 7747000000}, {"date": "2001-10-31", "symbol": "HPQ", "reportedCurrency": "USD", "cik": "0000047217", "fillingDate": "2002-01-29", "acceptedDate": "2002-01-29 00:00:00", "calendarYear": "2001", "period": "FY", "revenue": 45226000000, "costOfRevenue": 33474000000, "grossProfit": 11752000000, "grossProfitRatio": 0.2598505285, "researchAndDevelopmentExpenses": 2670000000, "generalAndAdministrativeExpenses": 7259000000, "sellingAndMarketingExpenses": 0, "sellingGeneralAndAdministrativeExpenses": 7259000000, "otherExpenses": 0, "operatingExpenses": 9929000000, "costAndExpenses": 43403000000, "interestIncome": 0, "interestExpense": 0, "depreciationAndAmortization": 1369000000, "ebitda": 4484000000, "ebitdaratio": 0.0991465086, "operatingIncome": 3115000000, "operatingIncomeRatio": 0.0688763101, "totalOtherIncomeExpensesNet": -2413000000, "incomeBeforeTax": 702000000, "incomeBeforeTaxRatio": 0.0155220448, "incomeTaxExpense": 78000000, "netIncome": 624000000, "netIncomeRatio": 0.0137973732, "eps": 0.32, "epsdiluted": 0.32, "weightedAverageShsOut": 1936000000, "weightedAverageShsOutDil": 1974000000, "link": "https://www.sec.gov/Archives/edgar/data/47217/000101287002000299/0001012870-02-000299-index.htm", "finalLink": "https://www.sec.gov/Archives/edgar/data/47217/000101287002000299/d10k.txt", "calculatedOtherExpenses": -1292000000, "calculatedOperatingExpenses": 8637000000, "calculatedNetInterest": 0, "calculatedOtherIncome": -2413000000, "calculatedIncomeNonControlling": 0, "calculatedEbitda": 4484000000}, {"date": "2000-10-31", "symbol": "HPQ", "reportedCurrency": "USD", "cik": "0000047217", "fillingDate": "2001-01-25", "acceptedDate": "2001-01-25 00:00:00", "calendarYear": "2000", "period": "FY", "revenue": 48782000000, "costOfRevenue": 34864000000, "grossProfit": 13918000000, "grossProfitRatio": 0.2853101554, "researchAndDevelopmentExpenses": 2646000000, "generalAndAdministrativeExpenses": 7383000000, "sellingAndMarketingExpenses": 0, "sellingGeneralAndAdministrativeExpenses": 7383000000, "otherExpenses": 0, "operatingExpenses": 10029000000, "costAndExpenses": 44893000000, "interestIncome": 0, "interestExpense": 0, "depreciationAndAmortization": 1368000000, "ebitda": 5257000000, "ebitdaratio": 0.1077651593, "operatingIncome": 3889000000, "operatingIncomeRatio": 0.0797220286, "totalOtherIncomeExpensesNet": 736000000, "incomeBeforeTax": 4625000000, "incomeBeforeTaxRatio": 0.0948095609, "incomeTaxExpense": 1064000000, "netIncome": 3697000000, "netIncomeRatio": 0.0757861506, "eps": 1.87, "epsdiluted": 1.8, "weightedAverageShsOut": 1979000000, "weightedAverageShsOutDil": 2077000000, "link": "https://www.sec.gov/Archives/edgar/data/47217/000091205701002796/0000912057-01-002796-index.htm", "finalLink": "https://www.sec.gov/Archives/edgar/data/47217/000091205701002796/a2032630z10-k.txt", "calculatedOtherExpenses": 0, "calculatedOperatingExpenses": 10029000000, "calculatedNetInterest": 0, "calculatedOtherIncome": 736000000, "calculatedIncomeNonControlling": -136000000, "calculatedEbitda": 5257000000}, {"date": "1999-10-31", "symbol": "HPQ", "reportedCurrency": "USD", "cik": "0000047217", "fillingDate": "2000-01-27", "acceptedDate": "2000-01-27 00:00:00", "calendarYear": "1999", "period": "FY", "revenue": 42370000000, "costOfRevenue": 29720000000, "grossProfit": 12650000000, "grossProfitRatio": 0.2985603021, "researchAndDevelopmentExpenses": 2440000000, "generalAndAdministrativeExpenses": 6522000000, "sellingAndMarketingExpenses": 0, "sellingGeneralAndAdministrativeExpenses": 6522000000, "otherExpenses": 0, "operatingExpenses": 8962000000, "costAndExpenses": 38682000000, "interestIncome": 0, "interestExpense": 0, "depreciationAndAmortization": 1316000000, "ebitda": 5004000000, "ebitdaratio": 0.118102431, "operatingIncome": 3688000000, "operatingIncomeRatio": 0.0870427189, "totalOtherIncomeExpensesNet": 506000000, "incomeBeforeTax": 4194000000, "incomeBeforeTaxRatio": 0.098985131, "incomeTaxExpense": 1090000000, "netIncome": 3491000000, "netIncomeRatio": 0.0823932027, "eps": 1.73, "epsdiluted": 1.67, "weightedAverageShsOut": 2018000000, "weightedAverageShsOutDil": 2105000000, "link": "https://www.sec.gov/Archives/edgar/data/47217/000091205700002692/0000912057-00-002692-index.html", "finalLink": "https://www.sec.gov/Archives/edgar/data/47217/000091205700002692/", "calculatedOtherExpenses": 0, "calculatedOperatingExpenses": 8962000000, "calculatedNetInterest": 0, "calculatedOtherIncome": 506000000, "calculatedIncomeNonControlling": -387000000, "calculatedEbitda": 5004000000}, {"date": "1998-10-31", "symbol": "HPQ", "reportedCurrency": "USD", "cik": "0000047217", "fillingDate": "1999-01-15", "acceptedDate": "1999-01-15 00:00:00", "calendarYear": "1998", "period": "FY", "revenue": 47061000000, "costOfRevenue": 32072000000, "grossProfit": 14989000000, "grossProfitRatio": 0.3185015193, "researchAndDevelopmentExpenses": 3355000000, "generalAndAdministrativeExpenses": 7793000000, "sellingAndMarketingExpenses": 0, "sellingGeneralAndAdministrativeExpenses": 7793000000, "otherExpenses": 0, "operatingExpenses": 11148000000, "costAndExpenses": 43220000000, "interestIncome": 0, "interestExpense": 0, "depreciationAndAmortization": 1869000000, "ebitda": 5710000000, "ebitdaratio": 0.1213318884, "operatingIncome": 3841000000, "operatingIncomeRatio": 0.0816174752, "totalOtherIncomeExpensesNet": 250000000, "incomeBeforeTax": 4091000000, "incomeBeforeTaxRatio": 0.0869297295, "incomeTaxExpense": 1146000000, "netIncome": 2945000000, "netIncomeRatio": 0.0625783558, "eps": 1.43, "epsdiluted": 1.39, "weightedAverageShsOut": 2068000000, "weightedAverageShsOutDil": 2144000000, "link": "https://www.sec.gov/Archives/edgar/data/47217/000104746999001318/0001047469-99-001318-index.html", "finalLink": "https://www.sec.gov/Archives/edgar/data/47217/", "calculatedOtherExpenses": 0, "calculatedOperatingExpenses": 11148000000, "calculatedNetInterest": 0, "calculatedOtherIncome": 250000000, "calculatedIncomeNonControlling": 0, "calculatedEbitda": 5710000000}, {"date": "1997-10-31", "symbol": "HPQ", "reportedCurrency": "USD", "cik": "0000047217", "fillingDate": "1998-01-27", "acceptedDate": "1998-01-27 00:00:00", "calendarYear": "1997", "period": "FY", "revenue": 42895000000, "costOfRevenue": 28319000000, "grossProfit": 14576000000, "grossProfitRatio": 0.3398065043, "researchAndDevelopmentExpenses": 3078000000, "generalAndAdministrativeExpenses": 7159000000, "sellingAndMarketingExpenses": 0, "sellingGeneralAndAdministrativeExpenses": 7159000000, "otherExpenses": 0, "operatingExpenses": 10237000000, "costAndExpenses": 38556000000, "interestIncome": 0, "interestExpense": 0, "depreciationAndAmortization": 1556000000, "ebitda": 5895000000, "ebitdaratio": 0.1374286047, "operatingIncome": 4339000000, "operatingIncomeRatio": 0.1011539807, "totalOtherIncomeExpensesNet": 116000000, "incomeBeforeTax": 4455000000, "incomeBeforeTaxRatio": 0.1038582585, "incomeTaxExpense": 1336000000, "netIncome": 3119000000, "netIncomeRatio": 0.0727124373, "eps": 1.53, "epsdiluted": 1.48, "weightedAverageShsOut": 2052000000, "weightedAverageShsOutDil": 2114000000, "link": "https://www.sec.gov/Archives/edgar/data/47217/000089161898000244/0000891618-98-000244-index.html", "finalLink": "https://www.sec.gov/Archives/edgar/data/47217/", "calculatedOtherExpenses": 0, "calculatedOperatingExpenses": 10237000000, "calculatedNetInterest": 0, "calculatedOtherIncome": 116000000, "calculatedIncomeNonControlling": 0, "calculatedEbitda": 5895000000}, {"date": "1996-10-31", "symbol": "HPQ", "reportedCurrency": "USD", "cik": "0000047217", "fillingDate": "1997-01-29", "acceptedDate": "1997-01-29 00:00:00", "calendarYear": "1996", "period": "FY", "revenue": 38420000000, "costOfRevenue": 25499000000, "grossProfit": 12921000000, "grossProfitRatio": 0.336309214, "researchAndDevelopmentExpenses": 2718000000, "generalAndAdministrativeExpenses": 6477000000, "sellingAndMarketingExpenses": 0, "sellingGeneralAndAdministrativeExpenses": 6477000000, "otherExpenses": 0, "operatingExpenses": 9195000000, "costAndExpenses": 34694000000, "interestIncome": 0, "interestExpense": 0, "depreciationAndAmortization": 1297000000, "ebitda": 5023000000, "ebitdaratio": 0.1307391983, "operatingIncome": 3726000000, "operatingIncomeRatio": 0.0969807392, "totalOtherIncomeExpensesNet": -32000000, "incomeBeforeTax": 3694000000, "incomeBeforeTaxRatio": 0.0961478397, "incomeTaxExpense": 1108000000, "netIncome": 2586000000, "netIncomeRatio": 0.0673086934, "eps": 1.27, "epsdiluted": 1.23, "weightedAverageShsOut": 2104000000, "weightedAverageShsOutDil": 2104000000, "link": "https://www.sec.gov/Archives/edgar/data/47217/000089161897000198/0000891618-97-000198-index.html", "finalLink": "https://www.sec.gov/Archives/edgar/data/47217/", "calculatedOtherExpenses": 0, "calculatedOperatingExpenses": 9195000000, "calculatedNetInterest": 0, "calculatedOtherIncome": -32000000, "calculatedIncomeNonControlling": 0, "calculatedEbitda": 5023000000}, {"date": "1995-10-31", "symbol": "HPQ", "reportedCurrency": "USD", "cik": "0000047217", "fillingDate": "1996-01-29", "acceptedDate": "1996-01-29 00:00:00", "calendarYear": "1995", "period": "FY", "revenue": 31519000000, "costOfRevenue": 20014000000, "grossProfit": 11505000000, "grossProfitRatio": 0.3650179257, "researchAndDevelopmentExpenses": 2302000000, "generalAndAdministrativeExpenses": 5635000000, "sellingAndMarketingExpenses": 0, "sellingGeneralAndAdministrativeExpenses": 5635000000, "otherExpenses": 0, "operatingExpenses": 7937000000, "costAndExpenses": 27951000000, "interestIncome": 0, "interestExpense": 0, "depreciationAndAmortization": 1139000000, "ebitda": 4707000000, "ebitdaratio": 0.1493384942, "operatingIncome": 3568000000, "operatingIncomeRatio": 0.113201561, "totalOtherIncomeExpensesNet": 64000000, "incomeBeforeTax": 3632000000, "incomeBeforeTaxRatio": 0.1152320822, "incomeTaxExpense": 1199000000, "netIncome": 2433000000, "netIncomeRatio": 0.0771915353, "eps": 1.16, "epsdiluted": 1.16, "weightedAverageShsOut": 2104000000, "weightedAverageShsOutDil": 2104000000, "link": "https://www.sec.gov/Archives/edgar/data/47217/000089843096000245/0000898430-96-000245-index.html", "finalLink": "https://www.sec.gov/Archives/edgar/data/47217/", "calculatedOtherExpenses": 0, "calculatedOperatingExpenses": 7937000000, "calculatedNetInterest": 0, "calculatedOtherIncome": 64000000, "calculatedIncomeNonControlling": 0, "calculatedEbitda": 4707000000}, {"date": "1994-10-31", "symbol": "HPQ", "reportedCurrency": "USD", "cik": "0000047217", "fillingDate": "1995-01-27", "acceptedDate": "1995-01-27 00:00:00", "calendarYear": "1994", "period": "FY", "revenue": 24991000000, "costOfRevenue": 15490000000, "grossProfit": 9501000000, "grossProfitRatio": 0.3801768637, "researchAndDevelopmentExpenses": 2027000000, "generalAndAdministrativeExpenses": 4925000000, "sellingAndMarketingExpenses": 0, "sellingGeneralAndAdministrativeExpenses": 4925000000, "otherExpenses": 0, "operatingExpenses": 6952000000, "costAndExpenses": 22442000000, "interestIncome": 0, "interestExpense": 0, "depreciationAndAmortization": 1006000000, "ebitda": 3555000000, "ebitdaratio": 0.1422512104, "operatingIncome": 2549000000, "operatingIncomeRatio": 0.1019967188, "totalOtherIncomeExpensesNet": -126000000, "incomeBeforeTax": 2423000000, "incomeBeforeTaxRatio": 0.0969549038, "incomeTaxExpense": 824000000, "netIncome": 1599000000, "netIncomeRatio": 0.0639830339, "eps": 0.77, "epsdiluted": 0.77, "weightedAverageShsOut": 2083387622, "weightedAverageShsOutDil": 2083387622, "link": "https://www.sec.gov/Archives/edgar/data/47217/000089161895000009/0000891618-95-000009-index.html", "finalLink": "https://www.sec.gov/Archives/edgar/data/47217/", "calculatedOtherExpenses": 0, "calculatedOperatingExpenses": 6952000000, "calculatedNetInterest": 0, "calculatedOtherIncome": -126000000, "calculatedIncomeNonControlling": 0, "calculatedEbitda": 3555000000}, {"date": "1993-10-31", "symbol": "HPQ", "reportedCurrency": "USD", "cik": "0000047217", "fillingDate": "1994-01-28", "acceptedDate": "1994-01-28 00:00:00", "calendarYear": "1993", "period": "FY", "revenue": 20317000000, "costOfRevenue": 8083000000, "grossProfit": 12234000000, "grossProfitRatio": 0.6021558301, "researchAndDevelopmentExpenses": 0, "generalAndAdministrativeExpenses": 0, "sellingAndMarketingExpenses": 0, "sellingGeneralAndAdministrativeExpenses": 9509000000, "otherExpenses": 846000000, "operatingExpenses": 10355000000, "costAndExpenses": 18438000000, "interestIncome": 0, "interestExpense": 0, "depreciationAndAmortization": 821000000, "ebitda": 2700000000, "ebitdaratio": 0.1328936359, "operatingIncome": 1879000000, "operatingIncomeRatio": 0.0924841266, "totalOtherIncomeExpensesNet": -96000000, "incomeBeforeTax": 1783000000, "incomeBeforeTaxRatio": 0.0877590195, "incomeTaxExpense": 606000000, "netIncome": 1177000000, "netIncomeRatio": 0.0579317813, "eps": 0.59, "epsdiluted": 0.59, "weightedAverageShsOut": 2024000000, "weightedAverageShsOutDil": 2024000000, "link": "https://www.sec.gov/Archives/edgar/data/47217/000089924394000006/0000899243-94-000006-index.html", "finalLink": "https://www.sec.gov/Archives/edgar/data/47217/", "calculatedOtherExpenses": 846000000, "calculatedOperatingExpenses": 10355000000, "calculatedNetInterest": 0, "calculatedOtherIncome": -96000000, "calculatedIncomeNonControlling": 0, "calculatedEbitda": 2700000000}, {"date": "1992-10-31", "symbol": "HPQ", "reportedCurrency": "USD", "cik": "0000047217", "fillingDate": "1992-10-31", "acceptedDate": "1992-10-31 00:00:00", "calendarYear": "1992", "period": "FY", "revenue": 16410000000, "costOfRevenue": 8485000000, "grossProfit": 7925000000, "grossProfitRatio": 0.4829372334, "researchAndDevelopmentExpenses": 0, "generalAndAdministrativeExpenses": 0, "sellingAndMarketingExpenses": 0, "sellingGeneralAndAdministrativeExpenses": 5848000000, "otherExpenses": 673000000, "operatingExpenses": 6521000000, "costAndExpenses": 15006000000, "interestIncome": 0, "interestExpense": 0, "depreciationAndAmortization": 656000000, "ebitda": 2060000000, "ebitdaratio": 0.1255332115, "operatingIncome": 1404000000, "operatingIncomeRatio": 0.0855575868, "totalOtherIncomeExpensesNet": -79000000, "incomeBeforeTax": 1325000000, "incomeBeforeTaxRatio": 0.0807434491, "incomeTaxExpense": 444000000, "netIncome": 881000000, "netIncomeRatio": 0.0536867764, "eps": 0.44, "epsdiluted": 0.44, "weightedAverageShsOut": 2006592000, "weightedAverageShsOutDil": 2006592000, "link": null, "finalLink": null, "calculatedOtherExpenses": 673000000, "calculatedOperatingExpenses": 6521000000, "calculatedNetInterest": 0, "calculatedOtherIncome": -79000000, "calculatedIncomeNonControlling": 0, "calculatedEbitda": 2060000000}, {"date": "1991-10-31", "symbol": "HPQ", "reportedCurrency": "USD", "cik": "0000047217", "fillingDate": "1991-10-31", "acceptedDate": "1991-10-31 00:00:00", "calendarYear": "1991", "period": "FY", "revenue": 14494000000, "costOfRevenue": 7234000000, "grossProfit": 7260000000, "grossProfitRatio": 0.5008969229, "researchAndDevelopmentExpenses": 0, "generalAndAdministrativeExpenses": 0, "sellingAndMarketingExpenses": 0, "sellingGeneralAndAdministrativeExpenses": 5426000000, "otherExpenses": 624000000, "operatingExpenses": 6050000000, "costAndExpenses": 13284000000, "interestIncome": 0, "interestExpense": 0, "depreciationAndAmortization": 577000000, "ebitda": 1787000000, "ebitdaratio": 0.1232923969, "operatingIncome": 1210000000, "operatingIncomeRatio": 0.0834828205, "totalOtherIncomeExpensesNet": -83000000, "incomeBeforeTax": 1127000000, "incomeBeforeTaxRatio": 0.077756313, "incomeTaxExpense": 372000000, "netIncome": 755000000, "netIncomeRatio": 0.0520905202, "eps": 0.38, "epsdiluted": 0.38, "weightedAverageShsOut": 1986842105, "weightedAverageShsOutDil": 1986842105, "link": null, "finalLink": null, "calculatedOtherExpenses": 624000000, "calculatedOperatingExpenses": 6050000000, "calculatedNetInterest": 0, "calculatedOtherIncome": -83000000, "calculatedIncomeNonControlling": 0, "calculatedEbitda": 1787000000}, {"date": "1990-10-31", "symbol": "HPQ", "reportedCurrency": "USD", "cik": "0000047217", "fillingDate": "1990-10-31", "acceptedDate": "1990-10-31 00:00:00", "calendarYear": "1990", "period": "FY", "revenue": 13233000000, "costOfRevenue": 6427000000, "grossProfit": 6806000000, "grossProfitRatio": 0.51432026, "researchAndDevelopmentExpenses": 0, "generalAndAdministrativeExpenses": 0, "sellingAndMarketingExpenses": 0, "sellingGeneralAndAdministrativeExpenses": 5078000000, "otherExpenses": 566000000, "operatingExpenses": 5644000000, "costAndExpenses": 12071000000, "interestIncome": 0, "interestExpense": 0, "depreciationAndAmortization": 500000000, "ebitda": 1662000000, "ebitdaratio": 0.1255951032, "operatingIncome": 1162000000, "operatingIncomeRatio": 0.0878107761, "totalOtherIncomeExpensesNet": -106000000, "incomeBeforeTax": 1056000000, "incomeBeforeTaxRatio": 0.0798004988, "incomeTaxExpense": 317000000, "netIncome": 739000000, "netIncomeRatio": 0.0558452354, "eps": 0.39, "epsdiluted": 0.39, "weightedAverageShsOut": 1894871795, "weightedAverageShsOutDil": 1894871795, "link": null, "finalLink": null, "calculatedOtherExpenses": 566000000, "calculatedOperatingExpenses": 5644000000, "calculatedNetInterest": 0, "calculatedOtherIncome": -106000000, "calculatedIncomeNonControlling": 0, "calculatedEbitda": 1662000000}, {"date": "1989-10-31", "symbol": "HPQ", "reportedCurrency": "USD", "cik": "0000047217", "fillingDate": "1989-10-31", "acceptedDate": "1989-10-31 00:00:00", "calendarYear": "1989", "period": "FY", "revenue": 11899000000, "costOfRevenue": 5629000000, "grossProfit": 6270000000, "grossProfitRatio": 0.5269350366, "researchAndDevelopmentExpenses": 0, "generalAndAdministrativeExpenses": 0, "sellingAndMarketingExpenses": 0, "sellingGeneralAndAdministrativeExpenses": 4596000000, "otherExpenses": 462000000, "operatingExpenses": 5058000000, "costAndExpenses": 10687000000, "interestIncome": 0, "interestExpense": 0, "depreciationAndAmortization": 397000000, "ebitda": 1609000000, "ebitdaratio": 0.1352214472, "operatingIncome": 1212000000, "operatingIncomeRatio": 0.1018572989, "totalOtherIncomeExpensesNet": -61000000, "incomeBeforeTax": 1151000000, "incomeBeforeTaxRatio": 0.0967308177, "incomeTaxExpense": 322000000, "netIncome": 829000000, "netIncomeRatio": 0.0696697201, "eps": 0.44, "epsdiluted": 0.44, "weightedAverageShsOut": 1884090909, "weightedAverageShsOutDil": 1884090909, "link": null, "finalLink": null, "calculatedOtherExpenses": 462000000, "calculatedOperatingExpenses": 5058000000, "calculatedNetInterest": 0, "calculatedOtherIncome": -61000000, "calculatedIncomeNonControlling": 0, "calculatedEbitda": 1609000000}, {"date": "1988-10-31", "symbol": "HPQ", "reportedCurrency": "USD", "cik": "0000047217", "fillingDate": "1988-10-31", "acceptedDate": "1988-10-31 00:00:00", "calendarYear": "1988", "period": "FY", "revenue": 9831000000, "costOfRevenue": 4359000000, "grossProfit": 5472000000, "grossProfitRatio": 0.5566066524, "researchAndDevelopmentExpenses": 0, "generalAndAdministrativeExpenses": 0, "sellingAndMarketingExpenses": 0, "sellingGeneralAndAdministrativeExpenses": 3957000000, "otherExpenses": 373000000, "operatingExpenses": 4330000000, "costAndExpenses": 8689000000, "interestIncome": 0, "interestExpense": 0, "depreciationAndAmortization": 373000000, "ebitda": 1515000000, "ebitdaratio": 0.1541043637, "operatingIncome": 1142000000, "operatingIncomeRatio": 0.1161631574, "totalOtherIncomeExpensesNet": 0, "incomeBeforeTax": 1142000000, "incomeBeforeTaxRatio": 0.1161631574, "incomeTaxExpense": 326000000, "netIncome": 816000000, "netIncomeRatio": 0.0830027464, "eps": 0.42, "epsdiluted": 0.42, "weightedAverageShsOut": 1942857143, "weightedAverageShsOutDil": 1942857143, "link": null, "finalLink": null, "calculatedOtherExpenses": 373000000, "calculatedOperatingExpenses": 4330000000, "calculatedNetInterest": 0, "calculatedOtherIncome": 0, "calculatedIncomeNonControlling": 0, "calculatedEbitda": 1515000000}, {"date": "1987-10-31", "symbol": "HPQ", "reportedCurrency": "USD", "cik": "0000047217", "fillingDate": "1987-10-31", "acceptedDate": "1987-10-31 00:00:00", "calendarYear": "1987", "period": "FY", "revenue": 8090000000, "costOfRevenue": 3443000000, "grossProfit": 4647000000, "grossProfitRatio": 0.5744128554, "researchAndDevelopmentExpenses": 0, "generalAndAdministrativeExpenses": 0, "sellingAndMarketingExpenses": 0, "sellingGeneralAndAdministrativeExpenses": 3343000000, "otherExpenses": 342000000, "operatingExpenses": 3685000000, "costAndExpenses": 7128000000, "interestIncome": 0, "interestExpense": 0, "depreciationAndAmortization": 342000000, "ebitda": 1304000000, "ebitdaratio": 0.1611866502, "operatingIncome": 962000000, "operatingIncomeRatio": 0.1189122373, "totalOtherIncomeExpensesNet": 0, "incomeBeforeTax": 962000000, "incomeBeforeTaxRatio": 0.1189122373, "incomeTaxExpense": 318000000, "netIncome": 644000000, "netIncomeRatio": 0.0796044499, "eps": 0.32, "epsdiluted": 0.32, "weightedAverageShsOut": 2012500000, "weightedAverageShsOutDil": 2012500000, "link": null, "finalLink": null, "calculatedOtherExpenses": 342000000, "calculatedOperatingExpenses": 3685000000, "calculatedNetInterest": 0, "calculatedOtherIncome": 0, "calculatedIncomeNonControlling": 0, "calculatedEbitda": 1304000000}, {"date": "1986-10-31", "symbol": "HPQ", "reportedCurrency": "USD", "cik": "0000047217", "fillingDate": "1986-10-31", "acceptedDate": "1986-10-31 00:00:00", "calendarYear": "1986", "period": "FY", "revenue": 7102000000, "costOfRevenue": 3032000000, "grossProfit": 4070000000, "grossProfitRatio": 0.5730780062, "researchAndDevelopmentExpenses": 0, "generalAndAdministrativeExpenses": 0, "sellingAndMarketingExpenses": 0, "sellingGeneralAndAdministrativeExpenses": 2969000000, "otherExpenses": 321000000, "operatingExpenses": 3290000000, "costAndExpenses": 6322000000, "interestIncome": 0, "interestExpense": 0, "depreciationAndAmortization": 321000000, "ebitda": 1101000000, "ebitdaratio": 0.155026753, "operatingIncome": 780000000, "operatingIncomeRatio": 0.1098282174, "totalOtherIncomeExpensesNet": 0, "incomeBeforeTax": 780000000, "incomeBeforeTaxRatio": 0.1098282174, "incomeTaxExpense": 264000000, "netIncome": 516000000, "netIncomeRatio": 0.07265559, "eps": 0.26, "epsdiluted": 0.26, "weightedAverageShsOut": 1984615385, "weightedAverageShsOutDil": 1984615385, "link": null, "finalLink": null, "calculatedOtherExpenses": 321000000, "calculatedOperatingExpenses": 3290000000, "calculatedNetInterest": 0, "calculatedOtherIncome": 0, "calculatedIncomeNonControlling": 0, "calculatedEbitda": 1101000000}, {"date": "1985-10-31", "symbol": "HPQ", "reportedCurrency": "USD", "cik": "0000047217", "fillingDate": "1985-10-31", "acceptedDate": "1985-10-31 00:00:00", "calendarYear": "1985", "period": "FY", "revenue": 6505000000, "costOfRevenue": 2867000000, "grossProfit": 3638000000, "grossProfitRatio": 0.5592621061, "researchAndDevelopmentExpenses": 0, "generalAndAdministrativeExpenses": 0, "sellingAndMarketingExpenses": 0, "sellingGeneralAndAdministrativeExpenses": 2581000000, "otherExpenses": 299000000, "operatingExpenses": 2880000000, "costAndExpenses": 5747000000, "interestIncome": 0, "interestExpense": 0, "depreciationAndAmortization": 299000000, "ebitda": 1057000000, "ebitdaratio": 0.162490392, "operatingIncome": 758000000, "operatingIncomeRatio": 0.1165257494, "totalOtherIncomeExpensesNet": 0, "incomeBeforeTax": 758000000, "incomeBeforeTaxRatio": 0.1165257494, "incomeTaxExpense": 269000000, "netIncome": 489000000, "netIncomeRatio": 0.0751729439, "eps": 0.24, "epsdiluted": 0.24, "weightedAverageShsOut": 2037500000, "weightedAverageShsOutDil": 2037500000, "link": null, "finalLink": null, "calculatedOtherExpenses": 299000000, "calculatedOperatingExpenses": 2880000000, "calculatedNetInterest": 0, "calculatedOtherIncome": 0, "calculatedIncomeNonControlling": 0, "calculatedEbitda": 1057000000}]}